{"path_per_floor":["M","M","M","M","$","R","E","M","T","?","R","?","?","M","R","B",null,"M","?","$","$","M","R","M","M","T","?","M","R","M","M","R","B",null,"M","$","M","?","?","R","?","?","T","M","R","$","R","M","R","B"],"character_chosen":"THE_SILENT","items_purchased":["Footwork","Outmaneuver","Gremlin Horn"],"gold_per_floor":[112,130,143,154,73,73,108,119,119,119,119,119,119,137,137,239,239,256,181,61,61,79,79,99,111,162,77,94,94,107,126,126,227,257,275,30,47,47,47,47,0,0,0,19,19,19,19,19,19,19],"floor_reached":51,"campfire_rested":0,"playtime":18126,"item_purchase_floors":[5,20,36],"current_hp_per_floor":[67,67,67,67,67,67,67,68,68,68,68,65,65,67,67,41,70,70,70,70,70,70,70,70,66,66,66,66,66,68,70,70,70,75,75,75,75,75,75,75,75,75,75,75,75,75,75,75,75,11],"items_purged":["Strike_G"],"gold":19,"score":766,"play_id":"7feef051-f176-44d0-86b6-067d9d465506","local_time":"20180603165705","is_prod":false,"is_daily":false,"chose_seed":false,"is_ascension_mode":true,"campfire_upgraded":10,"win_rate":0,"timestamp":1528070225,"campfire_choices":[{"data":"Noxious Fumes","floor":6,"key":"SMITH"},{"data":"Footwork","floor":11,"key":"SMITH"},{"data":"Well Laid Plans","floor":15,"key":"SMITH"},{"data":"Outmaneuver","floor":23,"key":"SMITH"},{"data":"Adrenaline","floor":29,"key":"SMITH"},{"data":"Neutralize","floor":32,"key":"SMITH"},{"data":"Acrobatics","floor":40,"key":"SMITH"},{"data":"Burst","floor":45,"key":"SMITH"},{"data":"Deflect","floor":47,"key":"SMITH"},{"data":"Deadly Poison","floor":49,"key":"SMITH"}],"path_taken":["M","M","M","M","$","R","E","M","T","?","R","?","?","?","R","BOSS","M","?","?","$","M","R","M","M","T","?","?","R","M","?","R","BOSS","M","$","M","?","?","R","?","?","T","M","R","?","R","?","R","BOSS"],"build_version":"2018-05-31","seed_source_timestamp":738830833934,"purchased_purges":1,"victory":true,"master_deck":["Defend_G","Defend_G","Defend_G","Defend_G","Defend_G","Strike_G","Strike_G","Survivor","Neutralize+1","Noxious Fumes+1","Backflip+1","Well Laid Plans+1","Footwork+1","Deadly Poison+1","Acrobatics+1","Adrenaline+1","Escape Plan+1","Outmaneuver+1","Backflip","Leg Sweep","Deflect+1","Burst+1"],"max_hp_per_floor":[70,70,70,70,70,70,70,70,70,70,70,70,70,70,70,70,70,70,70,70,70,70,70,70,70,70,70,70,70,70,70,70,70,75,75,75,75,75,75,75,75,75,75,75,75,75,75,75,75,75],"relics":["Ring of the Snake","Blood Vial","Question Card","Ancient Tea Set","Sozu","Bronze Scales","Calipers","Tiny House","Gremlin Horn","Red Mask","Toolbox"],"card_choices":[{"not_picked":["Prepared","Deadly Poison"],"picked":"Noxious Fumes","floor":1},{"not_picked":["Sucker Punch","Prepared"],"picked":"Backflip","floor":2},{"not_picked":["Bouncing Flask","Acrobatics"],"picked":"Well Laid Plans","floor":3},{"not_picked":["Caltrops","PiercingWail","Slice"],"picked":"SKIP","floor":4},{"not_picked":["Bane","Dagger Throw"],"picked":"Deadly Poison","floor":7},{"not_picked":["Cloak And Dagger","Storm of Steel"],"picked":"Flying Knee","floor":8},{"not_picked":["Prepared","Dagger Spray","Dodge and Roll"],"picked":"Acrobatics","floor":14},{"not_picked":["Phantasmal Killer","Wraith Form v2","Unload"],"picked":"Adrenaline","floor":16},{"not_picked":["Heel Hook+1","Acrobatics+1","Deadly Poison"],"picked":"Escape Plan+1","floor":18},{"not_picked":["Acrobatics","Well Laid Plans","Outmaneuver"],"picked":"Backflip","floor":22},{"not_picked":["Slice","Storm of Steel","Acrobatics","Bane"],"picked":"SKIP","floor":24},{"not_picked":["Poisoned Stab+1","Prepared+1","Caltrops"],"picked":"Leg Sweep","floor":25},{"not_picked":["Underhanded Strike","Poisoned Stab","Cloak And Dagger","Backflip"],"picked":"SKIP","floor":28},{"not_picked":["Eviscerate","Leg Sweep+1","Skewer","PiercingWail+1"],"picked":"SKIP","floor":30},{"not_picked":["Predator","Prepared","Bullet Time","Acrobatics+1"],"picked":"SKIP","floor":31},{"not_picked":["Prepared","Cloak And Dagger+1","Distraction","Dash"],"picked":"SKIP","floor":35},{"not_picked":["Calculated Gamble+1","Acrobatics","Riddle With Holes"],"picked":"Deflect","floor":37},{"not_picked":["Blade Dance","Terror+1","Backflip+1"],"picked":"Burst","floor":44}],"player_experience":319513,"potions_floor_usage":[4,48],"damage_taken":[{"damage":3,"enemies":"2 Louse","floor":1,"turns":5},{"damage":0,"enemies":"Jaw Worm","floor":2,"turns":5},{"damage":0,"enemies":"Small Slimes","floor":3,"turns":5},{"damage":0,"enemies":"Gremlin Gang","floor":4,"turns":2},{"damage":0,"enemies":"Lagavulin","floor":7,"turns":9},{"damage":1,"enemies":"Exordium Wildlife","floor":8,"turns":5},{"damage":0,"enemies":"Large Slime","floor":14,"turns":6},{"damage":28,"enemies":"Slime Boss","floor":16,"turns":12},{"damage":0,"enemies":"Shell Parasite","floor":18,"turns":6},{"damage":0,"enemies":"Spheric Guardian","floor":22,"turns":5},{"damage":0,"enemies":"Snake Plant","floor":24,"turns":5},{"damage":4,"enemies":"Snecko","floor":25,"turns":7},{"damage":2,"enemies":"Centurion and Healer","floor":28,"turns":8},{"damage":0,"enemies":"Sentry and Sphere","floor":30,"turns":6},{"damage":0,"enemies":"Chosen and Byrds","floor":31,"turns":5},{"damage":0,"enemies":"Automaton","floor":33,"turns":10},{"damage":0,"enemies":"Orb Walker","floor":35,"turns":5},{"damage":0,"enemies":"3 Shapes","floor":37,"turns":6},{"damage":0,"enemies":"Maw","floor":44,"turns":10},{"damage":0,"enemies":"Sphere and 2 Shapes","floor":48,"turns":1},{"damage":64,"enemies":"Time Eater","floor":50,"turns":16}],"relics_obtained":[{"floor":7,"key":"Blood Vial"},{"floor":9,"key":"Question Card"},{"floor":26,"key":"Bronze Scales"},{"floor":43,"key":"Toolbox"}],"event_choices":[{"event_name":"Golden Idol","player_choice":"Ignored","floor":10,"damage_taken":0},{"event_name":"Scrap Ooze","player_choice":"success","floor":12,"damage_taken":3},{"event_name":"The Lab","player_choice":"Got Potions","floor":13,"damage_taken":0},{"event_name":"Beggar","player_choice":"Gave Gold","floor":19,"damage_taken":0},{"event_name":"Addict","player_choice":"Obtained Relic","floor":27,"damage_taken":0},{"event_name":"SecretPortal","player_choice":"Rejected Portal.","floor":38,"damage_taken":0},{"event_name":"Match and Keep!","player_choice":"0 cards matched","floor":39,"damage_taken":0},{"event_name":"Tomb of Lord Red Mask","player_choice":"Paid","floor":41,"damage_taken":0}],"boss_relics":[{"not_picked":["Philosopher\u0027s Stone","Lizard Tail"],"picked":"Sozu"},{"not_picked":["Black Star","Orrery"],"picked":"Tiny House"}],"items_purged_floors":[20],"potions_floor_spawned":[2,3,7,25,31,33,44],"seed_played":"-9078000485253371156","ascension_level":2,"potions_obtained":[{"floor":2,"key":"FearPotion"},{"floor":3,"key":"Explosive Potion"},{"floor":7,"key":"AttackPotion"},{"floor":13,"key":"FairyPotion"},{"floor":13,"key":"SmokeBomb"}],"is_trial":false}