{"gold_per_floor":[213,213,61,75,75,108,108,143,143,156,156,176,176,211,211,316,316,333,333,351,362,381,381],"floor_reached":23,"playtime":104532,"items_purged":["Strike_R"],"score":278,"play_id":"36d0be9f-d7a1-4647-9c6c-2c331ba45ec6","local_time":"20190809235722","is_ascension_mode":true,"campfire_choices":[{"data":"Metallicize","floor":7,"key":"SMITH"},{"floor":11,"key":"REST"},{"floor":13,"key":"REST"},{"floor":15,"key":"REST"}],"neow_cost":"NONE","seed_source_timestamp":864437543857682,"circlet_count":0,"master_deck":["Strike_R","Strike_R","Strike_R","Defend_R","Defend_R","Defend_R","Defend_R","Bash","Fire Breathing+1","Metallicize+1","Sentinel","Thunderclap","Iron Wave","Shrug It Off","Berserk","Headbutt","Demon Form","Dropkick","Flame Barrier+1","Pommel Strike+1"],"special_seed":0,"relics":["Burning Blood","Pear","Lantern","Peace Pipe","Omamori","Fusion Hammer"],"potions_floor_usage":[6],"damage_taken":[{"damage":7.0,"enemies":"Jaw Worm","floor":1.0,"turns":5.0},{"damage":4,"enemies":"Small Slimes","floor":4,"turns":4},{"damage":31,"enemies":"Gremlin Nob","floor":6,"turns":5},{"damage":55,"enemies":"Lagavulin","floor":8,"turns":8},{"damage":0,"enemies":"Cultist","floor":10,"turns":4},{"damage":13,"enemies":"Large Slime","floor":12,"turns":12},{"damage":24,"enemies":"3 Sentries","floor":14,"turns":8},{"damage":82,"enemies":"The Guardian","floor":16,"turns":19},{"damage":17,"enemies":"Chosen","floor":18,"turns":6},{"damage":39,"enemies":"Spheric Guardian","floor":20,"turns":8},{"damage":30,"enemies":"Chosen and Byrds","floor":21,"turns":6},{"damage":14,"enemies":"Snecko","floor":22,"turns":5},{"damage":22,"enemies":"Sentry and Sphere","floor":23,"turns":6}],"seed_played":"-4494218503091668984","potions_obtained":[{"floor":1.0,"key":"Swift Potion"},{"floor":4,"key":"SteroidPotion"},{"floor":14,"key":"SteroidPotion"},{"floor":18,"key":"Energy Potion"}],"is_trial":false,"path_per_floor":["M","?","$","M","?","E","R","E","T","M","R","M","R","E","R","B",null,"M","?","M","M","M","M"],"character_chosen":"IRONCLAD","items_purchased":["Metallicize"],"campfire_rested":3,"item_purchase_floors":[3],"current_hp_per_floor":[79,79,79,80,85,70,70,21,21,27,55,48,76,58,86,10,95,84,84,51,27,19,0],"gold":381,"neow_bonus":"HUNDRED_GOLD","is_prod":false,"is_daily":false,"chose_seed":false,"campfire_upgraded":1,"win_rate":0,"timestamp":1565420242,"path_taken":["M","?","$","M","?","E","R","E","T","M","R","M","R","E","R","BOSS","M","?","M","?","M","M"],"build_version":"2019-07-17","purchased_purges":1,"victory":false,"max_hp_per_floor":[80,80,80,80,85,95,95,95,95,95,95,95,95,95,95,95,95,95,95,95,95,95,95],"card_choices":[{"not_picked":["Uppercut","Headbutt"],"picked":"Fire Breathing","floor":1.0},{"not_picked":["Twin Strike","Anger"],"picked":"Sentinel","floor":4},{"not_picked":["Iron Wave","Intimidate"],"picked":"Thunderclap","floor":6},{"not_picked":["Body Slam","Twin Strike"],"picked":"Iron Wave","floor":8},{"not_picked":["Burning Pact","Sentinel"],"picked":"Shrug It Off","floor":10},{"not_picked":["Flex","Anger"],"picked":"Berserk","floor":12},{"not_picked":["Clothesline","Hemokinesis"],"picked":"Headbutt","floor":14},{"not_picked":["Brutality","Impervious"],"picked":"Demon Form","floor":16},{"not_picked":["Second Wind","Clash"],"picked":"Dropkick","floor":18},{"not_picked":["Cleave","Clothesline","Headbutt"],"picked":"SKIP","floor":20},{"not_picked":["Fire Breathing","Clash"],"picked":"Flame Barrier+1","floor":21},{"not_picked":["Clothesline","Wild Strike"],"picked":"Pommel Strike+1","floor":22}],"player_experience":2700565,"relics_obtained":[{"floor":6,"key":"Pear"},{"floor":8,"key":"Lantern"},{"floor":9,"key":"Peace Pipe"},{"floor":14,"key":"Omamori"}],"event_choices":[{"damage_healed":0.0,"max_hp_gain":0.0,"max_hp_loss":0.0,"gold_gain":0.0,"event_name":"Living Wall","player_choice":"Grow","floor":2.0,"gold_loss":0.0,"damage_taken":0.0,"cards_upgraded":["Fire Breathing"]},{"damage_healed":0,"gold_gain":0,"player_choice":"Donut","damage_taken":0,"max_hp_gain":5,"max_hp_loss":0,"event_name":"Big Fish","floor":5,"gold_loss":0},{"cards_removed":["Strike_R"],"damage_healed":0,"gold_gain":0,"player_choice":"Offered Basic","damage_taken":0,"max_hp_gain":0,"max_hp_loss":0,"event_name":"Bonfire Elementals","floor":19,"gold_loss":0}],"is_beta":false,"boss_relics":[{"not_picked":["Black Star","Mark of Pain"],"picked":"Fusion Hammer"}],"items_purged_floors":[3],"is_endless":false,"potions_floor_spawned":[1,4,14,18,22],"killed_by":"Sentry and Sphere","ascension_level":4}