{"gold_per_floor":[116,66,66,66,66,93,20,46,46,65,65,93,93,15,15,113,113,130,0,18,18,31,63,63,88,88,88,100,114,41,41],"floor_reached":31,"playtime":6263,"items_purged":[],"score":377,"play_id":"700ac660-6212-40ec-a8b0-690807241dd6","local_time":"20190810172558","is_ascension_mode":true,"campfire_choices":[{"floor":11,"key":"REST"},{"floor":15,"key":"REST"},{"floor":24,"key":"REST"},{"floor":27,"key":"REST"}],"neow_cost":"NONE","seed_source_timestamp":17985751084942,"circlet_count":0,"master_deck":["Strike_R","Defend_R","Defend_R","Defend_R","Bash","Warcry","Bludgeon","Whirlwind","Rage","Shrug It Off","Heavy Blade","Demon Form+1","Berserk","Heavy Blade","Evolve","Flex","Clothesline+1","Flex","Armaments","Body Slam+1","Cleave+1","Headbutt+1","Combust"],"special_seed":0,"relics":["Burning Blood","Red Skull","Blood Vial","Pantograph","Magic Flower","Ornamental Fan","Darkstone Periapt","Empty Cage","Lantern","Molten Egg 2","Pear"],"potions_floor_usage":[12,20,22,23,23,23],"damage_taken":[{"damage":8.0,"enemies":"Jaw Worm","floor":1.0,"turns":5.0},{"damage":35.0,"enemies":"Lagavulin","floor":6.0,"turns":5.0},{"damage":35.0,"enemies":"3 Sentries","floor":8.0,"turns":6.0},{"damage":0,"enemies":"Small Slimes","floor":10,"turns":2},{"damage":12,"enemies":"Gremlin Nob","floor":12,"turns":3},{"damage":68,"enemies":"Hexaghost","floor":16,"turns":8},{"damage":52,"enemies":"Shell Parasite","floor":18,"turns":7},{"damage":19,"enemies":"2 Thieves","floor":20,"turns":3},{"damage":18,"enemies":"Centurion and Healer","floor":22,"turns":5},{"damage":0,"enemies":"Gremlin Leader","floor":23,"turns":4},{"damage":51,"enemies":"Slavers","floor":25,"turns":5},{"damage":30,"enemies":"Cultist and Chosen","floor":28,"turns":5},{"damage":23,"enemies":"Snecko","floor":29,"turns":4},{"damage":35,"enemies":"Gremlin Leader","floor":31,"turns":4}],"seed_played":"3415945568834352968","potions_obtained":[{"floor":6.0,"key":"Ancient Potion"},{"floor":8,"key":"Weak Potion"},{"floor":10,"key":"Fire Potion"},{"floor":16,"key":"EssenceOfSteel"},{"floor":18,"key":"PowerPotion"},{"floor":20,"key":"SneckoOil"},{"floor":22,"key":"SkillPotion"}],"is_trial":false,"path_per_floor":["M","?","?","T","?","E","$","E","T","M","R","E","?","$","R","B",null,"M","$","M","?","M","E","R","E","T","R","M","M","$","E"],"character_chosen":"IRONCLAD","items_purchased":["Whirlwind","Demon Form","Evolve","Flex","Combust"],"campfire_rested":4,"item_purchase_floors":[7,14,19,19,30],"current_hp_per_floor":[78,78,66,66,66,39,39,12,12,24,48,48,48,48,72,21,80,37,37,30,30,24,36,60,21,31,58,40,29,29,0],"gold":41,"neow_bonus":"REMOVE_CARD","is_prod":false,"is_daily":false,"chose_seed":false,"campfire_upgraded":0,"win_rate":0,"timestamp":1565483158,"path_taken":["M","?","?","?","?","E","?","E","T","M","R","E","?","$","R","BOSS","M","$","M","?","M","E","R","E","T","R","M","M","$","E"],"build_version":"2019-07-17","purchased_purges":0,"victory":false,"max_hp_per_floor":[80,80,80,80,80,80,80,80,80,80,80,80,80,80,80,80,80,80,80,80,80,80,80,80,80,90,90,90,90,90,90],"card_choices":[{"not_picked":["Havoc","Twin Strike"],"picked":"Warcry","floor":1.0},{"not_picked":["Sever Soul","Carnage"],"picked":"Bludgeon","floor":6.0},{"not_picked":["Evolve","Flex"],"picked":"Rage","floor":8},{"not_picked":["Wild Strike","Ghostly Armor"],"picked":"Shrug It Off","floor":10},{"not_picked":["Whirlwind","Intimidate"],"picked":"Heavy Blade","floor":12},{"not_picked":["Limit Break","Immolate"],"picked":"Berserk","floor":16},{"not_picked":["Warcry","Pommel Strike"],"picked":"Heavy Blade","floor":18},{"not_picked":["Perfected Strike","Flex"],"picked":"Clothesline+1","floor":20},{"not_picked":["Evolve","Burning Pact"],"picked":"Flex","floor":22},{"not_picked":["Warcry","Body Slam+1"],"picked":"Armaments","floor":23},{"not_picked":["Clothesline+1","Brutality"],"picked":"Body Slam","floor":25},{"not_picked":["Dual Wield","Ghostly Armor"],"picked":"Cleave+1","floor":28},{"not_picked":["Second Wind","Flex"],"picked":"Headbutt+1","floor":29}],"player_experience":2818900,"relics_obtained":[{"floor":4.0,"key":"Blood Vial"},{"floor":6.0,"key":"Pantograph"},{"floor":8,"key":"Magic Flower"},{"floor":9,"key":"Ornamental Fan"},{"floor":12,"key":"Darkstone Periapt"},{"floor":23,"key":"Lantern"},{"floor":25,"key":"Molten Egg 2"},{"floor":26,"key":"Pear"}],"event_choices":[{"cards_removed":["Defend_R"],"damage_healed":0.0,"max_hp_gain":0.0,"max_hp_loss":0.0,"gold_gain":0.0,"event_name":"The Cleric","player_choice":"Card Removal","floor":2.0,"gold_loss":50.0,"damage_taken":0.0},{"damage_healed":0.0,"max_hp_gain":0.0,"max_hp_loss":0.0,"gold_gain":0.0,"event_name":"Scrap Ooze","player_choice":"Success","floor":3.0,"gold_loss":0.0,"damage_taken":12.0,"relics_obtained":["Red Skull"]},{"damage_healed":0.0,"max_hp_gain":0.0,"max_hp_loss":0.0,"gold_gain":0.0,"event_name":"Liars Game","player_choice":"Ignored","floor":5.0,"gold_loss":0.0,"damage_taken":0.0},{"cards_removed":["Strike_R"],"damage_healed":0,"gold_gain":0,"player_choice":"Offered Basic","damage_taken":0,"max_hp_gain":0,"max_hp_loss":0,"event_name":"Bonfire Elementals","floor":13,"gold_loss":0},{"damage_healed":0,"gold_gain":0,"player_choice":"Forge","damage_taken":0,"max_hp_gain":0,"max_hp_loss":0,"event_name":"Accursed Blacksmith","floor":21,"gold_loss":0,"cards_upgraded":["Demon Form"]}],"is_beta":false,"boss_relics":[{"not_picked":["White Beast Statue","Runic Pyramid"],"picked":"Empty Cage"}],"items_purged_floors":[],"is_endless":false,"potions_floor_spawned":[6,8,10,16,18,20,22],"killed_by":"Gremlin Leader","ascension_level":4}