{"gold_per_floor":[118,43,55,55,130,160,72,247,270,270,287,162,179,209,209,307,307,327,327,327,338,338,338,338],"floor_reached":24,"playtime":1058,"items_purged":["Defend_B","Defend_B","Doubt"],"score":250,"play_id":"28d9e96a-2ff8-4af6-a6e0-28fe78b0a5f6","local_time":"20190624074529","is_ascension_mode":true,"campfire_choices":[{"floor":10.0,"key":"RECALL"},{"data":"Dualcast","floor":15.0,"key":"SMITH"},{"floor":23,"key":"REST"}],"neow_cost":"NONE","seed_source_timestamp":934087959751604,"circlet_count":0,"master_deck":["Strike_B","Strike_B","Zap+1","Dualcast+1","Cold Snap","Cold Snap","Thunder Strike","Buffer+1","Genetic Algorithm+1","Scrape+1"],"special_seed":0,"relics":["Cracked Core","NeowsBlessing","MawBank","Pear","Astrolabe","Enchiridion","Art of War"],"potions_floor_usage":[],"damage_taken":[{"damage":0.0,"enemies":"2 Louse","floor":1.0,"turns":1.0},{"damage":0.0,"enemies":"Jaw Worm","floor":3.0,"turns":1.0},{"damage":0.0,"enemies":"3 Sentries","floor":6.0,"turns":1.0},{"damage":6.0,"enemies":"Small Slimes","floor":11.0,"turns":3.0},{"damage":14.0,"enemies":"Red Slaver","floor":13.0,"turns":3.0},{"damage":19.0,"enemies":"Gremlin Nob","floor":14.0,"turns":4.0},{"damage":21.0,"enemies":"Hexaghost","floor":16.0,"turns":8.0},{"damage":0.0,"enemies":"Spheric Guardian","floor":18.0,"turns":4.0},{"damage":21.0,"enemies":"3 Byrds","floor":21.0,"turns":4.0},{"damage":78,"enemies":"Book of Stabbing","floor":24,"turns":7}],"seed_played":"-115365688550992309","potions_obtained":[{"floor":1.0,"key":"GamblersBrew"},{"floor":6.0,"key":"EntropicBrew"},{"floor":13.0,"key":"Ancient Potion"},{"floor":16.0,"key":"Swift Potion"}],"is_trial":false,"path_per_floor":["M","$","M","?","?","E","$","?","T","R","M","$","M","E","R","B",null,"M","?","?","M","?","R","E"],"character_chosen":"DEFECT","items_purchased":[],"campfire_rested":1,"item_purchase_floors":[],"current_hp_per_floor":[75,75,75,68,57,57,57,57,57,57,51,51,37,28,28,7,85,85,69,69,48,48,73,0],"gold":338,"neow_bonus":"THREE_ENEMY_KILL","is_prod":false,"is_daily":false,"chose_seed":false,"campfire_upgraded":1,"win_rate":0,"timestamp":1561376729,"path_taken":["M","$","M","?","?","E","$","?","T","R","M","$","M","E","R","BOSS","M","?","?","?","?","R","E"],"build_version":"2019-01-23","purchased_purges":3,"victory":false,"max_hp_per_floor":[75,75,75,75,75,75,75,75,75,75,75,75,75,85,85,85,85,85,85,85,85,85,85,85],"card_choices":[{"not_picked":["Doom and Gloom","Rebound","Storm"],"picked":"SKIP","floor":1.0},{"not_picked":["Undo","Steam","FTL"],"picked":"SKIP","floor":3.0},{"not_picked":["Beam Cell","FTL","Rebound"],"picked":"SKIP","floor":6.0},{"not_picked":["Reprogram","Stack","Rainbow"],"picked":"SKIP","floor":11.0},{"not_picked":["Hello World","Turbo"],"picked":"Cold Snap","floor":13.0},{"not_picked":["Ball Lightning","All For One"],"picked":"Cold Snap","floor":14.0},{"not_picked":["Biased Cognition","Amplify"],"picked":"Thunder Strike","floor":16.0},{"not_picked":["Barrage","Conserve Battery","Compile Driver"],"picked":"SKIP","floor":18.0},{"not_picked":["Aggregate","Auto Shields","Beam Cell"],"picked":"SKIP","floor":21}],"player_experience":193657,"relics_obtained":[{"floor":6.0,"key":"MawBank"},{"floor":14.0,"key":"Pear"},{"floor":19.0,"key":"Enchiridion"}],"event_choices":[{"cards_removed":["Defend_B"],"damage_healed":0.0,"max_hp_gain":0.0,"max_hp_loss":0.0,"gold_gain":0.0,"event_name":"Golden Wing","player_choice":"Card Removal","floor":4.0,"gold_loss":0.0,"damage_taken":7.0},{"damage_healed":0.0,"max_hp_gain":0.0,"max_hp_loss":0.0,"gold_gain":75.0,"event_name":"World of Goop","player_choice":"Gather Gold","floor":5.0,"gold_loss":0.0,"damage_taken":11.0},{"damage_healed":0.0,"max_hp_gain":0.0,"max_hp_loss":0.0,"gold_gain":175.0,"event_name":"Liars Game","player_choice":"AGREE","floor":8.0,"gold_loss":0.0,"damage_taken":0.0,"cards_obtained":["Doubt"]},{"damage_healed":0.0,"max_hp_gain":0.0,"max_hp_loss":0.0,"gold_gain":0.0,"event_name":"Cursed Tome","player_choice":"Obtained Book","floor":19.0,"gold_loss":0.0,"damage_taken":16.0},{"damage_healed":0.0,"max_hp_gain":0.0,"max_hp_loss":0.0,"gold_gain":0.0,"event_name":"Upgrade Shrine","player_choice":"Upgraded","floor":20.0,"gold_loss":0.0,"damage_taken":0.0,"cards_upgraded":["Zap"]},{"damage_healed":0,"gold_gain":0,"player_choice":"Opened","damage_taken":0,"relics_obtained":["Art of War"],"max_hp_gain":0,"max_hp_loss":0,"event_name":"The Mausoleum","floor":22,"gold_loss":0}],"is_beta":false,"boss_relics":[{"not_picked":["Busted Crown","Lizard Tail"],"picked":"Astrolabe"}],"items_purged_floors":[2,7,12],"is_endless":false,"potions_floor_spawned":[1,6,13,16],"killed_by":"Book of Stabbing","ascension_level":2}