{"path_per_floor":["M","?","?","M","M","R","E","?","T","R","$","E","?","M","R","B",null,"M","?","M","M","?","R","?","M","T","$"],"character_chosen":"THE_SILENT","items_purchased":["Noxious Fumes","Bottled Tornado","Backflip","Noxious Fumes"],"gold_per_floor":[118,68,68,81,98,98,123,123,149,149,72,101,101,115,115,215,245,263,263,282,297,297,297,397,417,417,4,4],"floor_reached":28,"campfire_rested":1,"playtime":1823,"current_hp_per_floor":[70,70,70,68,67,67,42,39,39,39,39,20,13,13,34,32,75,71,71,67,44,44,44,44,6,6,6,0],"items_purged":["Strike_G"],"gold":4,"score":249,"play_id":"9906180a-e071-434e-a133-68f3c11fc0ec","local_time":"20180522193208","is_prod":false,"is_daily":false,"chose_seed":false,"is_ascension_mode":true,"campfire_upgraded":3,"timestamp":1527042728,"campfire_choices":[{"data":"Neutralize","floor":6,"key":"SMITH"},{"data":"Cloak And Dagger","floor":10,"key":"SMITH"},{"floor":15,"key":"REST"},{"data":"Envenom","floor":23,"key":"SMITH"}],"path_taken":["M","?","?","M","M","R","E","?","T","R","$","E","?","?","R","BOSS","M","?","M","?","?","R","?","M","T","?","?"],"build_version":"2018-05-17","seed_source_timestamp":6394268126055,"purchased_purges":1,"victory":false,"master_deck":["Defend_G","Defend_G","Defend_G","Defend_G","Defend_G","Strike_G","Strike_G+1","Survivor","Neutralize+1","Cloak And Dagger+1","Acrobatics","Flying Knee","Dagger Throw","Blur","Noxious Fumes","Envenom+1","Prepared","Reflex+1","Deadly Poison","Backflip","Noxious Fumes"],"max_hp_per_floor":[70,70,70,70,70,70,70,70,70,70,70,70,70,70,70,70,75,75,75,75,75,75,75,75,75,75,75,75],"relics":["Ring of the Snake","Anchor","Gremlin Horn","Ancient Tea Set","Vajra","Tiny House","Kunai","Bottled Tornado"],"card_choices":[{"not_picked":["Dodge and Roll","Backflip"],"picked":"Cloak And Dagger","floor":0},{"not_picked":["Crippling Poison","All Out Attack"],"picked":"Acrobatics","floor":1},{"not_picked":["Quick Slash","Dagger Spray"],"picked":"Flying Knee","floor":4},{"not_picked":["Malaise","Bane"],"picked":"Dagger Throw","floor":5},{"not_picked":["Bane","Quick Slash"],"picked":"Blur","floor":7},{"not_picked":["Cloak And Dagger","Heel Hook","Dash"],"picked":"SKIP","floor":12},{"not_picked":["Dagger Spray","Riddle With Holes"],"picked":"Envenom","floor":14},{"not_picked":["Flying Knee","Quick Slash"],"picked":"Prepared","floor":17},{"not_picked":["Slice","Cloak And Dagger","Poisoned Stab"],"picked":"SKIP","floor":18},{"not_picked":["Flechettes","Caltrops","Slice"],"picked":"SKIP","floor":20},{"not_picked":["Slice","Dash+1"],"picked":"Reflex+1","floor":21},{"not_picked":["Riddle With Holes","Deflect","Dagger Throw"],"picked":"SKIP","floor":25}],"player_experience":296845,"potions_floor_usage":[7,12,18,18,21],"damage_taken":[{"damage":0,"enemies":"Small Slimes","floor":1,"turns":3},{"damage":2,"enemies":"Jaw Worm","floor":4,"turns":6},{"damage":1,"enemies":"2 Louse","floor":5,"turns":3},{"damage":25,"enemies":"Lagavulin","floor":7,"turns":8},{"damage":19,"enemies":"Gremlin Nob","floor":12,"turns":5},{"damage":0,"enemies":"2 Fungi Beasts","floor":14,"turns":3},{"damage":2,"enemies":"Hexaghost","floor":16,"turns":9},{"damage":4,"enemies":"3 Byrds","floor":18,"turns":3},{"damage":4,"enemies":"Shell Parasite","floor":20,"turns":11},{"damage":23,"enemies":"Snake Plant","floor":21,"turns":5},{"damage":38,"enemies":"3 Cultists","floor":25,"turns":7},{"damage":10,"enemies":"Slaver and Parasite","floor":28,"turns":2}],"relics_obtained":[{"floor":7,"key":"Anchor"},{"floor":9,"key":"Ancient Tea Set"},{"floor":12,"key":"Vajra"},{"floor":26,"key":"Kunai"}],"event_choices":[{"event_name":"The Cleric","player_choice":"Card Removal","floor":2,"damage_taken":0},{"event_name":"Liars Game","player_choice":"disagreed","floor":3,"damage_taken":0},{"event_name":"Scrap Ooze","player_choice":"success","floor":8,"damage_taken":3},{"event_name":"Golden Wing","player_choice":"Card Removal","floor":13,"damage_taken":0},{"event_name":"The Mausoleum","player_choice":"No","floor":19,"damage_taken":0},{"event_name":"The Library","player_choice":"Read","floor":22,"damage_taken":0},{"event_name":"Golden Shrine","player_choice":"Pray","floor":24,"damage_taken":0}],"boss_relics":[{"not_picked":["Philosopher\u0027s Stone","Calling Bell"],"picked":"Tiny House"}],"potions_floor_spawned":[4,5,12,16,18],"seed_played":"-6114996637541556203","killed_by":"Slaver and Parasite","ascension_level":2,"potions_obtained":[{"floor":4,"key":"Explosive Potion"},{"floor":5,"key":"Swift Potion"},{"floor":12,"key":"LiquidBronze"},{"floor":16,"key":"Block Potion"},{"floor":17,"key":"PowerPotion"},{"floor":18,"key":"SneckoOil"}],"is_trial":false}