{"gold_per_floor":[114,114,125,137,148,183,199,232,244,431,455,467,492,536,548,659,671,700,396,396,318,351,351,386,386,386,386,316,345,445,458,458,561,561,576,576,593,593,604,604,630,630,630,662,676,676,705,719,719,719,719,719,257,257],"floor_reached":54,"playtime":4036,"items_purged":["Doubt","Strike_R+1"],"score":965,"play_id":"239282ca-4fd0-41d7-91a0-5cbcbf9f10ef","local_time":"20190703052412","is_ascension_mode":true,"campfire_choices":[{"data":"Searing Blow","floor":12.0,"key":"SMITH"},{"data":"Searing Blow+1","floor":15.0,"key":"SMITH"},{"data":"Searing Blow+2","floor":23.0,"key":"SMITH"},{"data":"Searing Blow+3","floor":25.0,"key":"SMITH"},{"data":"Searing Blow+4","floor":27.0,"key":"SMITH"},{"data":"Searing Blow+5","floor":32.0,"key":"SMITH"},{"data":"Searing Blow+6","floor":40.0,"key":"SMITH"},{"data":"Searing Blow+7","floor":42.0,"key":"SMITH"},{"floor":49,"key":"RECALL"},{"data":"Searing Blow+8","floor":52,"key":"SMITH"}],"neow_cost":"NONE","seed_source_timestamp":0,"circlet_count":0,"master_deck":["Strike_R+1","Strike_R+1","Strike_R+1","Defend_R+1","Defend_R+1","Defend_R+1","Defend_R+1","Bash+1","Searing Blow+9","Burning Pact","Feel No Pain","Havoc","Reaper","Spot Weakness+1","Flame Barrier+1","Seeing Red","Inflame","Armaments","Inflame","Shrug It Off+1","Corruption+1","Writhe","Limit Break+1"],"special_seed":0,"relics":["Burning Blood","Whetstone","Pocketwatch","MawBank","Meat on the Bone","Sundial","Mark of Pain","Bottled Tornado","Red Mask","Kunai","Vajra","Nunchaku","Toxic Egg 2","Busted Crown","Frozen Egg 2","Dead Branch","Shuriken","War Paint"],"potions_floor_usage":[],"damage_taken":[{"damage":1.0,"enemies":"Cultist","floor":1.0,"turns":4.0},{"damage":0.0,"enemies":"Small Slimes","floor":3.0,"turns":3.0},{"damage":0.0,"enemies":"2 Louse","floor":4.0,"turns":2.0},{"damage":0.0,"enemies":"Exordium Wildlife","floor":5.0,"turns":3.0},{"damage":55.0,"enemies":"3 Sentries","floor":6.0,"turns":9.0},{"damage":7.0,"enemies":"Looter","floor":7.0,"turns":4.0},{"damage":20.0,"enemies":"Gremlin Nob","floor":8.0,"turns":4.0},{"damage":17.0,"enemies":"Lots of Slimes","floor":11.0,"turns":3.0},{"damage":10.0,"enemies":"2 Fungi Beasts","floor":13.0,"turns":4.0},{"damage":31.0,"enemies":"3 Sentries","floor":14.0,"turns":5.0},{"damage":41.0,"enemies":"Slime Boss","floor":16.0,"turns":9.0},{"damage":33.0,"enemies":"Shell Parasite","floor":18.0,"turns":7.0},{"damage":27.0,"enemies":"Masked Bandits","floor":22.0,"turns":5.0},{"damage":48.0,"enemies":"Book of Stabbing","floor":24.0,"turns":6.0},{"damage":49.0,"enemies":"Gremlin Leader","floor":29.0,"turns":5.0},{"damage":18.0,"enemies":"Colosseum Slavers","floor":30.0,"turns":6.0},{"damage":22.0,"enemies":"Colosseum Nobs","floor":30.0,"turns":4.0},{"damage":0.0,"enemies":"Chosen","floor":31.0,"turns":4.0},{"damage":78.0,"enemies":"Automaton","floor":33.0,"turns":8.0},{"damage":8.0,"enemies":"Orb Walker","floor":35.0,"turns":3.0},{"damage":26.0,"enemies":"3 Shapes","floor":37.0,"turns":6.0},{"damage":23.0,"enemies":"Maw","floor":39.0,"turns":7.0},{"damage":64.0,"enemies":"Nemesis","floor":41.0,"turns":7.0},{"damage":21,"enemies":"Giant Head","floor":44,"turns":6},{"damage":17,"enemies":"Sphere and 2 Shapes","floor":45,"turns":5},{"damage":37,"enemies":"Nemesis","floor":47,"turns":5},{"damage":36,"enemies":"4 Shapes","floor":48,"turns":6},{"damage":56,"enemies":"Donu and Deca","floor":50,"turns":5},{"damage":80,"enemies":"Shield and Spear","floor":54,"turns":3}],"seed_played":"-2518737874335662592","potions_obtained":[{"floor":6.0,"key":"Ancient Potion"},{"floor":7.0,"key":"Fire Potion"},{"floor":8.0,"key":"Ancient Potion"},{"floor":13.0,"key":"Strength Potion"},{"floor":16.0,"key":"Regen Potion"},{"floor":18.0,"key":"FearPotion"},{"floor":24.0,"key":"Swift Potion"},{"floor":37.0,"key":"LiquidBronze"},{"floor":41.0,"key":"Explosive Potion"},{"floor":44,"key":"Regen Potion"},{"floor":45,"key":"FearPotion"}],"is_trial":false,"path_per_floor":["M","?","M","M","M","E","M","E","T","?","M","R","M","E","R","B",null,"M","$","?","$","?","R","E","R","T","R","$","E","?","M","R","B",null,"M","?","M","?","M","R","E","R","T","E","M","?","E","M","R","B",null,"R","$","E"],"character_chosen":"IRONCLAD","items_purchased":["Bottled Tornado","Inflame","Inflame","Limit Break+1","War Paint","SkillPotion"],"campfire_rested":0,"item_purchase_floors":[19,21,28,53,53,53],"current_hp_per_floor":[80,80,80,80,80,31,30,16,16,16,37,37,52,51,51,56,80,58,58,58,58,49,49,49,49,49,49,49,53,49,65,65,27,80,78,78,68,68,69,69,41,41,41,48,57,77,80,76,76,80,80,80,80,0],"gold":257,"neow_bonus":"RANDOM_COMMON_RELIC","is_prod":false,"is_daily":false,"chose_seed":false,"campfire_upgraded":9,"win_rate":0,"timestamp":1562145852,"path_taken":["M","?","M","M","M","E","M","E","T","?","M","R","M","E","R","BOSS","M","$","?","$","?","R","E","R","T","R","?","E","?","M","R","BOSS","M","?","M","?","M","R","E","R","T","E","?","?","E","M","R","BOSS","R","$","E"],"build_version":"2019-07-01","purchased_purges":2,"victory":false,"max_hp_per_floor":[80,80,80,80,80,80,80,80,80,80,80,80,80,80,80,80,80,80,80,80,80,80,80,80,80,80,80,80,80,80,80,80,80,80,80,80,80,80,80,80,80,80,80,80,80,80,80,80,80,80,80,80,80,80],"card_choices":[{"not_picked":["Twin Strike","Wild Strike","Body Slam"],"picked":"SKIP","floor":1.0},{"not_picked":["Heavy Blade","Headbutt"],"picked":"Searing Blow","floor":3.0},{"not_picked":["Carnage","Anger"],"picked":"Burning Pact","floor":4.0},{"not_picked":["Twin Strike","Burning Pact","Thunderclap"],"picked":"SKIP","floor":5.0},{"not_picked":["Pommel Strike","Cleave"],"picked":"Feel No Pain","floor":6.0},{"not_picked":["Carnage","Headbutt"],"picked":"Havoc","floor":7.0},{"not_picked":["Intimidate","Ghostly Armor"],"picked":"Reaper","floor":8.0},{"not_picked":["Shrug It Off","Cleave"],"picked":"Spot Weakness","floor":11.0},{"not_picked":["Sword Boomerang","True Grit","Warcry"],"picked":"SKIP","floor":13.0},{"not_picked":["Clash","Hemokinesis"],"picked":"Flame Barrier","floor":14.0},{"not_picked":["Shrug It Off","Battle Trance"],"picked":"Seeing Red","floor":18.0},{"not_picked":["Intimidate","Rage+1"],"picked":"Armaments","floor":22.0},{"not_picked":["Dark Embrace","Clothesline","Flex+1"],"picked":"SKIP","floor":24.0},{"not_picked":["Havoc","Headbutt"],"picked":"Shrug It Off+1","floor":29.0},{"not_picked":["Clothesline","Clash+1","Evolve+1"],"picked":"SKIP","floor":31.0},{"not_picked":["Cleave"],"picked":"SKIP","floor":35.0},{"not_picked":["Thunderclap+1"],"picked":"SKIP","floor":37.0},{"not_picked":["Iron Wave+1"],"picked":"SKIP","floor":39.0},{"not_picked":[],"picked":"Corruption+1","floor":41.0},{"not_picked":["Flame Barrier+1"],"picked":"SKIP","floor":44},{"not_picked":["Blood for Blood+1"],"picked":"SKIP","floor":45},{"not_picked":["Searing Blow"],"picked":"SKIP","floor":47},{"not_picked":["True Grit+1"],"picked":"SKIP","floor":48}],"player_experience":338889,"relics_obtained":[{"floor":6.0,"key":"Pocketwatch"},{"floor":8.0,"key":"MawBank"},{"floor":9.0,"key":"Meat on the Bone"},{"floor":14.0,"key":"Sundial"},{"floor":22.0,"key":"Red Mask"},{"floor":24.0,"key":"Kunai"},{"floor":29.0,"key":"Vajra"},{"floor":30.0,"key":"Nunchaku"},{"floor":30.0,"key":"Toxic Egg 2"},{"floor":41.0,"key":"Frozen Egg 2"},{"floor":44,"key":"Dead Branch"},{"floor":47,"key":"Shuriken"}],"event_choices":[{"damage_healed":0.0,"max_hp_gain":0.0,"max_hp_loss":0.0,"gold_gain":0.0,"event_name":"Shining Light","player_choice":"Ignored","floor":2.0,"gold_loss":0.0,"damage_taken":0.0},{"damage_healed":0.0,"max_hp_gain":0.0,"max_hp_loss":0.0,"gold_gain":175.0,"event_name":"Liars Game","player_choice":"AGREE","floor":10.0,"gold_loss":0.0,"damage_taken":0.0,"cards_obtained":["Doubt"]},{"damage_healed":0.0,"max_hp_gain":0.0,"max_hp_loss":0.0,"gold_gain":0.0,"event_name":"Back to Basics","player_choice":"Simplicity","floor":20.0,"gold_loss":0.0,"damage_taken":0.0,"cards_upgraded":["Strike_R","Strike_R","Strike_R","Strike_R","Defend_R","Defend_R","Defend_R","Defend_R"]},{"damage_healed":0.0,"max_hp_gain":0.0,"max_hp_loss":0.0,"gold_gain":0.0,"event_name":"Masked Bandits","player_choice":"Fought Bandits","floor":22.0,"gold_loss":0.0,"damage_taken":0.0},{"damage_healed":0.0,"max_hp_gain":0.0,"max_hp_loss":0.0,"gold_gain":0.0,"event_name":"Colosseum","player_choice":"Fight","floor":30.0,"gold_loss":0.0,"damage_taken":0.0},{"damage_healed":0.0,"max_hp_gain":0.0,"max_hp_loss":0.0,"gold_gain":0.0,"event_name":"Colosseum","player_choice":"Fought Nobs","floor":30.0,"gold_loss":0.0,"damage_taken":0.0},{"damage_healed":0.0,"max_hp_gain":0.0,"max_hp_loss":0.0,"gold_gain":0.0,"event_name":"SensoryStone","player_choice":"Memory 1","floor":36.0,"gold_loss":0.0,"damage_taken":0.0},{"cards_removed":["Strike_R"],"damage_healed":0.0,"max_hp_gain":0.0,"max_hp_loss":0.0,"gold_gain":0.0,"event_name":"Purifier","player_choice":"Purged","floor":38.0,"gold_loss":0.0,"damage_taken":0.0},{"damage_healed":20,"gold_gain":0,"player_choice":"Writhe","damage_taken":0,"max_hp_gain":0,"max_hp_loss":0,"event_name":"Winding Halls","floor":46,"gold_loss":0,"cards_obtained":["Writhe"]}],"is_beta":false,"boss_relics":[{"not_picked":["Black Blood","Astrolabe"],"picked":"Mark of Pain"},{"not_picked":["Fusion Hammer","Runic Dome"],"picked":"Busted Crown"}],"items_purged_floors":[19,53],"is_endless":false,"potions_floor_spawned":[6,7,8,13,16,18,24,30,37,41,44,45],"killed_by":"Shield and Spear","ascension_level":4}