{"path_per_floor":["M","M","M","?","M","R","M","R","T","?","?","R","M","M","R"],"character_chosen":"THE_SILENT","items_purchased":[],"gold_per_floor":[116,135,152,152,164,164,184,184,184,259,259,259,279,296,296,296],"floor_reached":16,"campfire_rested":1,"playtime":937,"item_purchase_floors":[],"current_hp_per_floor":[68,68,67,67,51,51,46,46,46,35,35,35,35,35,56,0],"items_purged":[],"gold":296,"score":118,"play_id":"d71aca54-11ff-4520-a50f-6d8bce0f666f","local_time":"20180526171859","is_prod":false,"is_daily":false,"chose_seed":false,"is_ascension_mode":true,"campfire_upgraded":3,"win_rate":0,"timestamp":1527380339,"campfire_choices":[{"data":"Neutralize","floor":6,"key":"SMITH"},{"data":"Sucker Punch","floor":8,"key":"SMITH"},{"data":"Escape Plan","floor":12,"key":"SMITH"},{"floor":15,"key":"REST"}],"path_taken":["M","?","M","?","M","R","M","R","T","?","?","R","M","?","R","BOSS"],"build_version":"2018-05-24","seed_source_timestamp":22269542809365,"purchased_purges":0,"victory":false,"master_deck":["Defend_G","Defend_G","Defend_G","Defend_G","Defend_G","Strike_G","Strike_G","Strike_G","Survivor","Neutralize+1","Sucker Punch+1","Escape Plan+1","Blur","Flying Knee+1"],"max_hp_per_floor":[70,70,70,70,70,70,70,70,70,70,70,70,70,70,70,70],"relics":["Ring of the Snake","Molten Egg 2"],"card_choices":[{"not_picked":["Quick Slash","Dodge and Roll"],"picked":"Sucker Punch","floor":1},{"not_picked":["Underhanded Strike","Sucker Punch"],"picked":"Escape Plan","floor":2},{"not_picked":["Prepared","Distraction","Quick Slash"],"picked":"SKIP","floor":3},{"not_picked":["Terror","Cloak And Dagger"],"picked":"Blur","floor":5},{"not_picked":["Slice","Dodge and Roll","Underhanded Strike"],"picked":"SKIP","floor":7},{"not_picked":["PiercingWail","Infinite Blades"],"picked":"Flying Knee+1","floor":13},{"not_picked":["Concentrate","Predator+1","Reflex"],"picked":"SKIP","floor":14},{"not_picked":["Concentrate","Predator+1","Reflex"],"picked":"SKIP","floor":14}],"player_experience":389646,"potions_floor_usage":[14,16],"damage_taken":[{"damage":2,"enemies":"Cultist","floor":1,"turns":5},{"damage":0,"enemies":"2 Louse","floor":2,"turns":2},{"damage":1,"enemies":"Jaw Worm","floor":3,"turns":4},{"damage":16,"enemies":"Exordium Thugs","floor":5,"turns":12},{"damage":5,"enemies":"Looter","floor":7,"turns":4},{"damage":0,"enemies":"Large Slime","floor":13,"turns":7},{"damage":0,"enemies":"3 Louse","floor":14,"turns":2},{"damage":59,"enemies":"Slime Boss","floor":16,"turns":14}],"relics_obtained":[{"floor":9,"key":"Molten Egg 2"}],"event_choices":[{"event_name":"Living Wall","player_choice":"Forget","floor":4,"damage_taken":0},{"event_name":"World of Goop","player_choice":"Gather Gold","floor":10,"damage_taken":0},{"event_name":"Dead Adventurer","player_choice":"Searched \u00270\u0027 times","floor":11,"damage_taken":0}],"boss_relics":[],"items_purged_floors":[],"potions_floor_spawned":[2,7,14],"seed_played":"5899840897848918593","killed_by":"Slime Boss","ascension_level":5,"potions_obtained":[{"floor":2,"key":"GhostInAJar"},{"floor":7,"key":"Fire Potion"},{"floor":14,"key":"SmokeBomb"}],"is_trial":false}