{"gold_per_floor":[114,127,127,127,142,142,172,172,172,203,221,240,257,237,237,342,342,352,12,27,37,53,87,87,97,97,109,122,138,138,138,138,138],"floor_reached":33,"playtime":1797,"items_purged":[],"score":283,"play_id":"3d9bfa63-c05d-4f92-b242-bc86c45d9daa","local_time":"20190921120627","is_ascension_mode":false,"campfire_choices":[{"floor":6,"key":"REST"},{"floor":8,"key":"REST"},{"floor":15,"key":"REST"},{"floor":24,"key":"REST"},{"floor":30,"key":"REST"},{"floor":32,"key":"REST"}],"neow_cost":"","seed_source_timestamp":891045984577749,"circlet_count":0,"master_deck":["Strike_G","Strike_G","Strike_G+1","Strike_G","Defend_G+1","Defend_G","Defend_G","Defend_G","Defend_G","Survivor","Neutralize","Blade Dance","All Out Attack","Slice","Blade Dance","Leg Sweep","Backstab","Envenom+1","Deflect","Unload","PiercingWail","Prepared","Reflex","Outmaneuver","PiercingWail+1","Footwork+1","Flechettes","Deadly Poison+1","Blur","A Thousand Cuts+1","Riddle With Holes"],"special_seed":0,"relics":["Ring of the Snake","Ninja Scroll","Mummified Hand","Frozen Egg 2","Runic Pyramid","Tingsha","Blood Vial","Dream Catcher"],"potions_floor_usage":[10,22,23,25,29,33],"damage_taken":[{"damage":0.0,"enemies":"Small Slimes","floor":1.0,"turns":4.0},{"damage":9,"enemies":"Jaw Worm","floor":2,"turns":4},{"damage":0,"enemies":"2 Louse","floor":5,"turns":2},{"damage":24,"enemies":"3 Sentries","floor":7,"turns":8},{"damage":27,"enemies":"Lagavulin","floor":10,"turns":6},{"damage":0,"enemies":"Gremlin Gang","floor":11,"turns":5},{"damage":0,"enemies":"Looter","floor":12,"turns":2},{"damage":0,"enemies":"Blue Slaver","floor":13,"turns":2},{"damage":26,"enemies":"The Guardian","floor":16,"turns":15},{"damage":0,"enemies":"3 Byrds","floor":18,"turns":4},{"damage":1,"enemies":"Chosen","floor":20,"turns":4},{"damage":5,"enemies":"Snecko","floor":21,"turns":4},{"damage":8,"enemies":"Centurion and Healer","floor":22,"turns":5},{"damage":9,"enemies":"Gremlin Leader","floor":23,"turns":7},{"damage":45,"enemies":"Sentry and Sphere","floor":25,"turns":9},{"damage":5,"enemies":"Snake Plant","floor":27,"turns":5},{"damage":6,"enemies":"3 Cultists","floor":28,"turns":6},{"damage":4,"enemies":"Snecko","floor":29,"turns":5},{"damage":73,"enemies":"Champ","floor":33,"turns":13}],"seed_played":"7032645797776653472","potions_obtained":[{"floor":1.0,"key":"Weak Potion"},{"floor":11,"key":"SkillPotion"},{"floor":14,"key":"SneckoOil"},{"floor":16,"key":"GamblersBrew"},{"floor":22,"key":"CunningPotion"},{"floor":25,"key":"Dexterity Potion"},{"floor":27,"key":"Block Potion"},{"floor":29,"key":"Ancient Potion"}],"is_trial":false,"path_per_floor":["M","M","?","?","M","R","E","R","T","E","M","M","M","?","R","B",null,"M","$","M","M","M","E","R","M","T","M","M","M","R","?","R","B"],"character_chosen":"THE_SILENT","items_purchased":["Tingsha","Prepared"],"campfire_rested":6,"item_purchase_floors":[19,19],"current_hp_per_floor":[70,61,47,47,47,68,44,65,65,38,38,38,38,38,59,33,70,70,70,69,64,56,47,68,25,25,22,18,16,37,37,58,0],"gold":138,"neow_bonus":"","is_prod":false,"is_daily":false,"chose_seed":false,"campfire_upgraded":0,"win_rate":0.0,"timestamp":1569092787,"path_taken":["M","M","?","?","M","R","E","R","T","E","M","M","M","?","R","BOSS","M","$","M","M","?","E","R","M","T","M","M","M","R","?","R","BOSS"],"build_version":"2019-09-20","purchased_purges":0,"victory":false,"max_hp_per_floor":[70,70,70,70,70,70,70,70,70,70,70,70,70,70,70,70,70,70,70,70,70,70,70,70,70,70,70,70,70,70,70,70,70],"card_choices":[{"not_picked":["Eviscerate","Underhanded Strike"],"picked":"Blade Dance","floor":1.0},{"not_picked":["Skewer","Acrobatics"],"picked":"All Out Attack","floor":2},{"not_picked":["Expertise","Distraction"],"picked":"Slice","floor":5},{"not_picked":["Slice","Outmaneuver"],"picked":"Blade Dance","floor":7},{"not_picked":["Flechettes","Distraction"],"picked":"Leg Sweep","floor":10},{"not_picked":["Dash","All Out Attack"],"picked":"Backstab","floor":11},{"not_picked":["Dodge and Roll","Dagger Throw"],"picked":"Envenom+1","floor":12},{"not_picked":["Deadly Poison","Outmaneuver"],"picked":"Deflect","floor":13},{"not_picked":["Malaise","Venomology"],"picked":"Unload","floor":16},{"not_picked":["Quick Slash","Expertise"],"picked":"PiercingWail","floor":18},{"not_picked":["Quick Slash","Slice"],"picked":"Reflex","floor":20},{"not_picked":["Deflect","Expertise"],"picked":"Outmaneuver","floor":21},{"not_picked":["Leg Sweep","Quick Slash"],"picked":"PiercingWail+1","floor":22},{"not_picked":["Skewer+1","Finisher"],"picked":"Footwork+1","floor":23},{"not_picked":["Quick Slash+1","Backstab"],"picked":"Flechettes","floor":25},{"not_picked":["Poisoned Stab","All Out Attack+1"],"picked":"Deadly Poison+1","floor":27},{"not_picked":["Dagger Throw","Sucker Punch"],"picked":"Blur","floor":28},{"not_picked":["Quick Slash","Outmaneuver+1"],"picked":"A Thousand Cuts+1","floor":29},{"not_picked":["Bouncing Flask+1","Quick Slash"],"picked":"Riddle With Holes","floor":32}],"player_experience":489,"relics_obtained":[{"floor":7,"key":"Ninja Scroll"},{"floor":9,"key":"Mummified Hand"},{"floor":10,"key":"Frozen Egg 2"},{"floor":23,"key":"Blood Vial"},{"floor":26,"key":"Dream Catcher"}],"event_choices":[{"damage_healed":0,"gold_gain":0,"player_choice":"Entered Light","damage_taken":14,"max_hp_gain":0,"max_hp_loss":0,"event_name":"Shining Light","floor":3,"gold_loss":0,"cards_upgraded":["Strike_G","Defend_G"]},{"damage_healed":0,"gold_gain":0,"player_choice":"Ignored","damage_taken":0,"max_hp_gain":0,"max_hp_loss":0,"event_name":"Golden Idol","floor":4,"gold_loss":0},{"damage_healed":0,"gold_gain":0,"player_choice":"Bought 1 Potion","damage_taken":0,"max_hp_gain":0,"max_hp_loss":0,"event_name":"The Woman in Blue","floor":14,"gold_loss":0},{"cards_removed":["Strike_G"],"damage_healed":0,"gold_gain":0,"player_choice":"Purged","damage_taken":0,"max_hp_gain":0,"max_hp_loss":0,"event_name":"Purifier","floor":31,"gold_loss":0}],"is_beta":true,"boss_relics":[{"not_picked":["Black Star","Tiny House"],"picked":"Runic Pyramid"}],"items_purged_floors":[],"is_endless":false,"potions_floor_spawned":[1,11,16,21,22,25,27,29],"killed_by":"Champ","ascension_level":0}