{"gold_per_floor":[18,18,18,18,33,33,33,48,73,73,5,43,9,34,34,163,163,179,179,104,118,132,132,175,90,90,90,16,16,47,47,47,47],"floor_reached":33,"playtime":1818,"items_purged":[],"score":291,"play_id":"75be17b8-23e4-4efe-9624-baed875af688","local_time":"20180923001852","is_ascension_mode":true,"campfire_choices":[{"data":"Redo","floor":6,"key":"SMITH"},{"data":"Zap","floor":10,"key":"SMITH"},{"data":"Loop","floor":15,"key":"SMITH"},{"data":"Thunder Strike","floor":23,"key":"SMITH"},{"floor":29,"key":"REST"},{"floor":32,"key":"REST"}],"neow_cost":"NO_GOLD","seed_source_timestamp":636831533590107,"circlet_count":0,"master_deck":["Strike_B","Defend_B","Defend_B","Defend_B","Zap+1","Dualcast","Redo+1","Parasite","Loop+1","BootSequence","Darkness","Echo Form","Thunder Strike+1","Defragment","Stack"],"relics":["Cracked Core","Golden Idol","Oddly Smooth Stone","Meat on the Bone","PreservedInsect","Velvet Choker","Blue Candle","Smiling Mask","Bottled Tornado","Orichalcum","Anchor"],"potions_floor_usage":[12,30,33],"damage_taken":[{"damage":3,"enemies":"Jaw Worm","floor":1,"turns":3},{"damage":1,"enemies":"Cultist","floor":5,"turns":3},{"damage":1,"enemies":"2 Louse","floor":8,"turns":3},{"damage":21,"enemies":"3 Sentries","floor":12,"turns":5},{"damage":35,"enemies":"The Guardian","floor":16,"turns":8},{"damage":16,"enemies":"Spheric Guardian","floor":18,"turns":4},{"damage":10,"enemies":"Shell Parasite","floor":21,"turns":4},{"damage":0,"enemies":"Chosen and Byrds","floor":22,"turns":4},{"damage":33,"enemies":"Gremlin Leader","floor":24,"turns":4},{"damage":46,"enemies":"Slavers","floor":30,"turns":5},{"damage":48,"enemies":"Collector","floor":33,"turns":3}],"seed_played":"2261538183754310252","potions_obtained":[{"floor":1,"key":"Explosive Potion"},{"floor":12,"key":"SteroidPotion"},{"floor":21,"key":"Fire Potion"},{"floor":22,"key":"Strength Potion"},{"floor":30,"key":"Explosive Potion"}],"is_trial":false,"path_per_floor":["M","?","?","$","M","R","?","M","T","R","$","E","$","T","R","B",null,"M","?","?","M","M","R","E","?","T","T","$","R","E","$","R"],"character_chosen":"DEFECT","items_purchased":["Loop","Darkness","Defragment"],"campfire_rested":2,"item_purchase_floors":[11,13,28],"current_hp_per_floor":[72,54,47,47,46,46,64,63,63,63,63,42,42,42,42,19,75,59,59,59,49,49,49,28,28,28,28,28,50,16,16,38,0],"gold":47,"neow_bonus":"REMOVE_TWO","is_prod":false,"is_daily":false,"chose_seed":false,"campfire_upgraded":4,"win_rate":0,"timestamp":1537676332,"path_taken":["M","?","?","?","M","R","?","?","T","R","$","E","?","?","R","BOSS","M","?","?","?","M","R","E","?","T","?","$","R","E","$","R","BOSS"],"build_version":"2018-09-20","purchased_purges":0,"victory":false,"max_hp_per_floor":[75,75,75,75,75,75,75,75,75,75,75,75,75,75,75,75,75,75,75,75,75,75,75,75,75,75,75,75,75,75,75,75,75],"card_choices":[{"not_picked":["Lockon","Gash"],"picked":"Storm","floor":1},{"not_picked":["Rebound","Chill"],"picked":"Redo","floor":5},{"not_picked":["Sweeping Beam","Scrape","Redo"],"picked":"SKIP","floor":8},{"not_picked":["Sweeping Beam","Scrape","Redo"],"picked":"SKIP","floor":8},{"not_picked":["Streamline","Cold Snap"],"picked":"BootSequence","floor":12},{"not_picked":["Rainbow","Machine Learning"],"picked":"Echo Form","floor":16},{"not_picked":["Sunder","Redo","Chaos"],"picked":"SKIP","floor":18},{"not_picked":["Compile Driver","Leap","Turbo"],"picked":"SKIP","floor":21},{"not_picked":["Rebound","Hologram+1","Cold Snap"],"picked":"SKIP","floor":22},{"not_picked":["Sweeping Beam","Steam","Blizzard"],"picked":"SKIP","floor":24},{"not_picked":["Reprogram","Conserve Battery"],"picked":"Stack","floor":30}],"player_experience":133751,"relics_obtained":[{"floor":9,"key":"Oddly Smooth Stone"},{"floor":12,"key":"Meat on the Bone"},{"floor":14,"key":"PreservedInsect"},{"floor":24,"key":"Blue Candle"},{"floor":26,"key":"Bottled Tornado"},{"floor":27,"key":"Orichalcum"},{"floor":30,"key":"Anchor"}],"event_choices":[{"event_name":"Golden Idol","player_choice":"Take Damage","floor":2,"damage_taken":0},{"event_name":"Golden Wing","player_choice":"Card Removal","floor":3,"damage_taken":0},{"event_name":"Mushrooms","player_choice":"Healed and dodged fight","floor":7,"damage_taken":0},{"event_name":"Transmorgrifier","player_choice":"Transform","floor":19,"damage_taken":0},{"event_name":"Beggar","player_choice":"Gave Gold","floor":20,"damage_taken":0},{"event_name":"Addict","player_choice":"Obtained Relic","floor":25,"damage_taken":0}],"is_beta":false,"boss_relics":[{"not_picked":["Orrery","Snecko Eye"],"picked":"Velvet Choker"}],"items_purged_floors":[],"is_endless":false,"potions_floor_spawned":[1,12,21,22,30],"killed_by":"Collector","ascension_level":1}