{"gold_per_floor":[114,114,68,83,98,98,113,113,188,218,14,91,106,141,141,273,273,288,363,34,74,74,74,139,179,179,284,18,18,58,123,130,262,269,334,349,394,434,11,11,26,41,41,48,55,117,117,132,139,139],"floor_reached":51,"playtime":3926,"items_purged":[],"score":763,"play_id":"e948671b-d9cc-434a-96be-3d60862b63dd","local_time":"20191002121302","daily_mods":["Chimera","Vintage","DeadlyEvents"],"is_ascension_mode":false,"campfire_choices":[{"data":"Bash","floor":6.0,"key":"SMITH"},{"data":"Zap","floor":8.0,"key":"SMITH"},{"data":"HandOfGreed","floor":15.0,"key":"SMITH"},{"data":"Wish","floor":23.0,"key":"SMITH"},{"floor":29.0,"key":"REST"},{"floor":32.0,"key":"REST"},{"data":"Wireheading","floor":40.0,"key":"SMITH"},{"floor":45,"key":"REST"},{"floor":49,"key":"REST"}],"neow_cost":"","seed_source_timestamp":0,"circlet_count":0,"master_deck":["Bash+1","Survivor","Zap+1","Strike_R","Strike_G","Strike_B","Defend_R","Defend_G","Defend_B+1","CutThroughFate+1","BowlingBash","HandOfGreed+1","Consecrate+1","Protect+1","Wish+1","Wireheading+1","FlyingSleeves+1","FlyingSleeves+1","Brilliance","CurseOfTheBell","Weave+1","LessonLearned+1","Dark Shackles+1","Fasting2+1","Protect+1","Perseverance+1"],"special_seed":18171,"relics":["PureWater","Blue Candle","NlothsMask","Pantograph","Vajra","Orichalcum","Mango","CeramicFish","Pen Nib","Ancient Tea Set","Philosopher\u0027s Stone","Omamori","Ornamental Fan","CaptainsWheel","Mummified Hand","Bottled Lightning","Frozen Egg 2","Boot","Bronze Scales","Molten Egg 2","Letter Opener","Dream Catcher","Calling Bell","Lantern","Shuriken","GoldenEye","Lizard Tail","Toxic Egg 2","Tiny Chest","Darkstone Periapt","Singing Bowl","Sundial","Bottled Tornado","Bottled Flame","Toy Ornithopter","Anchor"],"potions_floor_usage":[46,48],"damage_taken":[{"damage":0.0,"enemies":"Cultist","floor":1.0,"turns":4.0},{"damage":0.0,"enemies":"Small Slimes","floor":4.0,"turns":3.0},{"damage":0.0,"enemies":"2 Louse","floor":5.0,"turns":3.0},{"damage":2.0,"enemies":"Exordium Thugs","floor":7.0,"turns":5.0},{"damage":10.0,"enemies":"Gremlin Nob","floor":10.0,"turns":3.0},{"damage":12.0,"enemies":"3 Sentries","floor":12.0,"turns":4.0},{"damage":0.0,"enemies":"Looter","floor":13.0,"turns":3.0},{"damage":1.0,"enemies":"Blue Slaver","floor":14.0,"turns":4.0},{"damage":34.0,"enemies":"The Guardian","floor":16.0,"turns":9.0},{"damage":2.0,"enemies":"Chosen","floor":18.0,"turns":3.0},{"damage":11.0,"enemies":"Shell Parasite","floor":21.0,"turns":3.0},{"damage":0.0,"enemies":"3 Cultists","floor":24.0,"turns":6.0},{"damage":18.0,"enemies":"Snake Plant","floor":25.0,"turns":4.0},{"damage":28.0,"enemies":"Slavers","floor":27.0,"turns":5.0},{"damage":2.0,"enemies":"Chosen and Byrds","floor":30.0,"turns":3.0},{"damage":16.0,"enemies":"Centurion and Healer","floor":31.0,"turns":4.0},{"damage":20.0,"enemies":"Automaton","floor":33.0,"turns":11.0},{"damage":6.0,"enemies":"3 Shapes","floor":35.0,"turns":5.0},{"damage":25.0,"enemies":"3 Darklings","floor":36.0,"turns":3.0},{"damage":16.0,"enemies":"Spire Growth","floor":37.0,"turns":5.0},{"damage":5.0,"enemies":"Sphere and 2 Shapes","floor":38.0,"turns":4.0},{"damage":32.0,"enemies":"Writhing Mass","floor":41.0,"turns":5.0},{"damage":10,"enemies":"Maw","floor":42,"turns":7},{"damage":1,"enemies":"Reptomancer","floor":46,"turns":6},{"damage":6,"enemies":"Spire Growth","floor":48,"turns":3},{"damage":34,"enemies":"Time Eater","floor":50,"turns":8}],"seed_played":"-5061006535666233414","potions_obtained":[{"floor":4.0,"key":"SteroidPotion"},{"floor":5.0,"key":"Strength Potion"},{"floor":12.0,"key":"LiquidBronze"},{"floor":16.0,"key":"EssenceOfSteel"},{"floor":21.0,"key":"LiquidBronze"},{"floor":24.0,"key":"Weak Potion"},{"floor":31.0,"key":"EssenceOfSteel"},{"floor":35.0,"key":"Explosive Potion"},{"floor":36.0,"key":"Fire Potion"},{"floor":46,"key":"Weak Potion"}],"is_trial":false,"path_per_floor":["M","?","$","M","M","R","M","R","T","E","$","E","M","M","R","B",null,"M","T","$","M","?","R","M","M","T","E","$","R","M","M","R","B",null,"M","M","M","M","$","R","M","M","T","?","R","E","?","M","R","B",null],"character_chosen":"WATCHER","items_purchased":["CutThroughFate","HandOfGreed","Consecrate","CaptainsWheel","Wireheading","Molten Egg 2","FlyingSleeves+1","Weave+1","Singing Bowl","LessonLearned+1"],"campfire_rested":4,"item_purchase_floors":[3,11,11,20,20,28,28,39,39,39],"current_hp_per_floor":[72,72,72,72,72,72,70,70,70,74,74,62,62,61,61,52,86,84,84,84,73,73,73,73,55,55,27,27,52,50,34,59,64,86,80,55,39,34,34,34,14,16,16,16,41,43,43,51,76,61],"gold":139,"neow_bonus":"","is_prod":false,"is_daily":true,"chose_seed":false,"campfire_upgraded":5,"win_rate":0,"timestamp":1570036382,"path_taken":["M","?","$","?","M","R","M","R","T","E","$","E","M","M","R","BOSS","M","?","$","M","?","R","M","?","T","?","?","R","M","M","R","BOSS","M","M","M","M","$","R","M","M","T","?","R","E","?","M","R","BOSS"],"build_version":"2019-10-01","purchased_purges":0,"victory":true,"max_hp_per_floor":[72,72,72,72,72,72,72,72,72,86,86,86,86,86,86,86,86,86,86,86,86,86,86,86,86,86,86,86,86,86,86,86,86,86,86,86,86,86,86,86,86,86,86,86,86,86,86,86,86,86],"card_choices":[{"not_picked":["CarveReality","FollowUp"],"picked":"BowlingBash","floor":10.0},{"not_picked":["SashWhip","Swivel"],"picked":"Protect","floor":12.0},{"not_picked":["SignatureMove","Ragnarok"],"picked":"Wish","floor":16.0},{"not_picked":["Prostrate","Crescendo","ClearTheMind"],"picked":"SKIP","floor":27.0},{"not_picked":["FollowUp+1","Judgement"],"picked":"FlyingSleeves+1","floor":32.0},{"not_picked":["Adaptation+1","DeusExMachina"],"picked":"Brilliance","floor":33.0},{"not_picked":["Flash of Steel+1","Mayhem+1"],"picked":"Dark Shackles+1","floor":44},{"not_picked":["Crescendo+1","CrushJoints+1"],"picked":"Fasting2+1","floor":45},{"not_picked":["EmptyFist+1","CutThroughFate+1"],"picked":"Protect+1","floor":46},{"not_picked":["ReachHeaven+1","Tantrum+1"],"picked":"Perseverance+1","floor":49}],"player_experience":356617,"relics_obtained":[{"floor":1.0,"key":"Blue Candle"},{"floor":4.0,"key":"Pantograph"},{"floor":5.0,"key":"Vajra"},{"floor":7.0,"key":"Orichalcum"},{"floor":10.0,"key":"Mango"},{"floor":12.0,"key":"CeramicFish"},{"floor":13.0,"key":"Pen Nib"},{"floor":14.0,"key":"Ancient Tea Set"},{"floor":18.0,"key":"Omamori"},{"floor":19.0,"key":"Ornamental Fan"},{"floor":21.0,"key":"Mummified Hand"},{"floor":24.0,"key":"Bottled Lightning"},{"floor":25.0,"key":"Frozen Egg 2"},{"floor":26.0,"key":"Boot"},{"floor":27.0,"key":"Bronze Scales"},{"floor":30.0,"key":"Letter Opener"},{"floor":31.0,"key":"Dream Catcher"},{"floor":34.0,"key":"Lantern"},{"floor":34.0,"key":"Shuriken"},{"floor":34.0,"key":"GoldenEye"},{"floor":35.0,"key":"Lizard Tail"},{"floor":36.0,"key":"Toxic Egg 2"},{"floor":37.0,"key":"Tiny Chest"},{"floor":38.0,"key":"Darkstone Periapt"},{"floor":41.0,"key":"Sundial"},{"floor":42,"key":"Bottled Tornado"},{"floor":43,"key":"Bottled Flame"},{"floor":46,"key":"Toy Ornithopter"},{"floor":48,"key":"Anchor"}],"event_choices":[{"damage_healed":0.0,"max_hp_gain":0.0,"max_hp_loss":0.0,"gold_gain":0.0,"event_name":"FaceTrader","player_choice":"Trade","floor":2.0,"gold_loss":0.0,"damage_taken":0.0,"relics_obtained":["NlothsMask"]},{"damage_healed":0,"gold_gain":0,"player_choice":"Memory 1","damage_taken":0,"max_hp_gain":0,"max_hp_loss":0,"event_name":"SensoryStone","floor":44,"gold_loss":0},{"damage_healed":0,"gold_gain":0,"player_choice":"Ignored","damage_taken":0,"max_hp_gain":0,"max_hp_loss":0,"event_name":"The Moai Head","floor":47,"gold_loss":0}],"is_beta":true,"boss_relics":[{"not_picked":["HolyWater","Runic Dome"],"picked":"Philosopher\u0027s Stone"},{"not_picked":["Astrolabe","VioletLotus"],"picked":"Calling Bell"}],"items_purged_floors":[],"is_endless":false,"potions_floor_spawned":[4,5,12,16,21,24,25,31,35,36,37,46],"ascension_level":0}