{"gold_per_floor":[111,111,111,36,55,82,82,115,115,15,33,67,67,86,86,184,184,201,76,89,104,120,120,150,167,167,167,167,167,187,198,198,299,299,318,67,142,152,30,63,77,77],"floor_reached":42,"playtime":3965,"items_purged":["Strike_G","Strike_G","Strike_G","Defend_G","Crippling Poison"],"score":518,"play_id":"71b6f026-5647-4c7f-8618-fcbacc97c6ab","local_time":"20190112214304","is_ascension_mode":true,"campfire_choices":[{"data":"Bouncing Flask","floor":7,"key":"SMITH"},{"floor":13,"key":"REST"},{"data":"Footwork","floor":15,"key":"SMITH"},{"floor":23,"key":"REST"},{"floor":27,"key":"REST"},{"data":"After Image","floor":29,"key":"SMITH"},{"floor":32,"key":"REST"}],"neow_cost":"NONE","seed_source_timestamp":302303346181717,"circlet_count":0,"master_deck":["Defend_G","Defend_G","Defend_G","Defend_G","Survivor","Neutralize","Purity","Bouncing Flask+1","Poisoned Stab","Footwork+1","After Image+1","Deadly Poison","Corpse Explosion","Well Laid Plans","Crippling Poison","Tools of the Trade","Caltrops","Backflip+1","Footwork","Catalyst+1","Footwork"],"relics":["Ring of the Snake","Matryoshka","Strawberry","Regal Pillow","Calipers","Orichalcum","Orrery","Ginger","Smiling Mask","Ancient Tea Set","Busted Crown","TwistedFunnel","Omamori"],"potions_floor_usage":[21,22,33,33,33],"damage_taken":[{"damage":1,"enemies":"2 Louse","floor":1,"turns":2},{"damage":2,"enemies":"Small Slimes","floor":5,"turns":4},{"damage":10,"enemies":"Lagavulin","floor":6,"turns":6},{"damage":8,"enemies":"Gremlin Nob","floor":8,"turns":4},{"damage":0,"enemies":"Cultist","floor":11,"turns":3},{"damage":30,"enemies":"3 Sentries","floor":12,"turns":10},{"damage":10,"enemies":"Lots of Slimes","floor":14,"turns":5},{"damage":2,"enemies":"Hexaghost","floor":16,"turns":8},{"damage":17,"enemies":"Spheric Guardian","floor":18,"turns":4},{"damage":9,"enemies":"Chosen","floor":20,"turns":5},{"damage":22,"enemies":"Shelled Parasite and Fungi","floor":21,"turns":5},{"damage":2,"enemies":"Centurion and Healer","floor":22,"turns":6},{"damage":36,"enemies":"Gremlin Leader","floor":24,"turns":7},{"damage":14,"enemies":"Snake Plant","floor":25,"turns":5},{"damage":18,"enemies":"Cultist and Chosen","floor":30,"turns":5},{"damage":16,"enemies":"Chosen and Byrds","floor":31,"turns":7},{"damage":34,"enemies":"Collector","floor":33,"turns":9},{"damage":0,"enemies":"3 Shapes","floor":35,"turns":2},{"damage":2,"enemies":"Orb Walker","floor":38,"turns":4},{"damage":50,"enemies":"Reptomancer","floor":40,"turns":7},{"damage":9,"enemies":"Transient","floor":41,"turns":5},{"damage":12,"enemies":"Sphere and 2 Shapes","floor":42,"turns":2}],"seed_played":"-2774520818301809814","potions_obtained":[{"floor":5,"key":"EssenceOfSteel"},{"floor":11,"key":"GhostInAJar"},{"floor":12,"key":"Block Potion"},{"floor":21,"key":"LiquidBronze"},{"floor":24,"key":"FearPotion"},{"floor":30,"key":"EssenceOfSteel"},{"floor":38,"key":"EssenceOfSteel"},{"floor":41,"key":"Block Potion"}],"is_trial":false,"path_per_floor":["M","?","?","$","M","E","R","E","T","$","M","E","R","M","R","B",null,"M","$","M","M","M","R","E","M","T","R","?","R","M","M","R","B",null,"M","$","?","M","$","E","M","M"],"character_chosen":"THE_SILENT","items_purchased":["TwistedFunnel","Footwork"],"campfire_rested":4,"item_purchase_floors":[36,39],"current_hp_per_floor":[69,62,62,62,60,50,50,49,49,49,49,19,57,47,47,45,77,60,60,51,29,27,65,29,15,15,53,53,53,35,19,57,23,77,77,77,70,68,68,18,9,0],"gold":77,"neow_bonus":"RANDOM_COLORLESS","is_prod":false,"is_daily":false,"chose_seed":false,"campfire_upgraded":3,"win_rate":0,"timestamp":1547347384,"path_taken":["M","?","?","$","?","E","R","E","T","$","M","E","R","?","R","BOSS","M","$","M","M","M","R","E","M","T","R","?","R","M","M","R","BOSS","M","$","?","M","$","E","M","M"],"build_version":"2019-01-10","purchased_purges":5,"victory":false,"max_hp_per_floor":[70,70,70,70,70,70,70,77,77,77,77,77,77,77,77,77,77,77,77,77,77,77,77,77,77,77,77,77,77,77,77,77,77,77,77,77,77,77,77,77,77,77],"card_choices":[{"not_picked":["Escape Plan","Underhanded Strike"],"picked":"Bouncing Flask","floor":1},{"not_picked":["PiercingWail","Flying Knee"],"picked":"Poisoned Stab","floor":5},{"not_picked":["Flying Knee","Deadly Poison"],"picked":"Footwork","floor":6},{"not_picked":["Underhanded Strike","Cloak And Dagger","Setup"],"picked":"SKIP","floor":8},{"not_picked":["Wraith Form v2","Dodge and Roll","Accuracy"],"picked":"SKIP","floor":11},{"not_picked":["Storm of Steel","Accuracy","Blade Dance"],"picked":"SKIP","floor":12},{"not_picked":["Endless Agony","Deflect","Underhanded Strike"],"picked":"SKIP","floor":14},{"not_picked":["A Thousand Cuts","Envenom"],"picked":"After Image","floor":16},{"not_picked":["Poisoned Stab","Expertise"],"picked":"Deadly Poison","floor":17},{"not_picked":["Masterful Stab","Backflip"],"picked":"Corpse Explosion","floor":17},{"not_picked":["Sucker Punch","Leg Sweep"],"picked":"Well Laid Plans","floor":18},{"not_picked":["Sucker Punch+1","Envenom","Dodge and Roll"],"picked":"SKIP","floor":20},{"not_picked":["Outmaneuver","Acrobatics+1"],"picked":"Crippling Poison","floor":21},{"not_picked":["Sucker Punch","Prepared"],"picked":"Crippling Poison","floor":22},{"not_picked":["Calculated Gamble","Backstab"],"picked":"Tools of the Trade","floor":24},{"not_picked":["Flechettes+1","Sucker Punch+1"],"picked":"Caltrops","floor":25},{"not_picked":["Underhanded Strike","Dagger Spray+1"],"picked":"Backflip+1","floor":30},{"not_picked":["Adrenaline","Dagger Spray"],"picked":"Footwork","floor":31},{"not_picked":[],"picked":"Catalyst+1","floor":35},{"not_picked":["Dagger Spray"],"picked":"SKIP","floor":38},{"not_picked":["All Out Attack+1"],"picked":"SKIP","floor":40},{"not_picked":["Backstab"],"picked":"SKIP","floor":41}],"player_experience":157638,"relics_obtained":[{"floor":6,"key":"Matryoshka"},{"floor":8,"key":"Strawberry"},{"floor":9,"key":"Regal Pillow"},{"floor":9,"key":"Calipers"},{"floor":12,"key":"Orichalcum"},{"floor":24,"key":"Ginger"},{"floor":26,"key":"Smiling Mask"},{"floor":26,"key":"Ancient Tea Set"},{"floor":40,"key":"Omamori"}],"event_choices":[{"cards_removed":["Strike_G"],"damage_healed":0,"gold_gain":0,"player_choice":"Card Removal","damage_taken":7,"max_hp_gain":0,"max_hp_loss":0,"event_name":"Golden Wing","floor":2,"gold_loss":0},{"cards_removed":["Strike_G"],"damage_healed":0,"gold_gain":0,"player_choice":"Offered Basic","damage_taken":0,"max_hp_gain":0,"max_hp_loss":0,"event_name":"Bonfire Elementals","floor":3,"gold_loss":0},{"damage_healed":0,"gold_gain":0,"player_choice":"Bought 0 Potions","damage_taken":0,"max_hp_gain":0,"max_hp_loss":0,"event_name":"The Woman in Blue","floor":28,"gold_loss":0},{"damage_healed":0,"gold_gain":75,"player_choice":"Touch","damage_taken":7,"max_hp_gain":0,"max_hp_loss":0,"event_name":"FaceTrader","floor":37,"gold_loss":0}],"is_beta":false,"boss_relics":[{"not_picked":["Calling Bell","Ring of the Serpent"],"picked":"Orrery"},{"not_picked":["Philosopher\u0027s Stone","White Beast Statue"],"picked":"Busted Crown"}],"items_purged_floors":[4,10,19,36,39],"is_endless":false,"potions_floor_spawned":[5,11,12,21,24,25,30,38,41],"killed_by":"Sphere and 2 Shapes","ascension_level":1}