{"gold_per_floor":[119,44,44,58,58,88,100,100,100,100,131,150,177,192,192,289,289,299,317,317,416,261,294,294,294,294,312,337,352,352,384,384,485,485,497,139,152,170,170],"floor_reached":39,"playtime":1689,"items_purged":["Decay","Writhe"],"score":507,"play_id":"9f54a293-6af3-4881-af44-d7fb93f410a4","local_time":"20190928171442","is_ascension_mode":true,"campfire_choices":[{"floor":8.0,"key":"REST"},{"floor":10.0,"key":"REST"},{"floor":15.0,"key":"REST"},{"floor":24.0,"key":"REST"},{"floor":30,"key":"REST"},{"floor":32,"key":"REST"}],"neow_cost":"CURSE","seed_source_timestamp":0,"circlet_count":0,"master_deck":["Strike_P","Strike_P","Strike_P","Strike_P","Defend_P","Defend_P","Defend_P","Defend_P","Eruption","Vigilance","Prostrate","Devotion","Judgement","FlyingSleeves","Crescendo+1","Worship+1","PathToVictory+1","BowlingBash","Vault","Wallop+1","CutThroughFate+1","Devotion","ClearTheMind+1","SandsOfTime","Sanctity+1","FollowUp+1","Tantrum","Alpha+1","WheelKick+1","Collect+1","JustLucky+1","Brilliance+1","Halt+1","Meditate+1","Fasting+1","SandsOfTime","Prostrate+1"],"special_seed":0,"relics":["PureWater","Lizard Tail","Ginger","Toxic Egg 2","Mercury Hourglass","Darkstone Periapt","Fusion Hammer","Vajra","Shuriken","White Beast Statue","Dream Catcher","Frozen Egg 2","SlaversCollar","Oddly Smooth Stone"],"potions_floor_usage":[31,33,38,38],"damage_taken":[{"damage":0.0,"enemies":"Small Slimes","floor":1.0,"turns":3.0},{"damage":0.0,"enemies":"2 Louse","floor":4.0,"turns":2.0},{"damage":42.0,"enemies":"3 Sentries","floor":6.0,"turns":10.0},{"damage":0.0,"enemies":"Jaw Worm","floor":7.0,"turns":5.0},{"damage":33.0,"enemies":"Lagavulin","floor":11.0,"turns":5.0},{"damage":8.0,"enemies":"Exordium Thugs","floor":12.0,"turns":3.0},{"damage":18.0,"enemies":"3 Sentries","floor":13.0,"turns":4.0},{"damage":6.0,"enemies":"Red Slaver","floor":14.0,"turns":3.0},{"damage":65.0,"enemies":"The Guardian","floor":16.0,"turns":10.0},{"damage":10.0,"enemies":"Chosen","floor":18.0,"turns":4.0},{"damage":9.0,"enemies":"Shell Parasite","floor":19.0,"turns":4.0},{"damage":33.0,"enemies":"Slavers","floor":23.0,"turns":4.0},{"damage":12.0,"enemies":"Shelled Parasite and Fungi","floor":27.0,"turns":4.0},{"damage":16.0,"enemies":"Book of Stabbing","floor":28.0,"turns":4.0},{"damage":0,"enemies":"Sentry and Sphere","floor":29,"turns":2},{"damage":28,"enemies":"Slavers","floor":31,"turns":4},{"damage":13,"enemies":"Automaton","floor":33,"turns":6},{"damage":11,"enemies":"Orb Walker","floor":35,"turns":2},{"damage":7,"enemies":"3 Shapes","floor":37,"turns":3},{"damage":31,"enemies":"Jaw Worm Horde","floor":38,"turns":4},{"damage":53,"enemies":"Transient","floor":39,"turns":5}],"seed_played":"-2298297119918823541","potions_obtained":[{"floor":6.0,"key":"LiquidBronze"},{"floor":11.0,"key":"BottledMiracle"},{"floor":12.0,"key":"Regen Potion"},{"floor":14.0,"key":"Dexterity Potion"},{"floor":28.0,"key":"SteroidPotion"},{"floor":31,"key":"Swift Potion"},{"floor":33,"key":"FearPotion"},{"floor":37,"key":"DuplicationPotion"},{"floor":38,"key":"Fire Potion"}],"is_trial":false,"path_per_floor":["M","$","?","M","?","E","M","R","T","R","E","M","E","M","R","B",null,"M","M","?","?","$","E","R","?","T","M","E","M","R","E","R","B",null,"M","$","M","M","M"],"character_chosen":"WATCHER","items_purchased":["Devotion","ClearTheMind+1","SandsOfTime","Meditate+1","Oddly Smooth Stone","Fasting+1"],"campfire_rested":6,"item_purchase_floors":[22,22,22,36,36,36],"current_hp_per_floor":[72,72,77,77,77,35,35,58,58,77,44,36,30,24,47,20,77,67,58,64,64,64,31,55,55,55,43,27,27,51,23,47,34,83,72,72,65,34,0],"gold":170,"neow_bonus":"ONE_RARE_RELIC","is_prod":false,"is_daily":false,"chose_seed":false,"campfire_upgraded":0,"win_rate":0,"timestamp":1569716082,"path_taken":["M","$","?","M","?","E","M","R","T","R","E","M","E","M","R","BOSS","M","M","?","?","$","E","R","?","T","M","E","M","R","E","R","BOSS","M","$","M","M","M"],"build_version":"2019-09-27","purchased_purges":2,"victory":false,"max_hp_per_floor":[72,72,77,77,77,77,77,77,77,77,77,77,77,77,77,77,77,77,77,83,83,83,83,83,83,83,83,83,83,83,83,83,83,83,83,83,83,83,83],"card_choices":[{"not_picked":["Consecrate","FlyingSleeves"],"picked":"Prostrate","floor":1.0},{"not_picked":["Protect","BowlingBash"],"picked":"Devotion","floor":4.0},{"not_picked":["WaveOfTheHand","FlyingSleeves"],"picked":"Judgement","floor":6.0},{"not_picked":["PathToVictory","EmptyFist"],"picked":"FlyingSleeves","floor":7.0},{"not_picked":["Weave","FlyingSleeves"],"picked":"Crescendo+1","floor":11.0},{"not_picked":["Perseverance+1","CarveReality"],"picked":"Worship+1","floor":12.0},{"not_picked":["FlyingSleeves","WreathOfFlame+1"],"picked":"PathToVictory+1","floor":13.0},{"not_picked":["FlyingSleeves","EmptyBody+1"],"picked":"BowlingBash","floor":14.0},{"not_picked":["Unraveling+1","Blasphemy+1"],"picked":"Vault","floor":16.0},{"not_picked":["ForeignInfluence+1","Weave"],"picked":"Wallop+1","floor":18.0},{"not_picked":["Scrawl+1","FlyingSleeves+1"],"picked":"CutThroughFate+1","floor":19.0},{"not_picked":["Crescendo+1","SandsOfTime+1"],"picked":"Sanctity+1","floor":23.0},{"not_picked":["ThirdEye+1","Worship+1"],"picked":"FollowUp+1","floor":27.0},{"not_picked":["Swivel+1","FollowUp"],"picked":"Tantrum","floor":28.0},{"not_picked":["Swivel+1","Fasting"],"picked":"Alpha+1","floor":29},{"not_picked":["EmptyFist","ClearTheMind+1"],"picked":"WheelKick+1","floor":30},{"not_picked":["EmptyFist","FollowUp"],"picked":"Collect+1","floor":31},{"not_picked":["EmptyFist","WreathOfFlame+1"],"picked":"JustLucky+1","floor":32},{"not_picked":["Vault","DeusExMachina+1"],"picked":"Brilliance+1","floor":33},{"not_picked":["BowlingBash+1","FlurryOfBlows"],"picked":"Halt+1","floor":35},{"not_picked":["EmptyFist+1","BowlingBash"],"picked":"SandsOfTime","floor":37},{"not_picked":["FlyingSleeves+1","DeceiveReality+1"],"picked":"Prostrate+1","floor":38}],"player_experience":31452,"relics_obtained":[{"floor":6.0,"key":"Ginger"},{"floor":9.0,"key":"Toxic Egg 2"},{"floor":11.0,"key":"Mercury Hourglass"},{"floor":13.0,"key":"Darkstone Periapt"},{"floor":23.0,"key":"Shuriken"},{"floor":26.0,"key":"White Beast Statue"},{"floor":28.0,"key":"Dream Catcher"},{"floor":31,"key":"Frozen Egg 2"}],"event_choices":[{"damage_healed":0.0,"max_hp_gain":5.0,"max_hp_loss":0.0,"gold_gain":0.0,"event_name":"Big Fish","player_choice":"Donut","floor":3.0,"gold_loss":0.0,"damage_taken":0.0},{"damage_healed":0.0,"max_hp_gain":0.0,"max_hp_loss":0.0,"gold_gain":0.0,"event_name":"Golden Idol","player_choice":"Ignored","floor":5.0,"gold_loss":0.0,"damage_taken":0.0},{"damage_healed":0.0,"max_hp_gain":0.0,"max_hp_loss":0.0,"gold_gain":0.0,"event_name":"The Mausoleum","player_choice":"Opened","floor":20.0,"gold_loss":0.0,"damage_taken":0.0,"relics_obtained":["Vajra"],"cards_obtained":["Writhe"]},{"damage_healed":0.0,"max_hp_gain":0.0,"max_hp_loss":0.0,"gold_gain":99.0,"event_name":"Nest","player_choice":"Stole From Cult","floor":21.0,"gold_loss":0.0,"damage_taken":0.0},{"damage_healed":0.0,"max_hp_gain":0.0,"max_hp_loss":0.0,"gold_gain":0.0,"event_name":"Ghosts","player_choice":"Ignored","floor":25.0,"gold_loss":0.0,"damage_taken":0.0}],"is_beta":true,"boss_relics":[{"not_picked":["Runic Pyramid","Ectoplasm"],"picked":"Fusion Hammer"},{"not_picked":["Busted Crown","Philosopher\u0027s Stone"],"picked":"SlaversCollar"}],"items_purged_floors":[2,36],"is_endless":false,"potions_floor_spawned":[6,11,12,14,18,19,27,28,29,31,33,35,37,38],"killed_by":"Transient","ascension_level":1}