{"gold_per_floor":[109,73,86,86,11,43,60,92,92,119,119,19,19,38,38,143,143,153,28,39,39],"floor_reached":21,"playtime":775,"items_purged":["Strike_B","Strike_B","Strike_B"],"score":244,"play_id":"89d5cefa-eb68-44a0-9b2d-9f5e305560e6","local_time":"20190624114231","is_ascension_mode":true,"campfire_choices":[{"floor":11,"key":"DIG"},{"floor":13,"key":"DIG"},{"floor":15,"key":"RECALL"}],"neow_cost":"NONE","seed_source_timestamp":983850428385401,"circlet_count":0,"master_deck":["Defend_B","Defend_B","Defend_B","Defend_B","Zap","Dualcast","Coolheaded","Static Discharge","Seek","Ball Lightning","White Noise","Amplify","Darkness","Static Discharge"],"relics":["Cracked Core","NeowsBlessing","Pantograph","Happy Flower","Matryoshka","Shovel","Bag of Marbles","Bottled Flame","Black Star"],"potions_floor_usage":[14,16,16,16],"damage_taken":[{"damage":0,"enemies":"2 Louse","floor":1,"turns":1},{"damage":0,"enemies":"Jaw Worm","floor":3,"turns":1},{"damage":0,"enemies":"Gremlin Nob","floor":6,"turns":1},{"damage":8,"enemies":"Small Slimes","floor":7,"turns":3},{"damage":17,"enemies":"Lagavulin","floor":8,"turns":6},{"damage":30,"enemies":"Gremlin Nob","floor":10,"turns":4},{"damage":0,"enemies":"Exordium Thugs","floor":14,"turns":3},{"damage":21,"enemies":"Slime Boss","floor":16,"turns":7},{"damage":26,"enemies":"3 Byrds","floor":18,"turns":4},{"damage":7,"enemies":"Chosen","floor":20,"turns":4},{"damage":55,"enemies":"Snecko","floor":21,"turns":4}],"seed_played":"-1951229928072931839","potions_obtained":[{"floor":3,"key":"Explosive Potion"},{"floor":6,"key":"Strength Potion"},{"floor":10,"key":"Weak Potion"},{"floor":14,"key":"Fire Potion"},{"floor":18,"key":"FearPotion"}],"is_trial":false,"path_per_floor":["M","$","M","?","$","E","M","E","T","E","R","$","R","M","R","B",null,"M","$","M","M"],"character_chosen":"DEFECT","items_purchased":["Static Discharge"],"campfire_rested":0,"item_purchase_floors":[2],"current_hp_per_floor":[75,75,75,68,68,68,60,43,43,13,13,13,13,13,13,17,75,49,49,42,0],"gold":39,"neow_bonus":"THREE_ENEMY_KILL","is_prod":false,"is_daily":false,"chose_seed":false,"campfire_upgraded":0,"win_rate":0,"timestamp":1561390951,"path_taken":["M","$","M","?","$","E","M","E","T","E","R","?","R","M","R","BOSS","M","$","M","M"],"build_version":"2019-01-23","purchased_purges":3,"victory":false,"max_hp_per_floor":[75,75,75,75,75,75,75,75,75,75,75,75,75,75,75,75,75,75,75,75,75],"card_choices":[{"not_picked":["Steam","Compile Driver"],"picked":"Coolheaded","floor":1},{"not_picked":["Rip and Tear","BootSequence","Fusion"],"picked":"SKIP","floor":3},{"not_picked":["Conserve Battery","Undo"],"picked":"Seek","floor":6},{"not_picked":["Go for the Eyes","Undo"],"picked":"Ball Lightning","floor":7},{"not_picked":["Leap","Coolheaded","Streamline"],"picked":"SKIP","floor":8},{"not_picked":["Gash","Compile Driver","Leap"],"picked":"SKIP","floor":10},{"not_picked":["Sweeping Beam","Coolheaded"],"picked":"White Noise","floor":14},{"not_picked":["All For One","Reboot"],"picked":"Amplify","floor":16},{"not_picked":["Go for the Eyes","Scrape"],"picked":"Darkness","floor":18},{"not_picked":["Beam Cell","Sweeping Beam"],"picked":"Static Discharge","floor":20}],"player_experience":206904,"relics_obtained":[{"floor":6,"key":"Pantograph"},{"floor":8,"key":"Happy Flower"},{"floor":9,"key":"Matryoshka"},{"floor":10,"key":"Shovel"},{"floor":11,"key":"Bag of Marbles"},{"floor":13,"key":"Bottled Flame"}],"event_choices":[{"cards_removed":["Strike_B"],"damage_healed":0,"gold_gain":0,"player_choice":"Card Removal","damage_taken":7,"max_hp_gain":0,"max_hp_loss":0,"event_name":"Golden Wing","floor":4,"gold_loss":0}],"is_beta":false,"boss_relics":[{"not_picked":["Snecko Eye","Tiny House"],"picked":"Black Star"}],"items_purged_floors":[5,12,19],"is_endless":false,"potions_floor_spawned":[3,6,10,14,18],"killed_by":"Snecko","ascension_level":2}