{"gold_per_floor":[119,138,71,83,95,122,122,150,150,150,181,241,253,273,273,370,370,387,407,407,421,421],"floor_reached":22,"playtime":1648,"items_purged":[],"score":239,"play_id":"1b70bc8f-2e8f-4da1-834f-b249c5d01dd1","local_time":"20190630110810","is_ascension_mode":true,"campfire_choices":[{"data":"Hologram","floor":7,"key":"SMITH"},{"floor":10,"key":"REST"},{"data":"Dualcast","floor":15,"key":"SMITH"}],"neow_cost":"NONE","seed_source_timestamp":1499308982815199,"circlet_count":0,"master_deck":["Strike_B","Strike_B","Strike_B","Defend_B","Defend_B","Defend_B","Defend_B","Zap","Dualcast+1","FTL","Hologram+1","Core Surge","Ball Lightning","Defragment","Rebound","Skim","Self Repair","Cold Snap","Defragment+1","Coolheaded","Hyperbeam","Gash","Barrage","Streamline"],"relics":["Cracked Core","Pantograph","Anchor","Regal Pillow","Matryoshka","Frozen Egg 2","Black Star"],"potions_floor_usage":[6,12,21],"damage_taken":[{"damage":0,"enemies":"Cultist","floor":1,"turns":4},{"damage":0,"enemies":"2 Louse","floor":2,"turns":2},{"damage":0,"enemies":"Jaw Worm","floor":4,"turns":3},{"damage":10,"enemies":"Gremlin Gang","floor":5,"turns":4},{"damage":13,"enemies":"3 Sentries","floor":6,"turns":8},{"damage":24,"enemies":"Gremlin Nob","floor":8,"turns":4},{"damage":30,"enemies":"Lagavulin","floor":11,"turns":6},{"damage":30,"enemies":"3 Sentries","floor":12,"turns":6},{"damage":9,"enemies":"Large Slime","floor":13,"turns":5},{"damage":12,"enemies":"Exordium Thugs","floor":14,"turns":5},{"damage":32,"enemies":"The Guardian","floor":16,"turns":11},{"damage":9,"enemies":"Spheric Guardian","floor":18,"turns":3},{"damage":3,"enemies":"Chosen","floor":19,"turns":5},{"damage":16,"enemies":"Snake Plant","floor":21,"turns":2},{"damage":14,"enemies":"Centurion and Healer","floor":22,"turns":3}],"seed_played":"-4552407482119314348","potions_obtained":[{"floor":1,"key":"SkillPotion"},{"floor":11,"key":"Swift Potion"},{"floor":13,"key":"FearPotion"},{"floor":16,"key":"LiquidBronze"},{"floor":19,"key":"Ancient Potion"},{"floor":21,"key":"Fire Potion"}],"is_trial":false,"path_per_floor":["M","M","$","M","M","E","R","E","T","R","E","?","M","M","R","B",null,"M","M","?","M","M"],"character_chosen":"DEFECT","items_purchased":["Core Surge"],"campfire_rested":1,"item_purchase_floors":[3],"current_hp_per_floor":[82,82,82,82,72,59,59,35,35,74,44,21,19,14,14,14,82,73,77,77,61,47],"gold":421,"neow_bonus":"TEN_PERCENT_HP_BONUS","is_prod":false,"is_daily":false,"chose_seed":false,"campfire_upgraded":2,"win_rate":0,"timestamp":1561907290,"path_taken":["M","?","$","M","M","E","R","E","T","R","E","?","M","M","R","BOSS","M","M","?","M","?"],"build_version":"2019-01-23","purchased_purges":0,"victory":false,"max_hp_per_floor":[82,82,82,82,82,82,82,82,82,82,82,82,82,82,82,82,82,82,82,82,82,82],"card_choices":[{"not_picked":["Barrage","Ball Lightning"],"picked":"FTL","floor":1},{"not_picked":["Sweeping Beam","Steam"],"picked":"Hologram","floor":2},{"not_picked":["Sweeping Beam","Leap"],"picked":"Ball Lightning","floor":4},{"not_picked":["Chaos","Undo"],"picked":"Defragment","floor":5},{"not_picked":["Turbo","Consume"],"picked":"Rebound","floor":6},{"not_picked":["Rebound","Auto Shields"],"picked":"Skim","floor":8},{"not_picked":["Beam Cell","Blizzard"],"picked":"Self Repair","floor":11},{"not_picked":["Rainbow","FTL"],"picked":"Cold Snap","floor":12},{"not_picked":["Sweeping Beam","Hologram"],"picked":"Defragment+1","floor":13},{"not_picked":["Hologram","Chaos"],"picked":"Coolheaded","floor":14},{"not_picked":["Thunder Strike","Buffer+1"],"picked":"Hyperbeam","floor":16},{"not_picked":["Beam Cell+1","Conserve Battery"],"picked":"Gash","floor":18},{"not_picked":["Recycle","Compile Driver","Rip and Tear"],"picked":"SKIP","floor":19},{"not_picked":["Gash","Scrape"],"picked":"Streamline","floor":21}],"player_experience":316656,"relics_obtained":[{"floor":6,"key":"Pantograph"},{"floor":8,"key":"Anchor"},{"floor":9,"key":"Regal Pillow"},{"floor":11,"key":"Matryoshka"},{"floor":12,"key":"Frozen Egg 2"}],"event_choices":[{"damage_healed":0,"gold_gain":0,"player_choice":"Searched \u00271\u0027 times","damage_taken":0,"max_hp_gain":0,"max_hp_loss":0,"event_name":"Dead Adventurer","floor":12,"gold_loss":0},{"damage_healed":0,"gold_gain":0,"cards_transformed":["Strike_B"],"player_choice":"Transformed","damage_taken":0,"max_hp_gain":0,"max_hp_loss":0,"event_name":"Transmorgrifier","floor":20,"gold_loss":0,"cards_obtained":["Barrage"]}],"is_beta":false,"boss_relics":[{"not_picked":["Eternal Feather","Ectoplasm"],"picked":"Black Star"}],"items_purged_floors":[],"is_endless":false,"potions_floor_spawned":[1,11,13,16,19,21],"killed_by":"Centurion and Healer","ascension_level":3}