{"gold_per_floor":[217,237,187,207,224,257,257,283,283,299,354,63,63,63,63,162,162,173,199,214,114,39,39,66,66,120,120,135,147,147,165,165,264,264,274,274,374,385,37,366,386,386,386,386,400,26,26,43,43,43],"floor_reached":51,"playtime":6393,"items_purged":["Defend_P","Strike_P","Strike_P","Doubt"],"score":780,"play_id":"f15428fe-b064-448f-aef2-c0e29d0e35ce","local_time":"20190910185058","is_ascension_mode":false,"campfire_choices":[{"data":"Vigilance","floor":7.0,"key":"SMITH"},{"data":"ThirdEye","floor":13,"key":"SMITH"},{"floor":15,"key":"REST"},{"floor":23,"key":"REST"},{"data":"CarveReality","floor":25,"key":"SMITH"},{"data":"CutThroughFate","floor":32,"key":"SMITH"},{"data":"EmptyMind","floor":42,"key":"SMITH"},{"floor":49,"key":"REST"}],"neow_cost":"NONE","seed_source_timestamp":0,"circlet_count":0,"master_deck":["Strike_P","Defend_P","Defend_P","Eruption","Vigilance+1","CutThroughFate+1","ThirdEye+1","EmptyBody","Halt","EmptyMind+1","CarveReality+1","Protect+1","JustLucky+1","Secret Technique+1","Consecrate+1","ReachHeaven+1","WaveOfTheHand+1","CrushJoints+1","Swivel+1","Crescendo+1","Weave+1","EmptyFist+1","Conclude+1","Vault+1","Madness+1","Madness+1","PathToVictory+1","WindmillStrike+1","DeusExMachina+1","Injury","Dramatic Entrance+1"],"special_seed":0,"relics":["PureWater","Happy Flower","Letter Opener","Toxic Egg 2","Molten Egg 2","Cursed Key","Red Mask","Anchor","Melange","Busted Crown","FossilizedHelix","Old Coin","Kunai","Turnip","Strawberry"],"potions_floor_usage":[11,24,33,33,45,50,50,50],"damage_taken":[{"damage":1.0,"enemies":"Jaw Worm","floor":1.0,"turns":3.0},{"damage":0.0,"enemies":"2 Louse","floor":2.0,"turns":2.0},{"damage":3.0,"enemies":"Small Slimes","floor":4.0,"turns":4.0},{"damage":3.0,"enemies":"Looter","floor":5.0,"turns":2.0},{"damage":10.0,"enemies":"3 Sentries","floor":6.0,"turns":8.0},{"damage":8,"enemies":"Lagavulin","floor":8,"turns":9},{"damage":0,"enemies":"Exordium Wildlife","floor":10,"turns":3},{"damage":11,"enemies":"Gremlin Nob","floor":11,"turns":3},{"damage":0,"enemies":"Slime Boss","floor":16,"turns":5},{"damage":0,"enemies":"3 Byrds","floor":18,"turns":4},{"damage":21,"enemies":"Masked Bandits","floor":19,"turns":4},{"damage":7,"enemies":"Shell Parasite","floor":20,"turns":5},{"damage":0,"enemies":"Slavers","floor":24,"turns":5},{"damage":0,"enemies":"Centurion and Healer","floor":28,"turns":3},{"damage":1,"enemies":"Shelled Parasite and Fungi","floor":29,"turns":4},{"damage":0,"enemies":"3 Cultists","floor":31,"turns":4},{"damage":24,"enemies":"Champ","floor":33,"turns":6},{"damage":2,"enemies":"3 Shapes","floor":35,"turns":3},{"damage":0,"enemies":"Mind Bloom Boss Battle","floor":37,"turns":3},{"damage":0,"enemies":"Orb Walker","floor":38,"turns":1},{"damage":0,"enemies":"Giant Head","floor":40,"turns":6},{"damage":0,"enemies":"Jaw Worm Horde","floor":41,"turns":2},{"damage":0,"enemies":"Maw","floor":45,"turns":5},{"damage":0,"enemies":"4 Shapes","floor":48,"turns":4},{"damage":46,"enemies":"Donu and Deca","floor":50,"turns":13}],"seed_played":"-4177318241558797580","potions_obtained":[{"floor":4.0,"key":"PowerPotion"},{"floor":5.0,"key":"AttackPotion"},{"floor":10,"key":"Strength Potion"},{"floor":11,"key":"PowerPotion"},{"floor":20,"key":"Explosive Potion"},{"floor":28,"key":"Energy Potion"},{"floor":29,"key":"PowerPotion"},{"floor":33,"key":"Regen Potion"},{"floor":35,"key":"Swift Potion"},{"floor":38,"key":"AttackPotion"},{"floor":40,"key":"AttackPotion"},{"floor":48,"key":"Dexterity Potion"}],"is_trial":false,"path_per_floor":["M","M","?","M","M","E","R","E","T","M","?","$","R","?","R","B",null,"M","?","M","$","?","R","E","R","T","?","M","M","?","M","R","B",null,"M","?","?","M","$","E","M","R","T","T","M","$","?","M","R","B",null],"character_chosen":"WATCHER","items_purchased":["Secret Technique+1","Consecrate+1","PathToVictory+1","WindmillStrike+1","DeusExMachina+1","Strawberry","Regen Potion"],"campfire_rested":3,"item_purchase_floors":[12,12,39,39,39,46,46],"current_hp_per_floor":[64,64,64,61,58,48,48,40,40,40,29,29,29,29,48,48,65,65,44,37,37,37,56,56,56,56,56,56,55,55,55,55,31,65,63,55,55,55,55,55,55,55,55,55,55,62,62,62,72,58],"gold":43,"neow_bonus":"HUNDRED_GOLD","is_prod":false,"is_daily":false,"chose_seed":false,"campfire_upgraded":5,"win_rate":0.0,"timestamp":1568159458,"path_taken":["M","M","?","M","M","E","R","E","T","M","?","$","R","?","R","BOSS","M","?","M","$","?","R","E","R","T","?","?","M","?","M","R","BOSS","M","?","?","M","$","E","M","R","T","?","M","$","?","M","R","BOSS"],"build_version":"2019-09-09v2","purchased_purges":4,"victory":true,"max_hp_per_floor":[65,65,65,65,65,65,65,65,65,65,65,65,65,65,65,65,65,65,65,65,65,65,65,65,65,65,65,65,65,65,65,65,65,65,65,65,65,65,65,65,65,65,65,65,65,72,72,72,72,72],"card_choices":[{"not_picked":["FlyingSleeves","Tantrum"],"picked":"CutThroughFate","floor":1.0},{"not_picked":["FlyingSleeves","TalkToTheHand"],"picked":"ThirdEye","floor":2.0},{"not_picked":["FlyingSleeves","Consecrate"],"picked":"EmptyBody","floor":4.0},{"not_picked":["Meditate","Prostrate"],"picked":"Halt","floor":5.0},{"not_picked":["ThirdEye","FlyingSleeves"],"picked":"EmptyMind","floor":6.0},{"not_picked":["TalkToTheHand","EmptyBody"],"picked":"CarveReality","floor":8},{"not_picked":["ThirdEye+1","Weave"],"picked":"Protect+1","floor":10},{"not_picked":["SignatureMove","TalkToTheHand"],"picked":"JustLucky","floor":11},{"not_picked":["Unraveling+1","Ragnarok+1"],"picked":"ReachHeaven+1","floor":16},{"not_picked":["Establishment","ClearTheMind+1"],"picked":"WaveOfTheHand+1","floor":18},{"not_picked":["ThirdEye+1","EmptyFist+1"],"picked":"CrushJoints+1","floor":19},{"not_picked":["Protect+1","Prostrate+1"],"picked":"Swivel+1","floor":20},{"not_picked":["ClearTheMind+1","Wallop+1"],"picked":"Crescendo+1","floor":24},{"not_picked":["StepAndStrike+1","EmptyMind+1"],"picked":"Weave+1","floor":28},{"not_picked":["JustLucky+1","CutThroughFate+1"],"picked":"EmptyFist+1","floor":29},{"not_picked":["Protect+1","EmptyBody+1"],"picked":"Conclude+1","floor":31},{"not_picked":["Blasphemy+1","Wallop+1"],"picked":"Vault+1","floor":33},{"not_picked":["CleanseEvil+1"],"picked":"SKIP","floor":35},{"not_picked":["Worship+1"],"picked":"SKIP","floor":38},{"not_picked":["WaveOfTheHand+1"],"picked":"SKIP","floor":40},{"not_picked":["Tantrum+1"],"picked":"SKIP","floor":41},{"not_picked":["PathToVictory+1"],"picked":"SKIP","floor":45},{"not_picked":[],"picked":"Dramatic Entrance+1","floor":47},{"not_picked":["Tantrum+1"],"picked":"SKIP","floor":48}],"player_experience":241310,"relics_obtained":[{"floor":6.0,"key":"Happy Flower"},{"floor":8,"key":"Letter Opener"},{"floor":9,"key":"Toxic Egg 2"},{"floor":11,"key":"Molten Egg 2"},{"floor":19,"key":"Red Mask"},{"floor":24,"key":"Anchor"},{"floor":26,"key":"Melange"},{"floor":37,"key":"FossilizedHelix"},{"floor":40,"key":"Old Coin"},{"floor":43,"key":"Kunai"},{"floor":44,"key":"Turnip"}],"event_choices":[{"cards_removed":["Strike_P"],"damage_healed":0.0,"max_hp_gain":0.0,"max_hp_loss":0.0,"gold_gain":0.0,"event_name":"The Cleric","player_choice":"Card Removal","floor":3.0,"gold_loss":50.0,"damage_taken":0.0},{"damage_healed":0,"gold_gain":30,"player_choice":"Searched \u00272\u0027 times","damage_taken":0,"max_hp_gain":0,"max_hp_loss":0,"event_name":"Dead Adventurer","floor":11,"gold_loss":0},{"damage_healed":0,"gold_gain":0,"player_choice":"Ignored","damage_taken":0,"max_hp_gain":0,"max_hp_loss":0,"event_name":"Liars Game","floor":14,"gold_loss":0},{"damage_healed":0,"gold_gain":0,"player_choice":"Fought Bandits","damage_taken":0,"max_hp_gain":0,"max_hp_loss":0,"event_name":"Masked Bandits","floor":19,"gold_loss":0},{"cards_removed":["Defend_P"],"damage_healed":0,"gold_gain":0,"player_choice":"Gave Gold","damage_taken":0,"max_hp_gain":0,"max_hp_loss":0,"event_name":"Beggar","floor":22,"gold_loss":75},{"damage_healed":0,"gold_gain":0,"cards_transformed":["Doubt"],"player_choice":"Transformed","damage_taken":0,"max_hp_gain":0,"max_hp_loss":0,"event_name":"Transmorgrifier","floor":27,"gold_loss":0,"cards_obtained":["Regret"]},{"cards_removed":["Regret"],"damage_healed":0,"gold_gain":0,"player_choice":"Elegance","damage_taken":0,"max_hp_gain":0,"max_hp_loss":0,"event_name":"Back to Basics","floor":30,"gold_loss":0},{"damage_healed":0,"gold_gain":0,"player_choice":"Embrace Madness","damage_taken":8,"max_hp_gain":0,"max_hp_loss":0,"event_name":"Winding Halls","floor":36,"gold_loss":0,"cards_obtained":["Madness","Madness"]},{"damage_healed":0,"gold_gain":0,"player_choice":"Fight","damage_taken":0,"max_hp_gain":0,"max_hp_loss":0,"event_name":"MindBloom","floor":37,"gold_loss":0},{"damage_healed":0,"gold_gain":0,"player_choice":"Memory 1","damage_taken":0,"max_hp_gain":0,"max_hp_loss":0,"event_name":"SensoryStone","floor":47,"gold_loss":0}],"is_beta":true,"boss_relics":[{"not_picked":["Philosopher\u0027s Stone","Astrolabe"],"picked":"Cursed Key"},{"not_picked":["Snecko Eye","Black Star"],"picked":"Busted Crown"}],"items_purged_floors":[12,21,39,46],"is_endless":false,"potions_floor_spawned":[4,5,10,11,20,28,29,33,35,38,40,48],"ascension_level":0}