{"gold_per_floor":[115,115,127,30,49,49,77,77,100,100],"floor_reached":10,"playtime":497,"items_purged":["Strike_P"],"score":69,"play_id":"b98e2af8-8aaf-42ca-8e8e-08141590b519","local_time":"20190911094958","is_ascension_mode":true,"campfire_choices":[{"data":"Devotion","floor":6,"key":"SMITH"}],"neow_cost":"NONE","seed_source_timestamp":659918825954300,"circlet_count":0,"master_deck":["Strike_P","Strike_P","Strike_P","Defend_P","Defend_P","Defend_P","Defend_P","Eruption","Vigilance","EmptyMind","Devotion+1","FollowUp","Conclude","Injury"],"relics":["PureWater","NeowsBlessing","Juzu Bracelet","Golden Idol","InkBottle"],"potions_floor_usage":[7,7],"damage_taken":[{"damage":0,"enemies":"2 Louse","floor":1,"turns":1},{"damage":0,"enemies":"Cultist","floor":3,"turns":1},{"damage":0,"enemies":"Small Slimes","floor":5,"turns":1},{"damage":24,"enemies":"3 Sentries","floor":7,"turns":7},{"damage":43,"enemies":"Lagavulin","floor":10,"turns":8}],"seed_played":"8957660400616505321","potions_obtained":[{"floor":1,"key":"DuplicationPotion"},{"floor":5,"key":"AttackPotion"},{"floor":7,"key":"Strength Potion"}],"is_trial":false,"path_per_floor":["M","?","M","$","M","R","E","?","T","E"],"character_chosen":"WATCHER","items_purchased":["FollowUp"],"campfire_rested":0,"item_purchase_floors":[4],"current_hp_per_floor":[65,65,65,65,65,65,41,41,41,0],"gold":100,"neow_bonus":"THREE_ENEMY_KILL","is_prod":false,"is_daily":false,"chose_seed":false,"campfire_upgraded":1,"win_rate":0,"timestamp":1568213398,"path_taken":["M","?","M","$","?","R","E","?","T","E"],"build_version":"2019-09-10","purchased_purges":1,"victory":false,"max_hp_per_floor":[65,65,65,65,65,65,65,65,65,65],"card_choices":[{"not_picked":["FlurryOfBlows","Collect"],"picked":"EmptyMind","floor":1},{"not_picked":["Protect","Halt"],"picked":"Devotion","floor":3},{"not_picked":["FollowUp","Weave","Wireheading"],"picked":"SKIP","floor":5},{"not_picked":["CutThroughFate","FollowUp"],"picked":"Conclude","floor":7}],"player_experience":255160,"relics_obtained":[{"floor":7,"key":"Juzu Bracelet"},{"floor":9,"key":"InkBottle"}],"event_choices":[{"damage_healed":0,"gold_gain":0,"player_choice":"Bought 0 Potions","damage_taken":0,"max_hp_gain":0,"max_hp_loss":0,"event_name":"The Woman in Blue","floor":2,"gold_loss":0},{"damage_healed":0,"gold_gain":0,"player_choice":"Take Wound","damage_taken":0,"relics_obtained":["Golden Idol"],"max_hp_gain":0,"max_hp_loss":0,"event_name":"Golden Idol","floor":8,"gold_loss":0,"cards_obtained":["Injury"]}],"is_beta":true,"boss_relics":[],"items_purged_floors":[4],"is_endless":false,"potions_floor_spawned":[1,5,7],"killed_by":"Lagavulin","ascension_level":1}