{"path_per_floor":["M","M","?","M","?","R","?","M","T","M","$","M","R","M","R","B",null,"M","?","?","?","M"],"character_chosen":"THE_SILENT","items_purchased":[],"gold_per_floor":[116,132,132,149,149,149,99,110,110,122,47,66,66,78,78,173,173,193,193,193,373,298],"floor_reached":23,"campfire_rested":1,"playtime":2331,"current_hp_per_floor":[62,55,48,43,43,43,43,30,30,26,26,19,19,14,32,28,63,52,52,52,28,20],"items_purged":["Defend_G"],"gold":298,"score":181,"play_id":"568e8ca0-745b-4c76-b794-e81105a4fe1f","local_time":"20180304172604","is_prod":false,"is_daily":false,"is_ascension_mode":false,"campfire_upgraded":0,"timestamp":1520202364,"path_taken":["M","?","?","M","?","R","?","M","T","M","?","M","R","M","R","BOSS","M","?","?","?","?","E"],"build_version":"2018-03-01-PROD1","purchased_purges":1,"victory":false,"master_deck":["Defend_G","Defend_G","Strike_G","Strike_G","Strike_G","Survivor","Neutralize","Burst","Backflip","Bouncing Flask","Backflip","Backflip","Deflect","Deadly Poison+1","Deadly Poison+1","Blur","Acrobatics"],"max_hp_per_floor":[63,63,63,63,63,63,63,63,63,63,63,63,63,63,63,63,63,63,63,63,63,63],"relics":["Ring of the Snake","Peace Pipe","Orichalcum","Question Card"],"card_choices":[{"not_picked":["Wraith Form","Phantasmal Killer"],"picked":"Burst"},{"not_picked":["Prepared","Flying Knee"],"picked":"Backflip"},{"not_picked":["Bane","Dodge and Roll"],"picked":"Bouncing Flask"},{"not_picked":["Well Laid Plans","Envenom"],"picked":"Backflip"},{"not_picked":["Finisher","Acrobatics"],"picked":"Backflip"},{"not_picked":["Dagger Throw","Backflip"],"picked":"Deflect"},{"not_picked":["Bane","Underhanded Strike","Deflect"],"picked":"Deadly Poison"},{"not_picked":["Backflip","Poisoned Stab","Quick Slash"],"picked":"Acrobatics"}],"player_experience":41551,"potions_floor_usage":[16,16],"damage_taken":[{"damage":1,"enemies":"Cultist","floor":1,"turns":5},{"damage":7,"enemies":"Jaw Worm","floor":2,"turns":8},{"damage":5,"enemies":"2 Louse","floor":4,"turns":2},{"damage":13,"enemies":"Large Slime","floor":8,"turns":7},{"damage":4,"enemies":"Looter","floor":10,"turns":4},{"damage":7,"enemies":"3 Louse","floor":12,"turns":3},{"damage":5,"enemies":"Exordium Wildlife","floor":14,"turns":9},{"damage":4,"enemies":"The Guardian","floor":16,"turns":13},{"damage":11,"enemies":"Spheric Guardian","floor":18,"turns":5},{"damage":8,"enemies":"2 Thieves","floor":22,"turns":5},{"damage":22,"enemies":"Book of Stabbing","floor":23,"turns":4}],"event_choices":[{"event_name":"Scrap Ooze","player_choice":"success","floor":3,"damage_taken":7},{"event_name":"Living Wall","player_choice":"Forget","floor":5,"damage_taken":0},{"event_name":"The Cleric","player_choice":"Card Removal","floor":7,"damage_taken":0},{"event_name":"Duplicator","player_choice":"One dupe","floor":19,"damage_taken":0},{"event_name":"The Library","player_choice":"Read","floor":20,"damage_taken":0},{"event_name":"Knowing Skull","player_choice":"GOLD GOLD ","floor":21,"damage_taken":0}],"boss_relics":[{"not_picked":["Eternal Feather","Ectoplasm"],"picked":"Question Card"}],"potions_floor_spawned":[10,12],"seed_played":"-5952842367789599500","killed_by":"Book of Stabbing","ascension_level":0,"is_trial":false}