{"path_per_floor":["M","M","M","$","M","R","M","M","T","T","R","M","R","$","R","B",null,"M","M","$","?","M","?","E","R","T","R","M","M","R","M","R","B",null,"M","M","?","$","?","R","M","$","T","M","?","?","R","M","R"],"character_chosen":"THE_SILENT","items_purchased":["Bane","Noxious Fumes","Snake Skull"],"gold_per_floor":[109,120,134,13,29,29,41,60,86,86,86,105,105,5,5,103,103,119,139,102,102,120,120,145,145,145,145,155,173,173,186,186,282,282,294,308,308,38,38,38,53,53,80,91,91,91,91,111,111,111],"floor_reached":50,"campfire_rested":2,"playtime":4347,"current_hp_per_floor":[69,69,69,69,64,64,62,57,57,57,57,57,57,57,57,40,70,70,57,57,57,48,70,46,54,54,62,62,47,55,28,57,2,70,49,29,20,20,20,30,30,30,30,19,19,19,31,28,61,0],"items_purged":["Strike_G","Strike_G","Strike_G"],"gold":111,"score":481,"play_id":"c778957a-5f0e-4ede-99dc-bebc0fe102c7","local_time":"20180520013313","is_prod":false,"is_daily":false,"chose_seed":false,"is_ascension_mode":false,"campfire_upgraded":9,"timestamp":1526805193,"campfire_choices":[{"data":"Survivor","floor":6,"key":"SMITH"},{"data":"Neutralize","floor":11,"key":"SMITH"},{"data":"Infinite Blades","floor":13,"key":"SMITH"},{"data":"Footwork","floor":15,"key":"SMITH"},{"data":"Blur","floor":25,"key":"SMITH"},{"data":"Noxious Fumes","floor":27,"key":"SMITH"},{"data":"Burst","floor":30,"key":"SMITH"},{"floor":32,"key":"REST"},{"data":"Deflect","floor":40,"key":"SMITH"},{"data":"Adrenaline","floor":47,"key":"SMITH"},{"floor":49,"key":"REST"}],"path_taken":["M","M","M","$","M","R","M","M","T","?","R","M","R","?","R","BOSS","M","M","$","?","M","?","E","R","T","R","M","M","R","M","R","BOSS","M","M","?","$","?","R","M","$","T","?","?","?","R","M","R","BOSS"],"build_version":"2018-05-17","seed_source_timestamp":879590901309,"purchased_purges":3,"victory":false,"master_deck":["Defend_G","Defend_G","Defend_G","Defend_G","Defend_G","Strike_G","Strike_G","Survivor+1","Neutralize+1","Poisoned Stab","Footwork+1","Dagger Spray","Bane","Deflect+1","Infinite Blades+1","Cloak And Dagger","Burst+1","Deadly Poison","Noxious Fumes+1","Prepared","Blur+1","Flying Knee","Blur","Adrenaline+1","Leg Sweep+1","Escape Plan+1","Madness","Madness","Backflip+1","Bouncing Flask","Catalyst"],"max_hp_per_floor":[70,70,70,70,70,70,70,70,70,70,70,70,70,70,70,70,70,70,70,70,70,70,70,70,70,70,70,70,70,70,70,70,70,70,70,70,70,70,70,70,70,70,70,70,70,70,70,70,70,70],"relics":["Ring of the Snake","Ancient Tea Set","Bottled Flame","Eternal Feather","Paper Crane","Toolbox","Orrery","Snake Skull","Pen Nib"],"card_choices":[{"not_picked":["Heel Hook","Choke"],"picked":"Poisoned Stab","floor":1},{"not_picked":["Malaise","Expertise"],"picked":"Footwork","floor":2},{"not_picked":["Endless Agony","PiercingWail"],"picked":"Dagger Spray","floor":3},{"not_picked":["Acrobatics","Outmaneuver"],"picked":"Deflect","floor":5},{"not_picked":["Underhanded Strike","Slice"],"picked":"Infinite Blades","floor":7},{"not_picked":["PiercingWail","Quick Slash","Bane"],"picked":"SKIP","floor":8},{"not_picked":["Venomology","Dagger Throw"],"picked":"Cloak And Dagger","floor":12},{"not_picked":["Glass Knife","Adrenaline"],"picked":"Burst","floor":16},{"not_picked":["Cloak And Dagger","Sucker Punch"],"picked":"Deadly Poison","floor":18},{"not_picked":["Quick Slash+1","Dodge and Roll","Deflect"],"picked":"SKIP","floor":19},{"not_picked":["Eviscerate","Flechettes"],"picked":"Prepared","floor":22},{"not_picked":["Expertise","Prepared+1"],"picked":"Blur","floor":24},{"not_picked":["Prepared","Deadly Poison+1"],"picked":"Flying Knee","floor":28},{"not_picked":["Flying Knee","Deflect"],"picked":"Blur","floor":29},{"not_picked":["Storm of Steel","Malaise","Poisoned Stab+1"],"picked":"SKIP","floor":31},{"not_picked":["Burst","Storm of Steel"],"picked":"Adrenaline","floor":33},{"not_picked":["Slice+1","Backstab"],"picked":"Leg Sweep","floor":34},{"not_picked":["Flying Knee","Backstab+1","Outmaneuver+1"],"picked":"SKIP","floor":35},{"not_picked":["Crippling Poison","Poisoned Stab"],"picked":"Escape Plan+1","floor":36},{"not_picked":["Well Laid Plans+1","Dagger Throw"],"picked":"Backflip+1","floor":41},{"not_picked":["Slice","Outmaneuver"],"picked":"Bouncing Flask","floor":44},{"not_picked":["Deadly Poison","Night Terror"],"picked":"Catalyst","floor":48}],"player_experience":204848,"potions_floor_usage":[16,24,33,33,50,50],"damage_taken":[{"damage":1,"enemies":"Cultist","floor":1,"turns":5},{"damage":0,"enemies":"Jaw Worm","floor":2,"turns":3},{"damage":0,"enemies":"2 Louse","floor":3,"turns":2},{"damage":5,"enemies":"Looter","floor":5,"turns":3},{"damage":2,"enemies":"Large Slime","floor":7,"turns":11},{"damage":5,"enemies":"Blue Slaver","floor":8,"turns":5},{"damage":0,"enemies":"3 Louse","floor":12,"turns":3},{"damage":17,"enemies":"Slime Boss","floor":16,"turns":16},{"damage":0,"enemies":"Shell Parasite","floor":18,"turns":12},{"damage":13,"enemies":"Spheric Guardian","floor":19,"turns":7},{"damage":9,"enemies":"Centurion and Healer","floor":22,"turns":8},{"damage":25,"enemies":"Book of Stabbing","floor":24,"turns":8},{"damage":0,"enemies":"Snake Plant","floor":28,"turns":6},{"damage":15,"enemies":"Snecko","floor":29,"turns":8},{"damage":27,"enemies":"Slaver and Parasite","floor":31,"turns":9},{"damage":55,"enemies":"Automaton","floor":33,"turns":15},{"damage":21,"enemies":"3 Darklings","floor":35,"turns":8},{"damage":20,"enemies":"Orb Walker","floor":36,"turns":6},{"damage":0,"enemies":"Maw","floor":41,"turns":9},{"damage":11,"enemies":"3 Darklings","floor":44,"turns":6},{"damage":3,"enemies":"4 Shapes","floor":48,"turns":6},{"damage":77,"enemies":"Time Eater","floor":50,"turns":9}],"relics_obtained":[{"floor":9,"key":"Ancient Tea Set"},{"floor":10,"key":"Bottled Flame"},{"floor":24,"key":"Paper Crane"},{"floor":26,"key":"Toolbox"},{"floor":43,"key":"Pen Nib"}],"event_choices":[{"event_name":"The Lab","player_choice":"Got Potions","floor":21,"damage_taken":0},{"event_name":"The Library","player_choice":"Heal","floor":23,"damage_taken":0},{"event_name":"Winding Halls","player_choice":"Embrace Madness","floor":37,"damage_taken":0},{"event_name":"Upgrade Shrine","player_choice":"Upgraded","floor":39,"damage_taken":0},{"event_name":"Match and Keep!","player_choice":"0 cards matched","floor":45,"damage_taken":0},{"event_name":"Mysterious Sphere","player_choice":"Ignore","floor":46,"damage_taken":0}],"boss_relics":[{"not_picked":["Runic Pyramid","Black Star"],"picked":"Eternal Feather"},{"not_picked":["Pandora\u0027s Box","Velvet Choker"],"picked":"Orrery"}],"potions_floor_spawned":[1,2,3,7,16,19,22,35,44],"seed_played":"2364418525463587941","killed_by":"Time Eater","ascension_level":0,"potions_obtained":[{"floor":1,"key":"GhostInAJar"},{"floor":2,"key":"SpeedPotion"},{"floor":3,"key":"FearPotion"},{"floor":7,"key":"Dexterity Potion"},{"floor":16,"key":"Regen Potion"},{"floor":35,"key":"Fire Potion"},{"floor":44,"key":"Swift Potion"}],"is_trial":false}