{"gold_per_floor":[112,125,144,144,160,160,201,226,272,272,272,286,309,327,327,458,458,477,160,173,192,192],"floor_reached":22,"playtime":1130,"items_purged":["Defend_G"],"score":230,"play_id":"db2ee453-59ea-4389-afe8-f5a2b17871f4","local_time":"20190903223359","is_ascension_mode":true,"campfire_choices":[{"data":"Footwork","floor":6,"key":"SMITH"},{"data":"Deadly Poison","floor":11,"key":"SMITH"},{"floor":15,"key":"REST"}],"neow_cost":"NONE","seed_source_timestamp":682986260882200,"circlet_count":0,"master_deck":["Strike_G","Strike_G","Strike_G","Strike_G","Strike_G","Defend_G","Defend_G","Defend_G","Defend_G","Survivor","Neutralize","Dagger Spray","Deadly Poison+1","Footwork+1","PiercingWail","After Image","Dodge and Roll","Backflip","After Image","Well Laid Plans+1"],"relics":["Ring of the Snake","NeowsBlessing","Golden Idol","Blue Candle","Anchor","Philosopher\u0027s Stone","Matryoshka"],"potions_floor_usage":[7,16,16],"damage_taken":[{"damage":0,"enemies":"2 Louse","floor":1,"turns":1},{"damage":0,"enemies":"Small Slimes","floor":2,"turns":1},{"damage":0,"enemies":"Cultist","floor":3,"turns":1},{"damage":6,"enemies":"3 Louse","floor":5,"turns":5},{"damage":24,"enemies":"Lagavulin","floor":7,"turns":9},{"damage":0,"enemies":"Looter","floor":8,"turns":5},{"damage":19,"enemies":"Exordium Thugs","floor":12,"turns":5},{"damage":0,"enemies":"Exordium Wildlife","floor":13,"turns":4},{"damage":3,"enemies":"Lots of Slimes","floor":14,"turns":4},{"damage":22,"enemies":"The Guardian","floor":16,"turns":11},{"damage":0,"enemies":"Shell Parasite","floor":18,"turns":7},{"damage":0,"enemies":"Chosen","floor":20,"turns":6},{"damage":16,"enemies":"Snake Plant","floor":21,"turns":7},{"damage":0,"enemies":"3 Cultists","floor":22,"turns":1}],"seed_played":"357271091280818401","potions_obtained":[{"floor":3,"key":"Weak Potion"},{"floor":7,"key":"Strength Potion"},{"floor":13,"key":"Poison Potion"},{"floor":14,"key":"Regen Potion"},{"floor":21,"key":"Explosive Potion"}],"is_trial":false,"path_per_floor":["M","M","M","?","M","R","E","M","T","?","R","M","M","M","R","B",null,"M","$","M","M","M"],"character_chosen":"THE_SILENT","items_purchased":["Matryoshka"],"campfire_rested":1,"item_purchase_floors":[19],"current_hp_per_floor":[70,70,70,65,59,59,35,35,35,35,35,16,16,13,32,25,65,65,65,65,49,49],"gold":192,"neow_bonus":"THREE_ENEMY_KILL","is_prod":false,"is_daily":false,"chose_seed":false,"campfire_upgraded":2,"win_rate":0,"timestamp":1567564439,"path_taken":["M","M","M","?","M","R","E","M","T","?","R","M","?","M","R","BOSS","M","$","M","M","M"],"build_version":"2019-07-17","purchased_purges":1,"victory":false,"max_hp_per_floor":[70,70,70,65,65,65,65,65,65,65,65,65,65,65,65,65,65,65,65,65,65,65],"card_choices":[{"not_picked":["Deadly Poison","Finisher"],"picked":"Dagger Spray","floor":1},{"not_picked":["Infinite Blades","Masterful Stab"],"picked":"Deadly Poison","floor":2},{"not_picked":["Deadly Poison","Cloak And Dagger","Flying Knee"],"picked":"SKIP","floor":3},{"not_picked":["Reflex","Terror"],"picked":"Footwork","floor":5},{"not_picked":["Cloak And Dagger","Bane"],"picked":"PiercingWail","floor":7},{"not_picked":["Acrobatics","Underhanded Strike"],"picked":"After Image","floor":8},{"not_picked":["Endless Agony","Terror","Prepared"],"picked":"SKIP","floor":12},{"not_picked":["Skewer","Leg Sweep"],"picked":"Dodge and Roll","floor":13},{"not_picked":["Heel Hook","Quick Slash"],"picked":"Backflip","floor":14},{"not_picked":["Doppelganger","Tools of the Trade"],"picked":"After Image","floor":16},{"not_picked":["Leg Sweep","Flying Knee"],"picked":"Well Laid Plans+1","floor":18},{"not_picked":["Slice","Accuracy+1","Endless Agony+1"],"picked":"SKIP","floor":20},{"not_picked":["Sucker Punch","Slice","Underhanded Strike+1"],"picked":"SKIP","floor":21}],"player_experience":373435,"relics_obtained":[{"floor":7,"key":"Blue Candle"},{"floor":9,"key":"Anchor"}],"event_choices":[{"damage_healed":0,"gold_gain":0,"player_choice":"Lose Max HP","damage_taken":0,"relics_obtained":["Golden Idol"],"max_hp_gain":0,"max_hp_loss":5,"event_name":"Golden Idol","floor":4,"gold_loss":0},{"damage_healed":0,"gold_gain":0,"player_choice":"Bought 0 Potions","damage_taken":0,"max_hp_gain":0,"max_hp_loss":0,"event_name":"The Woman in Blue","floor":10,"gold_loss":0}],"is_beta":false,"boss_relics":[{"not_picked":["Fusion Hammer","Eternal Feather"],"picked":"Philosopher\u0027s Stone"}],"items_purged_floors":[19],"is_endless":false,"potions_floor_spawned":[3,7,13,14,21],"killed_by":"3 Cultists","ascension_level":4}