{"gold_per_floor":[119,119,119,21,40,40,75,75,75,75,94,94,9,50,50,176,176,201,225,225,175,31,52,96,96,171,194,194,109,109,144,144,263,263,282,282,301,8,21,61,61,77,77,77,2,2,27,46,46,46],"floor_reached":51,"playtime":3353,"items_purged":["Strike_B"],"score":1150,"play_id":"5e6e58be-4e8e-43a5-9872-6a70372c566b","local_time":"20191014202659","is_ascension_mode":true,"campfire_choices":[{"data":"Conserve Battery","floor":6,"key":"SMITH"},{"data":"Streamline","floor":8,"key":"SMITH"},{"data":"1","floor":12,"key":"LIFT"},{"data":"Defragment","floor":15,"key":"SMITH"},{"data":"Ghostly","floor":25,"key":"SMITH"},{"data":"Ghostly","floor":28,"key":"SMITH"},{"data":"Ghostly","floor":30,"key":"SMITH"},{"data":"Ghostly","floor":32,"key":"SMITH"},{"data":"Seek","floor":41,"key":"SMITH"},{"data":"Ghostly","floor":44,"key":"SMITH"},{"data":"Capacitor","floor":46,"key":"SMITH"},{"data":"Echo Form","floor":49,"key":"SMITH"}],"neow_cost":"NONE","seed_source_timestamp":279760121285400,"circlet_count":0,"master_deck":["Defend_B","Defend_B","Defend_B","Defend_B","Zap","Dualcast","Storm","Reinforced Body","Ball Lightning","Compile Driver","Conserve Battery+1","Streamline+1","Coolheaded","Glacier","Gash","Defragment+1","Electrodynamics","Gash","Melter+1","Ghostly+1","Ghostly+1","Ghostly+1","Ghostly+1","Ghostly+1","Echo Form+1","Reprogram+1","Defragment+1","Capacitor+1","Thunder Strike","Gash+1","Electrodynamics","Coolheaded","Seek+1","Compile Driver+1","Turbo+1","Coolheaded+1","Barrage","Parasite","Leap+1"],"relics":["Cracked Core","NeowsBlessing","Bottled Flame","Girya","Golden Idol","Dodecahedron","Philosopher\u0027s Stone","Torii","Cables","Symbiotic Virus","Vajra","Coffee Dripper","Frozen Eye","Blue Candle","CaptainsWheel"],"potions_floor_usage":[19,24,33,42,48,50,50],"damage_taken":[{"damage":0,"enemies":"Jaw Worm","floor":1,"turns":1},{"damage":0,"enemies":"2 Louse","floor":5,"turns":1},{"damage":0,"enemies":"Lagavulin","floor":7,"turns":1},{"damage":0,"enemies":"Cultist","floor":11,"turns":2},{"damage":8,"enemies":"3 Sentries","floor":14,"turns":6},{"damage":1,"enemies":"The Guardian","floor":16,"turns":10},{"damage":25,"enemies":"3 Byrds","floor":18,"turns":4},{"damage":3,"enemies":"Chosen","floor":19,"turns":4},{"damage":0,"enemies":"Snake Plant","floor":23,"turns":5},{"damage":0,"enemies":"Slavers","floor":24,"turns":4},{"damage":0,"enemies":"Shelled Parasite and Fungi","floor":27,"turns":6},{"damage":0,"enemies":"Book of Stabbing","floor":31,"turns":7},{"damage":0,"enemies":"Collector","floor":33,"turns":7},{"damage":0,"enemies":"Orb Walker","floor":35,"turns":3},{"damage":0,"enemies":"3 Shapes","floor":37,"turns":3},{"damage":0,"enemies":"Spire Growth","floor":39,"turns":4},{"damage":2,"enemies":"Reptomancer","floor":40,"turns":5},{"damage":0,"enemies":"Jaw Worm Horde","floor":42,"turns":4},{"damage":0,"enemies":"Transient","floor":47,"turns":5},{"damage":1,"enemies":"Writhing Mass","floor":48,"turns":5},{"damage":5,"enemies":"Donu and Deca","floor":50,"turns":9}],"seed_played":"-6942098335064357431","potions_obtained":[{"floor":1,"key":"AttackPotion"},{"floor":5,"key":"GamblersBrew"},{"floor":18,"key":"SmokeBomb"},{"floor":24,"key":"SkillPotion"},{"floor":31,"key":"Fire Potion"},{"floor":39,"key":"Weak Potion"},{"floor":40,"key":"DuplicationPotion"},{"floor":47,"key":"Swift Potion"},{"floor":48,"key":"Regen Potion"}],"is_trial":false,"path_per_floor":["M","?","?","$","M","R","E","R","T","?","M","R","$","E","R","B",null,"M","M","?","?","$","M","E","R","T","M","R","?","R","E","R","B",null,"M","?","M","$","M","E","R","M","T","R","$","R","M","M","R","B",null],"character_chosen":"DEFECT","items_purchased":["Ball Lightning","Compile Driver","Glacier","Gash","Echo Form","Seek","Frozen Eye"],"campfire_rested":0,"item_purchase_floors":[4,4,13,13,22,38,38],"current_hp_per_floor":[68,68,61,61,61,61,61,61,61,61,61,61,61,53,53,52,65,40,37,34,34,34,34,34,34,34,34,34,34,34,34,34,34,34,34,34,34,34,34,32,32,32,32,32,32,32,32,31,31,34],"gold":46,"neow_bonus":"THREE_ENEMY_KILL","is_prod":false,"is_daily":false,"chose_seed":false,"campfire_upgraded":11,"win_rate":0,"timestamp":1571102819,"path_taken":["M","?","?","$","M","R","E","R","T","?","M","R","$","E","R","BOSS","M","M","?","?","$","M","E","R","T","?","R","?","R","E","R","BOSS","M","?","M","$","?","E","R","M","T","R","$","R","M","M","R","BOSS"],"build_version":"2019-10-14","purchased_purges":1,"victory":true,"max_hp_per_floor":[75,75,75,75,75,75,75,75,75,69,69,69,69,69,69,69,69,69,69,34,34,34,34,34,34,34,34,34,34,34,34,34,34,34,34,34,34,34,34,34,34,34,34,34,34,34,34,34,34,34],"card_choices":[{"not_picked":["Redo","Stack"],"picked":"Storm","floor":1},{"not_picked":["Stack","Rebound"],"picked":"Conserve Battery","floor":5},{"not_picked":["Turbo","Barrage"],"picked":"Streamline","floor":7},{"not_picked":["Scrape","Ball Lightning"],"picked":"Coolheaded","floor":11},{"not_picked":["Hologram","FTL"],"picked":"Defragment","floor":14},{"not_picked":["Amplify","Rainbow"],"picked":"Electrodynamics","floor":16},{"not_picked":["Ball Lightning","Storm"],"picked":"Gash","floor":18},{"not_picked":["Rebound","Consume"],"picked":"Melter+1","floor":19},{"not_picked":["Steam","Stack+1","Conserve Battery"],"picked":"SKIP","floor":23},{"not_picked":["Compile Driver","Sweeping Beam"],"picked":"Reprogram+1","floor":24},{"not_picked":["Redo","Barrage"],"picked":"Defragment+1","floor":27},{"not_picked":["Reinforced Body+1","Scrape"],"picked":"Capacitor","floor":31},{"not_picked":["Reboot","Rainbow"],"picked":"Thunder Strike","floor":33},{"not_picked":["Reprogram","Streamline+1"],"picked":"Gash+1","floor":35},{"not_picked":["Melter+1","Steam"],"picked":"Coolheaded","floor":37},{"not_picked":["Rebound+1","Turbo+1"],"picked":"Compile Driver+1","floor":39},{"not_picked":["FTL","Ball Lightning"],"picked":"Turbo+1","floor":40},{"not_picked":["Conserve Battery+1","Double Energy"],"picked":"Coolheaded+1","floor":42},{"not_picked":["Skim","Sweeping Beam+1"],"picked":"Barrage","floor":47},{"not_picked":["Chaos","Doom and Gloom"],"picked":"Leap+1","floor":48}],"player_experience":489330,"relics_obtained":[{"floor":7,"key":"Bottled Flame"},{"floor":9,"key":"Girya"},{"floor":14,"key":"Dodecahedron"},{"floor":24,"key":"Torii"},{"floor":26,"key":"Cables"},{"floor":31,"key":"Vajra"},{"floor":40,"key":"Blue Candle"},{"floor":43,"key":"CaptainsWheel"}],"event_choices":[{"damage_healed":0,"gold_gain":0,"cards_transformed":["Strike_B"],"player_choice":"Change","damage_taken":0,"max_hp_gain":0,"max_hp_loss":0,"event_name":"Living Wall","floor":2,"gold_loss":0,"cards_obtained":["Reinforced Body"]},{"cards_removed":["Strike_B"],"damage_healed":0,"gold_gain":0,"player_choice":"Card Removal","damage_taken":7,"max_hp_gain":0,"max_hp_loss":0,"event_name":"Golden Wing","floor":3,"gold_loss":0},{"damage_healed":0,"gold_gain":0,"player_choice":"Lose Max HP","damage_taken":0,"relics_obtained":["Golden Idol"],"max_hp_gain":0,"max_hp_loss":6,"event_name":"Golden Idol","floor":10,"gold_loss":0},{"damage_healed":0,"gold_gain":0,"player_choice":"Became a Ghost","damage_taken":0,"max_hp_gain":0,"max_hp_loss":35,"event_name":"Ghosts","floor":20,"gold_loss":0,"cards_obtained":["Ghostly","Ghostly","Ghostly","Ghostly","Ghostly"]},{"damage_healed":0,"gold_gain":0,"player_choice":"Bet on Owner","damage_taken":0,"max_hp_gain":0,"max_hp_loss":0,"event_name":"The Joust","floor":21,"gold_loss":50},{"damage_healed":0,"gold_gain":0,"player_choice":"Obtained Relic","damage_taken":0,"relics_obtained":["Symbiotic Virus"],"max_hp_gain":0,"max_hp_loss":0,"event_name":"Addict","floor":29,"gold_loss":85},{"damage_healed":0,"gold_gain":0,"cards_transformed":["Strike_B"],"player_choice":"Transformed","damage_taken":0,"max_hp_gain":0,"max_hp_loss":0,"event_name":"Transmorgrifier","floor":36,"gold_loss":0,"cards_obtained":["Electrodynamics"]}],"is_beta":true,"boss_relics":[{"not_picked":["Black Star","Astrolabe"],"picked":"Philosopher\u0027s Stone"},{"not_picked":["Calling Bell","FrozenCore"],"picked":"Coffee Dripper"}],"items_purged_floors":[45],"is_endless":false,"potions_floor_spawned":[1,5,18,24,31,39,40,47,48],"ascension_level":7}