{"path_per_floor":["M","?","M","M","M","E","M","R","T","R","M","M","?","M","R","B",null,"M","?","M","?","?","R","M","?","T","$"],"character_chosen":"THE_SILENT","items_purchased":["Tiny Chest","Noxious Fumes","Blood Vial"],"gold_per_floor":[119,294,304,320,334,368,378,378,378,378,391,402,402,418,418,514,514,524,624,644,644,644,644,659,659,686,305],"floor_reached":28,"campfire_rested":3,"playtime":2628,"current_hp_per_floor":[69,69,69,69,55,36,27,48,48,48,48,52,52,25,46,26,70,40,40,23,23,23,44,3,3,3,3],"items_purged":["Regret"],"gold":305,"score":222,"play_id":"b8d9ac5a-e4c5-4d5f-a271-b5688a032399","local_time":"20180304084612","is_prod":false,"is_daily":false,"is_ascension_mode":false,"campfire_upgraded":1,"timestamp":1520171172,"path_taken":["M","?","M","M","M","E","M","R","T","R","?","M","?","?","R","BOSS","M","?","?","?","?","R","?","?","T","$","M"],"build_version":"2018-03-01-PROD1","purchased_purges":1,"victory":false,"master_deck":["Defend_G","Defend_G","Defend_G","Defend_G","Defend_G","Strike_G","Strike_G","Strike_G","Strike_G","Strike_G","Survivor","Neutralize","Bane","Doubt","Noxious Fumes+1","Poisoned Stab","Bane","Bane","Deadly Poison","Calculated Gamble","Burst","Blur","Well Laid Plans","Decay","Dash","Decay","Noxious Fumes"],"max_hp_per_floor":[70,70,70,70,70,70,70,70,70,70,70,70,70,70,70,70,70,70,70,70,70,70,70,70,70,70,70],"relics":["Ring of the Snake","Toolbox","Letter Opener","Shuriken","The Specimen","Juzu Bracelet","Tiny Chest","Blood Vial"],"card_choices":[{"not_picked":["PiercingWail","Expertise"],"picked":"Bane"},{"not_picked":["Catalyst","Outmaneuver"],"picked":"Noxious Fumes"},{"not_picked":["Bane","Well Laid Plans"],"picked":"Poisoned Stab"},{"not_picked":["Acrobatics","Deflect"],"picked":"Bane"},{"not_picked":["Infinite Blades","Backflip"],"picked":"Bane"},{"not_picked":["Finisher","Terror"],"picked":"Deadly Poison"},{"not_picked":["Skewer","Backflip"],"picked":"Calculated Gamble"},{"not_picked":["Adrenaline","Unload"],"picked":"Burst"},{"not_picked":["Masterful Stab","Bane"],"picked":"Blur"},{"not_picked":["Outmaneuver","Dodge and Roll"],"picked":"Well Laid Plans"},{"not_picked":["Deadly Poison","PiercingWail"],"picked":"Dash"}],"player_experience":30980,"potions_floor_usage":[28,28,28],"damage_taken":[{"damage":1.0,"enemies":"Jaw Worm","floor":1.0,"turns":6.0},{"damage":0.0,"enemies":"Small Slimes","floor":3.0,"turns":3.0},{"damage":0.0,"enemies":"2 Louse","floor":4.0,"turns":3.0},{"damage":14.0,"enemies":"Lots of Slimes","floor":5.0,"turns":5.0},{"damage":19.0,"enemies":"3 Sentries","floor":6.0,"turns":8.0},{"damage":9.0,"enemies":"3 Louse","floor":7.0,"turns":3.0},{"damage":0.0,"enemies":"Large Slime","floor":11.0,"turns":5.0},{"damage":0.0,"enemies":"2 Fungi Beasts","floor":12.0,"turns":2.0},{"damage":27.0,"enemies":"Gremlin Gang","floor":14.0,"turns":5.0},{"damage":20.0,"enemies":"Slime Boss","floor":16.0,"turns":8.0},{"damage":30,"enemies":"2 Thieves","floor":18,"turns":4},{"damage":17,"enemies":"Shell Parasite","floor":20,"turns":6},{"damage":41,"enemies":"3 Cultists","floor":24,"turns":6},{"damage":12,"enemies":"Sentry and Sphere","floor":28,"turns":3}],"event_choices":[{"event_name":"Liars Game","player_choice":"agreed","floor":2.0,"damage_taken":0.0},{"event_name":"Big Fish","player_choice":"Box","floor":13.0,"damage_taken":0.0},{"event_name":"Golden Shrine","player_choice":"Pray","floor":19,"damage_taken":0},{"event_name":"Vampires","player_choice":"Ignored","floor":21,"damage_taken":0},{"event_name":"Forgotten Altar","player_choice":"Smashed Altar","floor":22,"damage_taken":0},{"event_name":"Wheel of Change","player_choice":"Curse","floor":25,"damage_taken":0}],"boss_relics":[{"not_picked":["Runic Dome","Runic Pyramid"],"picked":"The Specimen"}],"potions_floor_spawned":[3,4,12,14,20],"seed_played":"8544159838407430307","killed_by":"Sentry and Sphere","ascension_level":0,"is_trial":false}