{"gold_per_floor":[110,110,33,48,0,0,16,46,69,69,104,104,134,151,151,252,252,270,281,293,47,60,60,90,90,90,189,220,220,239,239,239,339,339,354,369,369,54,66,66,41,74,100,130,144,144,178,178,178,178],"floor_reached":51,"playtime":10278,"items_purged":[],"score":961,"play_id":"78bc11e4-1f44-4231-a6c3-e254ebeb3d0d","local_time":"20190928235632","is_ascension_mode":true,"campfire_choices":[{"floor":6.0,"key":"REST"},{"floor":10.0,"key":"REST"},{"data":"Devotion","floor":15.0,"key":"SMITH"},{"floor":23.0,"key":"REST"},{"floor":25.0,"key":"REST"},{"data":"Apotheosis","floor":29.0,"key":"SMITH"},{"data":"Brilliance","floor":32.0,"key":"SMITH"},{"floor":40,"key":"REST"},{"floor":46,"key":"REST"},{"data":"Nirvana","floor":49,"key":"SMITH"}],"neow_cost":"PERCENT_DAMAGE","seed_source_timestamp":607156811026297,"circlet_count":0,"master_deck":["Strike_P","Strike_P","Strike_P","Defend_P","Defend_P","Defend_P","Eruption","Vigilance","WheelKick","Devotion+1","FollowUp","Sanctity","JustLucky","BowlingBash","Consecrate","Wallop","CutThroughFate","Brilliance+1","EmptyFist","Meditate","SandsOfTime","Apotheosis+1","FlyingSleeves","Crescendo","Adaptation","Prostrate+1","CutThroughFate+1","Devotion+1","Blasphemy","Collect","Tantrum+1","Nirvana+1","Wireheading+1","Weave","SpiritShield+1","Weave+1"],"special_seed":0,"relics":["PureWater","StoneCalendar","Anchor","Vajra","Juzu Bracelet","Gambling Chip","InkBottle","Sozu","Pen Nib","Orichalcum","Question Card","SlaversCollar","Kunai","PreservedInsect","Bag of Preparation","Bag of Marbles","Mercury Hourglass","Dodecahedron"],"potions_floor_usage":[44,50],"damage_taken":[{"damage":0.0,"enemies":"2 Louse","floor":1.0,"turns":4.0},{"damage":0.0,"enemies":"Cultist","floor":4.0,"turns":3.0},{"damage":0.0,"enemies":"Jaw Worm","floor":7.0,"turns":3.0},{"damage":28.0,"enemies":"Gremlin Nob","floor":8.0,"turns":4.0},{"damage":0.0,"enemies":"3 Sentries","floor":11.0,"turns":5.0},{"damage":13.0,"enemies":"Lagavulin","floor":13.0,"turns":4.0},{"damage":0.0,"enemies":"Blue Slaver","floor":14.0,"turns":2.0},{"damage":0.0,"enemies":"Slime Boss","floor":16.0,"turns":5.0},{"damage":19.0,"enemies":"2 Thieves","floor":18.0,"turns":4.0},{"damage":0.0,"enemies":"Chosen","floor":19.0,"turns":3.0},{"damage":24.0,"enemies":"Snake Plant","floor":20.0,"turns":5.0},{"damage":0.0,"enemies":"Cultist and Chosen","floor":22.0,"turns":4.0},{"damage":19.0,"enemies":"Gremlin Leader","floor":24.0,"turns":5.0},{"damage":10.0,"enemies":"Slavers","floor":28.0,"turns":3.0},{"damage":0.0,"enemies":"Centurion and Healer","floor":30.0,"turns":4.0},{"damage":16.0,"enemies":"Champ","floor":33.0,"turns":6.0},{"damage":9.0,"enemies":"3 Darklings","floor":35.0,"turns":3.0},{"damage":7,"enemies":"Orb Walker","floor":36,"turns":3},{"damage":34,"enemies":"Sphere and 2 Shapes","floor":39,"turns":6},{"damage":0,"enemies":"Reptomancer","floor":42,"turns":2},{"damage":0,"enemies":"Giant Head","floor":44,"turns":3},{"damage":10,"enemies":"3 Darklings","floor":45,"turns":4},{"damage":6,"enemies":"Nemesis","floor":47,"turns":3},{"damage":37,"enemies":"Time Eater","floor":50,"turns":8}],"seed_played":"-8444559935069137610","potions_obtained":[{"floor":7.0,"key":"Energy Potion"},{"floor":11.0,"key":"StancePotion"},{"floor":13.0,"key":"Dexterity Potion"},{"floor":16.0,"key":"Energy Potion"}],"is_trial":false,"path_per_floor":["M","?","$","M","$","R","M","E","T","R","E","?","E","M","R","B",null,"M","M","M","$","M","R","E","R","T","?","E","R","M","?","R","B",null,"M","M","T","$","M","R","$","E","T","E","M","R","E","?","R","B",null],"character_chosen":"WATCHER","items_purchased":["Devotion","Sanctity","Apotheosis","FlyingSleeves","PreservedInsect","Nirvana","Weave"],"campfire_rested":6,"item_purchase_floors":[3,5,21,21,38,38,41],"current_hp_per_floor":[51,51,51,51,51,72,72,44,44,65,65,53,40,40,40,40,72,58,61,43,43,49,70,51,72,72,72,62,62,62,62,62,58,72,63,72,72,72,38,59,59,59,59,59,62,72,66,66,66,29],"gold":178,"neow_bonus":"ONE_RARE_RELIC","is_prod":false,"is_daily":false,"chose_seed":false,"campfire_upgraded":4,"win_rate":0,"timestamp":1569740192,"path_taken":["M","?","$","?","$","R","M","E","T","R","E","?","E","M","R","BOSS","M","M","M","$","M","R","E","R","T","?","E","R","M","?","R","BOSS","M","M","?","$","M","R","$","E","T","E","M","R","E","?","R","BOSS"],"build_version":"2019-09-27","purchased_purges":0,"victory":true,"max_hp_per_floor":[72,72,72,72,72,72,72,72,72,72,72,72,72,72,72,72,72,72,72,72,72,72,72,72,72,72,72,72,72,72,72,72,72,72,72,72,72,72,72,72,72,72,72,72,72,72,72,72,72,72],"card_choices":[{"not_picked":["Halt","WindmillStrike"],"picked":"WheelKick","floor":1.0},{"not_picked":["CrushJoints","TalkToTheHand"],"picked":"FollowUp","floor":4.0},{"not_picked":["TalkToTheHand","FollowUp"],"picked":"JustLucky","floor":7.0},{"not_picked":["FlurryOfBlows","ForeignInfluence"],"picked":"BowlingBash","floor":8.0},{"not_picked":["JustLucky","Protect"],"picked":"Consecrate","floor":11.0},{"not_picked":["Conclude","Protect"],"picked":"Wallop","floor":13.0},{"not_picked":["Halt","FollowUp"],"picked":"CutThroughFate","floor":14.0},{"not_picked":["ConjureBlade","SignatureMove"],"picked":"Brilliance","floor":16.0},{"not_picked":["EmptyFist","CutThroughFate+1","CrushJoints"],"picked":"SKIP","floor":18.0},{"not_picked":["CutThroughFate+1","CrushJoints"],"picked":"EmptyFist","floor":18.0},{"not_picked":["Collect+1","Vengeance"],"picked":"Meditate","floor":19.0},{"not_picked":["SashWhip+1","Crescendo"],"picked":"SandsOfTime","floor":20.0},{"not_picked":["Consecrate","FollowUp+1"],"picked":"Crescendo","floor":22.0},{"not_picked":["CrushJoints","FollowUp"],"picked":"Adaptation","floor":24.0},{"not_picked":["Omniscience","Consecrate+1"],"picked":"Prostrate+1","floor":28.0},{"not_picked":["Conclude","SandsOfTime","DeceiveReality"],"picked":"CutThroughFate+1","floor":30.0},{"not_picked":["Wish","ReachHeaven","Omniscience"],"picked":"Blasphemy","floor":33.0},{"not_picked":["SashWhip+1","ClearTheMind","Worship+1"],"picked":"Collect","floor":35.0},{"not_picked":["CutThroughFate","EmptyFist+1","Swivel+1"],"picked":"Tantrum+1","floor":36},{"not_picked":["ClearTheMind","ThirdEye+1","EmptyFist"],"picked":"Wireheading+1","floor":39},{"not_picked":["PathToVictory+1","Meditate+1","CarveReality+1"],"picked":"SpiritShield+1","floor":42},{"not_picked":["FollowUp+1","Wish","Meditate"],"picked":"Weave+1","floor":44},{"not_picked":["EmptyFist","Sanctity+1","SashWhip","EmptyBody"],"picked":"SKIP","floor":45},{"not_picked":["Crescendo","Meditate","CutThroughFate+1","Indignation+1"],"picked":"SKIP","floor":47}],"player_experience":34469,"relics_obtained":[{"floor":8.0,"key":"Anchor"},{"floor":9.0,"key":"Vajra"},{"floor":11.0,"key":"Juzu Bracelet"},{"floor":13.0,"key":"InkBottle"},{"floor":24.0,"key":"Pen Nib"},{"floor":26.0,"key":"Orichalcum"},{"floor":28.0,"key":"Question Card"},{"floor":37,"key":"Kunai"},{"floor":42,"key":"Bag of Preparation"},{"floor":43,"key":"Bag of Marbles"},{"floor":44,"key":"Mercury Hourglass"},{"floor":47,"key":"Dodecahedron"}],"event_choices":[{"cards_removed":["Strike_P"],"damage_healed":0.0,"max_hp_gain":0.0,"max_hp_loss":0.0,"gold_gain":0.0,"event_name":"Purifier","player_choice":"Purged","floor":2.0,"gold_loss":0.0,"damage_taken":0.0},{"damage_healed":0.0,"max_hp_gain":0.0,"max_hp_loss":0.0,"gold_gain":0.0,"event_name":"Scrap Ooze","player_choice":"Success","floor":12.0,"gold_loss":0.0,"damage_taken":12.0,"relics_obtained":["Gambling Chip"]},{"damage_healed":0.0,"max_hp_gain":0.0,"max_hp_loss":0.0,"gold_gain":99.0,"event_name":"Nest","player_choice":"Stole From Cult","floor":27.0,"gold_loss":0.0,"damage_taken":0.0},{"damage_healed":0.0,"max_hp_gain":0.0,"max_hp_loss":0.0,"gold_gain":0.0,"event_name":"Duplicator","player_choice":"Copied","floor":31.0,"gold_loss":0.0,"damage_taken":0.0,"cards_obtained":["Devotion"]},{"cards_removed":["Defend_P"],"damage_healed":0,"gold_gain":0,"player_choice":"Offered Basic","damage_taken":0,"max_hp_gain":0,"max_hp_loss":0,"event_name":"Bonfire Elementals","floor":48,"gold_loss":0}],"is_beta":true,"boss_relics":[{"not_picked":["Fusion Hammer","Busted Crown"],"picked":"Sozu"},{"not_picked":["Calling Bell","Velvet Choker"],"picked":"SlaversCollar"}],"items_purged_floors":[],"is_endless":false,"potions_floor_spawned":[7,11,13,16,18,19,22,28,35,39,42,47],"ascension_level":1}