{"gold_per_floor":[110,41,56,70,33,33,68,78,78,78,96,123,45,45,45,144,144,164,164,18,38,48,60,71,71,71,103,103,103,3,17,17,121,121,135,135,135,0,0,32,32,47,71,71,84,484,484,58,58,58],"floor_reached":50,"playtime":3498,"items_purged":["Strike_G","Strike_G","Strike_G"],"score":525,"play_id":"f2cbb9ea-d74d-4513-863b-e0b8b1c42631","local_time":"20190919144310","is_ascension_mode":false,"campfire_choices":[{"data":"Choke","floor":6,"key":"SMITH"},{"floor":10,"key":"DIG"},{"floor":15,"key":"REST"},{"floor":25,"key":"REST"},{"floor":28,"key":"REST"},{"floor":32,"key":"DIG"},{"floor":41,"key":"DIG"},{"floor":44,"key":"DIG"},{"floor":47,"key":"REST"},{"floor":49,"key":"DIG"}],"neow_cost":"NONE","seed_source_timestamp":10989195571700,"circlet_count":0,"master_deck":["Strike_G","Strike_G","Defend_G+1","Defend_G","Defend_G","Defend_G","Survivor","Neutralize","Backstab","Choke+1","Backflip","Dagger Spray","Bouncing Flask","Blade Dance","Accuracy","Cloak And Dagger","Dash","Footwork","Envenom","Dodge and Roll","Neutralize","Swift Strike","Malaise","Noxious Fumes","Quick Slash+1","Riddle With Holes","Dodge and Roll+1","Deflect+1","A Thousand Cuts","Burst","Cloak And Dagger+1","Madness","Madness","Purity","Catalyst+1","Accuracy","Catalyst"],"relics":["HoveringKite","Shovel","Shuriken","Mummified Hand","Pen Nib","WristBlade","InkBottle","CloakClasp","War Paint","Centennial Puzzle","Busted Crown","Red Mask","Akabeko","Prayer Wheel","Happy Flower","Tingsha","Old Coin","Toy Ornithopter","Boot"],"potions_floor_usage":[8,12,14,27,27,33,50,50,50],"damage_taken":[{"damage":7,"enemies":"Cultist","floor":1,"turns":6},{"damage":3,"enemies":"Jaw Worm","floor":3,"turns":3},{"damage":0,"enemies":"Small Slimes","floor":4,"turns":3},{"damage":22,"enemies":"Lagavulin","floor":7,"turns":7},{"damage":6,"enemies":"Exordium Thugs","floor":8,"turns":4},{"damage":5,"enemies":"Looter","floor":11,"turns":2},{"damage":25,"enemies":"3 Sentries","floor":12,"turns":7},{"damage":0,"enemies":"Large Slime","floor":14,"turns":3},{"damage":15,"enemies":"Slime Boss","floor":16,"turns":9},{"damage":12,"enemies":"3 Byrds","floor":18,"turns":4},{"damage":0,"enemies":"Chosen","floor":21,"turns":3},{"damage":10,"enemies":"Snake Plant","floor":22,"turns":3},{"damage":7,"enemies":"Cultist and Chosen","floor":23,"turns":5},{"damage":30,"enemies":"Sentry and Sphere","floor":24,"turns":6},{"damage":15,"enemies":"Book of Stabbing","floor":27,"turns":5},{"damage":0,"enemies":"3 Cultists","floor":31,"turns":4},{"damage":37,"enemies":"Collector","floor":33,"turns":10},{"damage":7,"enemies":"3 Darklings","floor":35,"turns":6},{"damage":23,"enemies":"Giant Head","floor":40,"turns":8},{"damage":0,"enemies":"Orb Walker","floor":42,"turns":1},{"damage":14,"enemies":"Maw","floor":45,"turns":7},{"damage":0,"enemies":"Mind Bloom Boss Battle","floor":46,"turns":6},{"damage":68,"enemies":"Time Eater","floor":50,"turns":10}],"seed_played":"2738135612113226549","potions_obtained":[{"floor":3,"key":"SmokeBomb"},{"floor":4,"key":"SpeedPotion"},{"floor":11,"key":"DuplicationPotion"},{"floor":21,"key":"Fire Potion"},{"floor":23,"key":"Energy Potion"},{"floor":24,"key":"SkillPotion"},{"floor":31,"key":"PowerPotion"},{"floor":33,"key":"CunningPotion"},{"floor":45,"key":"Regen Potion"},{"floor":46,"key":"AttackPotion"}],"is_trial":false,"path_per_floor":["M","$","M","M","$","R","E","M","T","R","M","E","$","M","R","B",null,"M","?","$","M","M","M","M","R","T","E","R","?","$","M","R","B",null,"M","?","?","?","?","E","R","M","T","R","M","?","R","$","R","B"],"character_chosen":"THE_SILENT","items_purchased":["Choke","Bouncing Flask","Footwork","Noxious Fumes","Toy Ornithopter","Accuracy","Catalyst"],"campfire_rested":4,"item_purchase_floors":[2,5,13,20,48,48,48],"current_hp_per_floor":[63,63,60,60,60,60,38,32,32,32,27,2,2,2,23,8,70,58,58,58,58,48,41,11,32,32,17,38,38,38,38,38,1,70,63,54,54,54,54,31,31,31,31,31,17,17,38,38,38,0],"gold":58,"neow_bonus":"BOSS_RELIC","is_prod":false,"is_daily":false,"chose_seed":false,"campfire_upgraded":1,"win_rate":0,"timestamp":1568922190,"path_taken":["M","?","M","M","$","R","E","?","T","R","M","E","$","M","R","BOSS","M","?","$","M","?","M","M","R","T","E","R","?","?","M","R","BOSS","M","?","?","?","?","E","R","M","T","R","M","?","R","$","R","BOSS"],"build_version":"2019-09-19","purchased_purges":3,"victory":false,"max_hp_per_floor":[70,70,70,70,70,70,70,70,70,70,70,70,70,70,70,70,70,70,70,70,70,70,70,70,70,70,70,70,70,70,70,70,70,70,70,70,70,70,70,70,70,70,70,70,70,70,70,70,70,70],"card_choices":[{"not_picked":["Deadly Poison","Bane"],"picked":"Backstab","floor":1},{"not_picked":["Acrobatics","Bane"],"picked":"Backflip","floor":3},{"not_picked":["Deadly Poison","Flying Knee"],"picked":"Dagger Spray","floor":4},{"not_picked":["Acrobatics","Phantasmal Killer"],"picked":"Blade Dance","floor":7},{"not_picked":["Bane","Concentrate"],"picked":"Accuracy","floor":8},{"not_picked":["Escape Plan","Endless Agony"],"picked":"Cloak And Dagger","floor":11},{"not_picked":["Escape Plan","Crippling Poison"],"picked":"Dash","floor":12},{"not_picked":["A Thousand Cuts","Tools of the Trade"],"picked":"Envenom","floor":16},{"not_picked":["Expertise+1","Dagger Throw+1"],"picked":"Dodge and Roll","floor":18},{"not_picked":["Dagger Spray","Deadly Poison"],"picked":"Quick Slash+1","floor":21},{"not_picked":["Endless Agony","Poisoned Stab"],"picked":"Riddle With Holes","floor":22},{"not_picked":["Calculated Gamble","Backflip"],"picked":"Dodge and Roll+1","floor":23},{"not_picked":["Acrobatics","Dagger Throw"],"picked":"Deflect","floor":24},{"not_picked":["Distraction","Finisher","Bouncing Flask"],"picked":"SKIP","floor":27},{"not_picked":["Eviscerate","Flying Knee"],"picked":"A Thousand Cuts","floor":31},{"not_picked":["Storm of Steel","Glass Knife"],"picked":"Burst","floor":33},{"not_picked":[],"picked":"Cloak And Dagger+1","floor":35},{"not_picked":[],"picked":"Purity","floor":37},{"not_picked":["Underhanded Strike"],"picked":"SKIP","floor":40},{"not_picked":[],"picked":"Catalyst+1","floor":42},{"not_picked":["Dodge and Roll+1"],"picked":"SKIP","floor":42},{"not_picked":["Quick Slash+1"],"picked":"SKIP","floor":45},{"not_picked":["Dodge and Roll"],"picked":"SKIP","floor":45}],"player_experience":302347,"relics_obtained":[{"floor":7,"key":"Shovel"},{"floor":9,"key":"Shuriken"},{"floor":10,"key":"Mummified Hand"},{"floor":12,"key":"Pen Nib"},{"floor":26,"key":"InkBottle"},{"floor":27,"key":"CloakClasp"},{"floor":32,"key":"Centennial Puzzle"},{"floor":40,"key":"Akabeko"},{"floor":41,"key":"Prayer Wheel"},{"floor":43,"key":"Happy Flower"},{"floor":44,"key":"Tingsha"},{"floor":46,"key":"Old Coin"},{"floor":49,"key":"Boot"}],"event_choices":[{"damage_healed":0,"gold_gain":0,"player_choice":"3 cards matched","damage_taken":0,"max_hp_gain":0,"max_hp_loss":0,"event_name":"Match and Keep!","floor":19,"gold_loss":0,"cards_obtained":["Neutralize","Swift Strike","Malaise"]},{"damage_healed":0,"gold_gain":0,"player_choice":"Gave Potion","damage_taken":0,"relics_obtained":["War Paint"],"max_hp_gain":0,"max_hp_loss":0,"event_name":"WeMeetAgain","floor":29,"gold_loss":0},{"damage_healed":0,"gold_gain":0,"player_choice":"Embrace Madness","damage_taken":9,"max_hp_gain":0,"max_hp_loss":0,"event_name":"Winding Halls","floor":36,"gold_loss":0,"cards_obtained":["Madness","Madness"]},{"damage_healed":0,"gold_gain":0,"player_choice":"Memory 1","damage_taken":0,"max_hp_gain":0,"max_hp_loss":0,"event_name":"SensoryStone","floor":37,"gold_loss":0},{"damage_healed":0,"gold_gain":0,"player_choice":"Paid","damage_taken":0,"relics_obtained":["Red Mask"],"max_hp_gain":0,"max_hp_loss":0,"event_name":"Tomb of Lord Red Mask","floor":38,"gold_loss":135},{"cards_removed":["Defend_G"],"damage_healed":0,"gold_gain":0,"player_choice":"Removed Skill","damage_taken":0,"max_hp_gain":0,"max_hp_loss":0,"event_name":"Falling","floor":39,"gold_loss":0},{"damage_healed":0,"gold_gain":0,"player_choice":"Fight","damage_taken":0,"max_hp_gain":0,"max_hp_loss":0,"event_name":"MindBloom","floor":46,"gold_loss":0}],"is_beta":true,"boss_relics":[{"not_picked":["Black Star","Pandora\u0027s Box"],"picked":"WristBlade"},{"not_picked":["SacredBark","Sozu"],"picked":"Busted Crown"}],"items_purged_floors":[20,30,48],"is_endless":false,"potions_floor_spawned":[3,4,11,21,23,24,31,33,45,46],"killed_by":"Time Eater","ascension_level":0}