{"gold_per_floor":[117,133,143,156,175,204,204,215,240,268,278,278],"floor_reached":12,"playtime":592,"items_purged":[],"score":113,"play_id":"49ff7b54-944d-41ae-9cac-2d2bf7524a56","local_time":"20190703215106","is_ascension_mode":true,"campfire_choices":[{"floor":7,"key":"REST"}],"neow_cost":"NONE","seed_source_timestamp":0,"circlet_count":0,"master_deck":["Strike_B","Strike_B","Strike_B","Strike_B","Defend_B","Defend_B","Defend_B","Defend_B","Zap","Dualcast","Storm","Ball Lightning","White Noise","Rebound","Streamline","Ball Lightning","Creative AI","Conserve Battery","Cold Snap"],"special_seed":0,"relics":["Inserter","Cables","Regal Pillow","Dodecahedron"],"potions_floor_usage":[6,6,10],"damage_taken":[{"damage":5.0,"enemies":"Small Slimes","floor":1.0,"turns":4.0},{"damage":5.0,"enemies":"Cultist","floor":2.0,"turns":5.0},{"damage":7.0,"enemies":"2 Louse","floor":3.0,"turns":3.0},{"damage":9,"enemies":"Red Slaver","floor":4,"turns":4},{"damage":14,"enemies":"Blue Slaver","floor":5,"turns":4},{"damage":30,"enemies":"3 Sentries","floor":6,"turns":7},{"damage":11,"enemies":"Looter","floor":8,"turns":3},{"damage":10,"enemies":"Lagavulin","floor":10,"turns":4},{"damage":20,"enemies":"Lots of Slimes","floor":11,"turns":2},{"damage":0,"enemies":"Blue Slaver","floor":12,"turns":2}],"seed_played":"-8335362948631710489","potions_obtained":[{"floor":1.0,"key":"Block Potion"},{"floor":3,"key":"Regen Potion"},{"floor":6,"key":"FocusPotion"},{"floor":10,"key":"FearPotion"}],"is_trial":false,"path_per_floor":["M","M","M","M","M","E","R","M","T","E","M","M"],"character_chosen":"DEFECT","items_purchased":[],"campfire_rested":1,"item_purchase_floors":[],"current_hp_per_floor":[70,65,58,49,35,20,42,31,31,21,1,1],"gold":278,"neow_bonus":"BOSS_RELIC","is_prod":false,"is_daily":false,"chose_seed":false,"campfire_upgraded":0,"win_rate":0,"timestamp":1562205066,"path_taken":["M","M","M","M","M","E","R","M","T","E","M","M"],"build_version":"2019-07-01","purchased_purges":0,"victory":false,"max_hp_per_floor":[75,75,75,75,75,75,75,75,75,75,75,75],"card_choices":[{"not_picked":["Consume","Capacitor"],"picked":"Storm","floor":1.0},{"not_picked":["Redo","Leap"],"picked":"Ball Lightning","floor":2.0},{"not_picked":["Barrage","Hologram"],"picked":"White Noise","floor":3},{"not_picked":["Hologram","Lockon"],"picked":"Rebound","floor":4},{"not_picked":["Steam Power","Rebound"],"picked":"Streamline","floor":5},{"not_picked":["Steam","Lockon"],"picked":"Ball Lightning","floor":6},{"not_picked":["Cold Snap","Coolheaded"],"picked":"Creative AI","floor":8},{"not_picked":["Steam","Reinforced Body"],"picked":"Conserve Battery","floor":10},{"not_picked":["Force Field","Rip and Tear"],"picked":"Cold Snap","floor":11}],"player_experience":349852,"relics_obtained":[{"floor":6,"key":"Cables"},{"floor":9,"key":"Regal Pillow"},{"floor":10,"key":"Dodecahedron"}],"event_choices":[],"is_beta":false,"boss_relics":[],"items_purged_floors":[],"is_endless":false,"potions_floor_spawned":[1,3,6,10],"killed_by":"Blue Slaver","ascension_level":4}