{"gold_per_floor":[117,130,147,147,159,159,184,184,184,184,203,203,203,303,303,303],"floor_reached":16,"playtime":378,"items_purged":[],"score":140,"play_id":"c72e47f7-6c5b-48d1-8139-085cccab4336","local_time":"20191013214605","is_ascension_mode":true,"campfire_choices":[{"floor":6,"key":"REST"},{"floor":8,"key":"REST"},{"data":"Disarm","floor":10,"key":"SMITH"},{"floor":15,"key":"REST"}],"neow_cost":"PERCENT_DAMAGE","seed_source_timestamp":411430533771083,"circlet_count":0,"master_deck":["Strike_R","Strike_R","Strike_R","Strike_R","Strike_R","Defend_R","Defend_R","Defend_R","Defend_R","Bash","Disarm+1","Hemokinesis","Flex","Shockwave"],"special_seed":0,"relics":["Burning Blood","WingedGreaves","Darkstone Periapt","The Courier"],"potions_floor_usage":[7],"damage_taken":[{"damage":1.0,"enemies":"Cultist","floor":1.0,"turns":4.0},{"damage":15,"enemies":"Small Slimes","floor":2,"turns":5},{"damage":8,"enemies":"Jaw Worm","floor":3,"turns":3},{"damage":18,"enemies":"Large Slime","floor":5,"turns":10},{"damage":22,"enemies":"Gremlin Nob","floor":7,"turns":4},{"damage":36,"enemies":"Lots of Slimes","floor":11,"turns":5},{"damage":0,"enemies":"Hexaghost","floor":16,"turns":1}],"seed_played":"9150147217353891599","potions_obtained":[{"floor":3,"key":"FairyPotion"},{"floor":5,"key":"Ancient Potion"},{"floor":11,"key":"AttackPotion"}],"is_trial":false,"path_per_floor":["M","M","M","$","M","R","E","R","T","R","M","?","?","?","R","B"],"character_chosen":"IRONCLAD","items_purchased":[],"campfire_rested":3,"item_purchase_floors":[],"current_hp_per_floor":[56,47,45,45,33,57,41,65,65,65,35,35,35,35,59,59],"gold":303,"neow_bonus":"ONE_RARE_RELIC","is_prod":false,"is_daily":false,"chose_seed":false,"campfire_upgraded":1,"win_rate":0,"timestamp":1571028365,"path_taken":["M","M","M","$","?","R","E","R","T","R","M","?","?","?","R","BOSS"],"build_version":"2019-07-17","purchased_purges":0,"victory":false,"max_hp_per_floor":[80,80,80,80,80,80,80,80,80,80,80,80,80,80,80,80],"card_choices":[{"not_picked":["Clash","Armaments"],"picked":"Disarm","floor":1.0},{"not_picked":["Shrug It Off","Ghostly Armor"],"picked":"Hemokinesis","floor":2},{"not_picked":["Wild Strike","Headbutt","Shrug It Off"],"picked":"SKIP","floor":3},{"not_picked":["Heavy Blade","Headbutt","Sword Boomerang"],"picked":"SKIP","floor":5},{"not_picked":["Havoc","Shrug It Off"],"picked":"Flex","floor":7},{"not_picked":["True Grit","Bloodletting"],"picked":"Shockwave","floor":11}],"player_experience":3756831,"relics_obtained":[{"floor":7,"key":"Darkstone Periapt"},{"floor":9,"key":"The Courier"}],"event_choices":[{"damage_healed":0,"gold_gain":0,"player_choice":"Searched \u00270\u0027 times","damage_taken":0,"max_hp_gain":0,"max_hp_loss":0,"event_name":"Dead Adventurer","floor":12,"gold_loss":0},{"damage_healed":0,"gold_gain":0,"player_choice":"Ignored","damage_taken":0,"max_hp_gain":0,"max_hp_loss":0,"event_name":"Liars Game","floor":13,"gold_loss":0},{"damage_healed":0,"gold_gain":100,"player_choice":"Pray","damage_taken":0,"max_hp_gain":0,"max_hp_loss":0,"event_name":"Golden Shrine","floor":14,"gold_loss":0}],"is_beta":false,"boss_relics":[],"items_purged_floors":[],"is_endless":false,"potions_floor_spawned":[3,5,11],"killed_by":"Hexaghost","ascension_level":8}