{"gold_per_floor":[119,139,150,100,16,16,50,67,67,97,113,146,156,156,156,230,230,249,249,267,267,0,34,34,64,64,64,95,112,18,18,18,92,142,153,165,165,181,281,281,316,316,316,316,43,54,54,89,89,89],"floor_reached":51,"playtime":4577,"items_purged":[],"score":1318,"play_id":"0dcbd1cf-5075-4b3c-916d-21a1f709ec0d","local_time":"20191015171240","is_ascension_mode":true,"campfire_choices":[{"data":"Eruption","floor":6.0,"key":"SMITH"},{"data":"Worship","floor":15.0,"key":"SMITH"},{"data":"Ghostly","floor":24.0,"key":"SMITH"},{"data":"Ghostly","floor":27.0,"key":"SMITH"},{"data":"Ghostly","floor":32,"key":"SMITH"},{"data":"Ghostly","floor":40,"key":"SMITH"},{"data":"Thinking Ahead","floor":49,"key":"SMITH"}],"neow_cost":"NONE","seed_source_timestamp":353068881978200,"circlet_count":0,"master_deck":["AscendersBane","Strike_P","Strike_P","Defend_P","Defend_P","Defend_P","Defend_P+1","Eruption+1","Vigilance+1","WreathOfFlame","SashWhip","MentalFortress","Consecrate","Crescendo","Worship+1","ThirdEye","FlyingSleeves","Ragnarok+1","BowlingBash","Ghostly+1","Ghostly+1","Ghostly+1","Ghostly+1","Ghostly","FearNoEvil+1","Adaptation","Fasting2","Sanctity","EmptyBody","ClearTheMind","DeceiveReality","Prostrate","WindmillStrike","SandsOfTime+1","Madness","Madness","Establishment","SpiritShield","Worship","Thinking Ahead+1"],"special_seed":0,"relics":["Busted Crown","Eternal Feather","Mercury Hourglass","Shuriken","Empty Cage","Akabeko","Dodecahedron","Bird Faced Urn","Meat on the Bone","StrikeDummy","Tiny House","Centennial Puzzle","Du-Vu Doll","War Paint","Strawberry","Orichalcum","Vajra"],"potions_floor_usage":[33,46,50],"damage_taken":[{"damage":0.0,"enemies":"2 Louse","floor":1.0,"turns":3.0},{"damage":0.0,"enemies":"Small Slimes","floor":2.0,"turns":2.0},{"damage":0.0,"enemies":"Cultist","floor":3.0,"turns":3.0},{"damage":19.0,"enemies":"Lagavulin","floor":7.0,"turns":5.0},{"damage":4.0,"enemies":"Blue Slaver","floor":8.0,"turns":3.0},{"damage":2.0,"enemies":"Exordium Thugs","floor":11.0,"turns":3.0},{"damage":34.0,"enemies":"Gremlin Nob","floor":12.0,"turns":4.0},{"damage":0.0,"enemies":"Lots of Slimes","floor":13.0,"turns":1.0},{"damage":11.0,"enemies":"Hexaghost","floor":16.0,"turns":7.0},{"damage":18.0,"enemies":"2 Thieves","floor":18.0,"turns":3.0},{"damage":0.0,"enemies":"3 Byrds","floor":20.0,"turns":4.0},{"damage":8.0,"enemies":"Book of Stabbing","floor":23.0,"turns":4.0},{"damage":1.0,"enemies":"Slavers","floor":25.0,"turns":5.0},{"damage":13.0,"enemies":"Book of Stabbing","floor":28.0,"turns":5.0},{"damage":2,"enemies":"Shelled Parasite and Fungi","floor":29,"turns":4},{"damage":23,"enemies":"Automaton","floor":33,"turns":12},{"damage":0,"enemies":"3 Darklings","floor":35,"turns":5},{"damage":0,"enemies":"3 Shapes","floor":36,"turns":4},{"damage":2,"enemies":"Sphere and 2 Shapes","floor":38,"turns":4},{"damage":0,"enemies":"Mind Bloom Boss Battle","floor":39,"turns":9},{"damage":0,"enemies":"Nemesis","floor":41,"turns":3},{"damage":0,"enemies":"Writhing Mass","floor":46,"turns":4},{"damage":22,"enemies":"Reptomancer","floor":48,"turns":7},{"damage":19,"enemies":"Time Eater","floor":50,"turns":8}],"seed_played":"-2831134639883069246","potions_obtained":[{"floor":1.0,"key":"LiquidBronze"},{"floor":12.0,"key":"EssenceOfSteel"},{"floor":16.0,"key":"Fire Potion"},{"floor":18.0,"key":"EssenceOfSteel"},{"floor":23.0,"key":"LiquidMemories"},{"floor":33,"key":"Fire Potion"},{"floor":34,"key":"SpeedPotion"},{"floor":36,"key":"CultistPotion"}],"is_trial":false,"path_per_floor":["M","M","M","?","$","R","E","M","T","?","M","E","M","?","R","B",null,"M","?","M","?","$","E","R","E","T","R","E","M","$","?","R","B",null,"M","M","?","M","?","R","E","?","T","T","$","M","?","E","R","B",null],"character_chosen":"WATCHER","items_purchased":["MentalFortress","Consecrate","Akabeko","FearNoEvil","Adaptation","EmptyBody","ClearTheMind","Establishment","SpiritShield","Worship"],"campfire_rested":0,"item_purchase_floors":[5,5,22,22,22,30,30,45,45,45],"current_hp_per_floor":[61,61,61,61,61,61,42,38,38,38,36,2,2,19,31,20,54,36,36,36,32,32,24,32,31,31,32,21,21,21,26,32,21,34,37,37,37,35,37,37,37,32,39,39,39,39,39,23,44,33],"gold":89,"neow_bonus":"BOSS_RELIC","is_prod":false,"is_daily":false,"chose_seed":false,"campfire_upgraded":7,"win_rate":0,"timestamp":1571177560,"path_taken":["M","M","M","?","$","R","E","M","T","?","M","E","M","?","R","BOSS","M","?","?","?","$","E","R","E","T","R","E","M","$","?","R","BOSS","M","M","?","?","?","R","E","?","T","?","$","M","?","E","R","BOSS"],"build_version":"2019-10-15","purchased_purges":0,"victory":true,"max_hp_per_floor":[68,68,68,68,68,68,68,68,68,68,68,68,68,68,68,68,65,65,65,65,32,32,32,32,32,32,32,32,32,32,32,32,32,37,37,37,37,37,37,37,37,37,44,44,44,44,44,44,44,44],"card_choices":[{"not_picked":[],"picked":"WreathOfFlame","floor":1.0},{"not_picked":[],"picked":"SashWhip","floor":2.0},{"not_picked":[],"picked":"CrushJoints","floor":3.0},{"not_picked":[],"picked":"Crescendo","floor":7.0},{"not_picked":["SpiritShield"],"picked":"SKIP","floor":8.0},{"not_picked":[],"picked":"Worship","floor":11.0},{"not_picked":[],"picked":"ThirdEye","floor":12.0},{"not_picked":[],"picked":"FlyingSleeves","floor":13.0},{"not_picked":[],"picked":"Ragnarok","floor":16.0},{"not_picked":[],"picked":"BowlingBash","floor":18.0},{"not_picked":["BowlingBash"],"picked":"SKIP","floor":20.0},{"not_picked":["FollowUp"],"picked":"SKIP","floor":23.0},{"not_picked":[],"picked":"Fasting2","floor":25.0},{"not_picked":[],"picked":"Sanctity","floor":28},{"not_picked":["ThirdEye"],"picked":"SKIP","floor":29},{"not_picked":[],"picked":"DeceiveReality","floor":34},{"not_picked":[],"picked":"Prostrate","floor":35},{"not_picked":["BowlingBash"],"picked":"SKIP","floor":36},{"not_picked":["Crescendo"],"picked":"SKIP","floor":38},{"not_picked":[],"picked":"WindmillStrike","floor":39},{"not_picked":[],"picked":"SandsOfTime+1","floor":41},{"not_picked":["ForeignInfluence"],"picked":"SKIP","floor":46},{"not_picked":[],"picked":"Thinking Ahead","floor":47},{"not_picked":["Vengeance+1"],"picked":"SKIP","floor":48}],"player_experience":509126,"relics_obtained":[{"floor":7.0,"key":"Eternal Feather"},{"floor":9.0,"key":"Mercury Hourglass"},{"floor":12.0,"key":"Shuriken"},{"floor":23.0,"key":"Dodecahedron"},{"floor":25.0,"key":"Bird Faced Urn"},{"floor":26.0,"key":"Meat on the Bone"},{"floor":28,"key":"StrikeDummy"},{"floor":37,"key":"Centennial Puzzle"},{"floor":39,"key":"Du-Vu Doll"},{"floor":41,"key":"War Paint"},{"floor":43,"key":"Strawberry"},{"floor":44,"key":"Orichalcum"},{"floor":48,"key":"Vajra"}],"event_choices":[{"cards_removed":["Strike_P"],"damage_healed":0.0,"max_hp_gain":0.0,"max_hp_loss":0.0,"gold_gain":0.0,"event_name":"The Cleric","player_choice":"Card Removal","floor":4.0,"gold_loss":50.0,"damage_taken":0.0},{"damage_healed":0.0,"max_hp_gain":0.0,"max_hp_loss":0.0,"gold_gain":30.0,"event_name":"Dead Adventurer","player_choice":"Searched \u00272\u0027 times","floor":10.0,"gold_loss":0.0,"damage_taken":0.0},{"damage_healed":17.0,"max_hp_gain":0.0,"max_hp_loss":0.0,"gold_gain":0.0,"event_name":"Mushrooms","player_choice":"Healed and dodged fight","floor":14.0,"gold_loss":0.0,"damage_taken":0.0,"cards_obtained":["Parasite"]},{"damage_healed":0.0,"max_hp_gain":0.0,"max_hp_loss":0.0,"gold_gain":0.0,"event_name":"Accursed Blacksmith","player_choice":"Forge","floor":19.0,"gold_loss":0.0,"damage_taken":0.0,"cards_upgraded":["Ragnarok"]},{"damage_healed":0.0,"max_hp_gain":0.0,"max_hp_loss":33.0,"gold_gain":0.0,"event_name":"Ghosts","player_choice":"Became a Ghost","floor":21.0,"gold_loss":0.0,"damage_taken":0.0,"cards_obtained":["Ghostly","Ghostly","Ghostly","Ghostly","Ghostly"]},{"cards_removed":["CrushJoints"],"damage_healed":5,"gold_gain":0,"player_choice":"Offered Common","damage_taken":0,"max_hp_gain":0,"max_hp_loss":0,"event_name":"Bonfire Elementals","floor":31,"gold_loss":0},{"cards_removed":["CrushJoints"],"damage_healed":5,"gold_gain":0,"player_choice":"Offered Special","damage_taken":0,"max_hp_gain":0,"max_hp_loss":0,"event_name":"Bonfire Elementals","floor":31,"gold_loss":0},{"damage_healed":0,"gold_gain":0,"player_choice":"Relic","damage_taken":0,"max_hp_gain":0,"max_hp_loss":0,"event_name":"Wheel of Change","floor":37,"gold_loss":0},{"damage_healed":0,"gold_gain":0,"player_choice":"Fight","damage_taken":0,"max_hp_gain":0,"max_hp_loss":0,"event_name":"MindBloom","floor":39,"gold_loss":0},{"damage_healed":0,"gold_gain":0,"player_choice":"Embrace Madness","damage_taken":5,"max_hp_gain":0,"max_hp_loss":0,"event_name":"Winding Halls","floor":42,"gold_loss":0,"cards_obtained":["Madness","Madness"]},{"damage_healed":0,"gold_gain":0,"player_choice":"Memory 1","damage_taken":0,"max_hp_gain":0,"max_hp_loss":0,"event_name":"SensoryStone","floor":47,"gold_loss":0}],"is_beta":true,"boss_relics":[{"not_picked":["Astrolabe","Snecko Eye"],"picked":"Empty Cage"},{"not_picked":["Runic Dome","Philosopher\u0027s Stone"],"picked":"Tiny House"}],"items_purged_floors":[],"is_endless":false,"potions_floor_spawned":[1,12,13,16,18,23,33,36,38,39],"ascension_level":14}