{"path_per_floor":["M","M","M","?","?","R","?","M","T","$","R","$","M","M","R","B",null,"M","M","?","$","M","R","$","M","T","M","M","R","?","M","R"],"character_chosen":"THE_SILENT","items_purchased":["Well Laid Plans","Snake Skull","Blur"],"gold_per_floor":[114,129,148,148,223,223,223,240,240,19,19,19,33,45,45,142,172,185,159,159,44,56,56,56,70,70,80,94,94,94,105,105,105],"floor_reached":33,"campfire_rested":1,"playtime":5265,"item_purchase_floors":[10,10,21],"current_hp_per_floor":[70,70,64,50,39,39,44,41,41,41,41,41,41,41,41,41,72,70,67,67,67,51,51,51,43,43,43,27,27,27,26,50,0],"items_purged":["Strike_G"],"gold":105,"score":364,"play_id":"5eb0389a-e44b-425b-b0e3-cbb18d7e4cb3","local_time":"20180526144606","is_prod":false,"is_daily":false,"chose_seed":false,"is_ascension_mode":true,"campfire_upgraded":5,"win_rate":0,"timestamp":1527371166,"campfire_choices":[{"data":"Neutralize","floor":6,"key":"SMITH"},{"data":"Well Laid Plans","floor":11,"key":"SMITH"},{"data":"Footwork","floor":15,"key":"SMITH"},{"data":"Deadly Poison","floor":23,"key":"SMITH"},{"data":"Adrenaline","floor":29,"key":"SMITH"},{"floor":32,"key":"REST"}],"path_taken":["M","M","M","?","?","R","?","M","T","$","R","?","M","?","R","BOSS","M","M","?","$","M","R","?","?","T","M","M","R","?","M","R","BOSS"],"build_version":"2018-05-24","seed_source_timestamp":8733320787317,"purchased_purges":1,"victory":false,"master_deck":["Defend_G","Defend_G","Defend_G","Defend_G+1","Defend_G","Strike_G","Strike_G","Strike_G","Survivor","Neutralize+1","Malaise+1","Leg Sweep+1","Deflect","Well Laid Plans+1","Footwork+1","Adrenaline+1","Flying Knee","Deadly Poison+1","Bouncing Flask+1","Blur","Acrobatics"],"max_hp_per_floor":[70,70,70,70,70,70,75,75,75,75,75,75,75,75,75,75,80,80,80,80,80,80,80,80,80,80,80,80,80,80,80,80,80],"relics":["Ring of the Snake","Matryoshka","Snake Skull","Tiny House","Ancient Tea Set","Gambling Chip"],"card_choices":[{"not_picked":["All Out Attack","Bane"],"picked":"Malaise","floor":1},{"not_picked":["Slice","Masterful Stab","Cloak And Dagger"],"picked":"SKIP","floor":2},{"not_picked":["Dagger Throw","Malaise"],"picked":"Leg Sweep","floor":3},{"not_picked":["Flechettes","Quick Slash"],"picked":"Deflect","floor":8},{"not_picked":["Infinite Blades","Quick Slash"],"picked":"Footwork","floor":13},{"not_picked":["Poisoned Stab","Choke","Phantasmal Killer"],"picked":"SKIP","floor":14},{"not_picked":["After Image","Storm of Steel"],"picked":"Adrenaline","floor":16},{"not_picked":["Escape Plan","Terror"],"picked":"Flying Knee","floor":17},{"not_picked":["Outmaneuver+1","Poisoned Stab"],"picked":"Deadly Poison","floor":18},{"not_picked":["Crippling Poison","Dagger Throw"],"picked":"Bouncing Flask+1","floor":19},{"not_picked":["Endless Agony","Blade Dance"],"picked":"Acrobatics","floor":22},{"not_picked":["Slice","Eviscerate","Dagger Spray"],"picked":"SKIP","floor":25},{"not_picked":["PiercingWail","Skewer","Predator+1"],"picked":"SKIP","floor":27},{"not_picked":["Caltrops+1","Dagger Spray","Slice+1"],"picked":"SKIP","floor":28},{"not_picked":["Acrobatics+1","Deadly Poison","Masterful Stab"],"picked":"SKIP","floor":31}],"player_experience":380510,"potions_floor_usage":[19,19,19],"damage_taken":[{"damage":0,"enemies":"Jaw Worm","floor":1,"turns":5},{"damage":0,"enemies":"2 Louse","floor":2,"turns":6},{"damage":6,"enemies":"Cultist","floor":3,"turns":5},{"damage":3,"enemies":"Looter","floor":8,"turns":4},{"damage":0,"enemies":"Exordium Thugs","floor":13,"turns":9},{"damage":0,"enemies":"3 Louse","floor":14,"turns":7},{"damage":0,"enemies":"The Guardian","floor":16,"turns":33},{"damage":2,"enemies":"Chosen","floor":18,"turns":12},{"damage":3,"enemies":"2 Thieves","floor":19,"turns":5},{"damage":16,"enemies":"Sentry and Sphere","floor":22,"turns":8},{"damage":8,"enemies":"Snake Plant","floor":25,"turns":5},{"damage":0,"enemies":"Chosen and Byrds","floor":27,"turns":6},{"damage":16,"enemies":"Centurion and Healer","floor":28,"turns":8},{"damage":1,"enemies":"Cultist and Chosen","floor":31,"turns":9},{"damage":63,"enemies":"Champ","floor":33,"turns":12}],"relics_obtained":[{"floor":9,"key":"Matryoshka"},{"floor":26,"key":"Ancient Tea Set"},{"floor":26,"key":"Gambling Chip"}],"event_choices":[{"event_name":"Shining Light","player_choice":"Entered Light","floor":4,"damage_taken":0},{"event_name":"World of Goop","player_choice":"Gather Gold","floor":5,"damage_taken":0},{"event_name":"Big Fish","player_choice":"Donut","floor":7,"damage_taken":0},{"event_name":"Vampires","player_choice":"Ignored","floor":20,"damage_taken":0},{"event_name":"Cursed Tome","player_choice":"Ignored","floor":30,"damage_taken":0}],"boss_relics":[{"not_picked":["Cursed Key","Ectoplasm"],"picked":"Tiny House"}],"items_purged_floors":[21],"potions_floor_spawned":[1,8,13,18,27,31],"seed_played":"-456082693710684035","killed_by":"Champ","ascension_level":5,"potions_obtained":[{"floor":1,"key":"GhostInAJar"},{"floor":8,"key":"AttackPotion"},{"floor":13,"key":"Poison Potion"},{"floor":27,"key":"Weak Potion"},{"floor":31,"key":"Fire Potion"}],"is_trial":false}