{"gold_per_floor":[115,39,50,50,61,87,99,79,104,104,129,204,223,234,234,334,334,350,366,283,308,308,308,324,324,376,376,376,389,416,416,416,516,516,534,534,534,545,214,246,246,272,317,317,332,554,568,580,580,580],"floor_reached":51,"playtime":16852,"items_purged":[],"score":710,"play_id":"5587628d-40c5-4429-8e50-4211d549ea6b","local_time":"20190921195109","is_ascension_mode":false,"campfire_choices":[{"floor":15.0,"key":"REST"},{"floor":23.0,"key":"REST"},{"floor":25.0,"key":"REST"},{"floor":27.0,"key":"REST"},{"floor":32.0,"key":"REST"},{"floor":41.0,"key":"REST"},{"floor":44,"key":"REST"},{"floor":49,"key":"REST"}],"neow_cost":"NONE","seed_source_timestamp":0,"circlet_count":0,"master_deck":["Strike_B+1","Strike_B+1","Strike_B+1","Strike_B","Defend_B","Defend_B","Defend_B","Zap","Dualcast+1","Beam Cell","Chill","Streamline","Hologram+1","Barrage","Conserve Battery","Self Repair","All For One","Loop+1","Self Repair","Bandage Up","Defragment+1","Gash+1","Cold Snap","Buffer","Glacier","Fission","Scrape","BootSequence+1","Defragment","Seek","Defragment+1"],"special_seed":0,"relics":["Cracked Core","Whetstone","Boot","Juzu Bracelet","Strawberry","Runic Pyramid","Red Mask","Toy Ornithopter","Potion Belt","Fusion Hammer","Shuriken","Bag of Marbles","Blood Vial","Bronze Scales"],"potions_floor_usage":[42,50,50],"damage_taken":[{"damage":0.0,"enemies":"Small Slimes","floor":1.0,"turns":2.0},{"damage":1.0,"enemies":"Jaw Worm","floor":3.0,"turns":3.0},{"damage":0.0,"enemies":"Cultist","floor":5.0,"turns":1.0},{"damage":4.0,"enemies":"Gremlin Nob","floor":6.0,"turns":3.0},{"damage":5.0,"enemies":"Looter","floor":7.0,"turns":3.0},{"damage":15.0,"enemies":"3 Sentries","floor":11.0,"turns":5.0},{"damage":1.0,"enemies":"Exordium Wildlife","floor":13.0,"turns":2.0},{"damage":3.0,"enemies":"Exordium Thugs","floor":14.0,"turns":6.0},{"damage":33.0,"enemies":"Slime Boss","floor":16.0,"turns":9.0},{"damage":26.0,"enemies":"2 Thieves","floor":18.0,"turns":4.0},{"damage":12.0,"enemies":"Shell Parasite","floor":19.0,"turns":7.0},{"damage":51.0,"enemies":"Masked Bandits","floor":21.0,"turns":6.0},{"damage":28.0,"enemies":"Cultist and Chosen","floor":24.0,"turns":7.0},{"damage":40.0,"enemies":"Shelled Parasite and Fungi","floor":29.0,"turns":6.0},{"damage":53.0,"enemies":"Slavers","floor":30.0,"turns":6.0},{"damage":61.0,"enemies":"Automaton","floor":33.0,"turns":13.0},{"damage":7.0,"enemies":"3 Shapes","floor":35.0,"turns":9.0},{"damage":0.0,"enemies":"Orb Walker","floor":38.0,"turns":3.0},{"damage":6.0,"enemies":"Nemesis","floor":40.0,"turns":9.0},{"damage":40,"enemies":"Giant Head","floor":42,"turns":10},{"damage":0,"enemies":"3 Darklings","floor":45,"turns":7},{"damage":11,"enemies":"Sphere and 2 Shapes","floor":47,"turns":6},{"damage":8,"enemies":"Jaw Worm Horde","floor":48,"turns":7},{"damage":59,"enemies":"Awakened One","floor":50,"turns":14}],"seed_played":"8837803642805498606","potions_obtained":[{"floor":3.0,"key":"SteroidPotion"},{"floor":5.0,"key":"LiquidBronze"},{"floor":8.0,"key":"PowerPotion"},{"floor":16.0,"key":"FairyPotion"},{"floor":30.0,"key":"FearPotion"},{"floor":35.0,"key":"Block Potion"},{"floor":42,"key":"Fruit Juice"},{"floor":47,"key":"LiquidBronze"}],"is_trial":false,"path_per_floor":["M","$","M","?","M","E","M","?","T","?","E","?","M","M","R","B",null,"M","M","$","?","?","R","M","R","T","R","?","M","E","?","R","B",null,"M","?","?","M","$","E","R","E","T","R","M","?","M","M","R","B",null],"character_chosen":"DEFECT","items_purchased":["Chill","Bandage Up","Defragment","Shuriken"],"campfire_rested":8,"item_purchase_floors":[2,20,39,39],"current_hp_per_floor":[75,75,74,59,59,55,50,50,50,50,42,31,30,27,51,25,82,63,58,58,25,25,49,39,63,63,82,82,60,25,25,49,38,82,82,82,82,82,82,82,82,70,70,87,87,87,87,87,87,46],"gold":580,"neow_bonus":"RANDOM_COMMON_RELIC","is_prod":false,"is_daily":false,"chose_seed":false,"campfire_upgraded":0,"win_rate":0.0,"timestamp":1569120669,"path_taken":["M","$","M","?","M","E","M","?","T","?","E","?","M","M","R","BOSS","M","M","$","?","?","R","M","R","T","R","?","M","E","?","R","BOSS","M","?","?","M","$","E","R","E","T","R","M","?","M","M","R","BOSS"],"build_version":"2019-09-20","purchased_purges":0,"victory":true,"max_hp_per_floor":[75,75,75,75,75,75,75,75,75,75,82,82,82,82,82,82,82,82,82,82,82,82,82,82,82,82,82,82,82,82,82,82,82,82,82,82,82,82,82,82,82,87,87,87,87,87,87,87,87,87],"card_choices":[{"not_picked":["Gash","Redo"],"picked":"Beam Cell","floor":1.0},{"not_picked":["Reinforced Body","Gash"],"picked":"Streamline","floor":3.0},{"not_picked":["Aggregate","Go for the Eyes"],"picked":"Hologram","floor":5.0},{"not_picked":["Streamline","Chill"],"picked":"Barrage","floor":6.0},{"not_picked":["Go for the Eyes","Barrage","Hello World"],"picked":"SKIP","floor":7.0},{"not_picked":["Hologram","Redo","Barrage"],"picked":"SKIP","floor":11.0},{"not_picked":["Go for the Eyes","Force Field"],"picked":"Conserve Battery","floor":13.0},{"not_picked":["Streamline","Lockon"],"picked":"Self Repair","floor":14.0},{"not_picked":["Amplify","Thunder Strike"],"picked":"All For One","floor":16.0},{"not_picked":["Skim","Loop+1","Redo"],"picked":"SKIP","floor":18.0},{"not_picked":["Skim","Redo"],"picked":"Loop+1","floor":18.0},{"not_picked":["Heatsinks","Cold Snap+1"],"picked":"Self Repair","floor":19.0},{"not_picked":["Glacier","Stack"],"picked":"Defragment+1","floor":21.0},{"not_picked":["Beam Cell+1","Compile Driver"],"picked":"Gash+1","floor":24.0},{"not_picked":["Barrage","Streamline+1"],"picked":"Cold Snap","floor":29.0},{"not_picked":["Ball Lightning","Storm"],"picked":"Buffer","floor":30.0},{"not_picked":["Biased Cognition","Creative AI"],"picked":"Fission","floor":33.0},{"not_picked":["Stack+1","Sweeping Beam"],"picked":"Scrape","floor":35.0},{"not_picked":["Static Discharge","Steam+1"],"picked":"BootSequence+1","floor":38.0},{"not_picked":["Lockon+1","Genetic Algorithm+1","Streamline+1"],"picked":"SKIP","floor":40.0},{"not_picked":["Beam Cell","Leap"],"picked":"Seek","floor":42},{"not_picked":["Stack","Hologram","Beam Cell+1"],"picked":"SKIP","floor":45},{"not_picked":["Beam Cell+1","Conserve Battery+1","Compile Driver+1"],"picked":"SKIP","floor":47},{"not_picked":["Go for the Eyes+1","Stack+1"],"picked":"Defragment+1","floor":48}],"player_experience":4326,"relics_obtained":[{"floor":6.0,"key":"Boot"},{"floor":9.0,"key":"Juzu Bracelet"},{"floor":11.0,"key":"Strawberry"},{"floor":21.0,"key":"Red Mask"},{"floor":26.0,"key":"Toy Ornithopter"},{"floor":30.0,"key":"Potion Belt"},{"floor":40.0,"key":"Bag of Marbles"},{"floor":42,"key":"Blood Vial"},{"floor":43,"key":"Bronze Scales"}],"event_choices":[{"damage_healed":0.0,"max_hp_gain":0.0,"max_hp_loss":0.0,"gold_gain":0.0,"event_name":"Shining Light","player_choice":"Entered Light","floor":4.0,"gold_loss":0.0,"damage_taken":15.0,"cards_upgraded":["Dualcast","Strike_B"]},{"damage_healed":0.0,"max_hp_gain":0.0,"max_hp_loss":0.0,"gold_gain":0.0,"event_name":"The Woman in Blue","player_choice":"Bought 1 Potion","floor":8.0,"gold_loss":0.0,"damage_taken":0.0},{"damage_healed":0.0,"max_hp_gain":0.0,"max_hp_loss":0.0,"gold_gain":0.0,"event_name":"Liars Game","player_choice":"Ignored","floor":10.0,"gold_loss":0.0,"damage_taken":0.0},{"damage_healed":0.0,"max_hp_gain":0.0,"max_hp_loss":0.0,"gold_gain":75.0,"event_name":"World of Goop","player_choice":"Gather Gold","floor":12.0,"gold_loss":0.0,"damage_taken":11.0},{"damage_healed":0.0,"max_hp_gain":0.0,"max_hp_loss":0.0,"gold_gain":0.0,"event_name":"Masked Bandits","player_choice":"Fought Bandits","floor":21.0,"gold_loss":0.0,"damage_taken":0.0},{"damage_healed":0.0,"max_hp_gain":0.0,"max_hp_loss":0.0,"gold_gain":0.0,"event_name":"Upgrade Shrine","player_choice":"Upgraded","floor":22.0,"gold_loss":0.0,"damage_taken":0.0,"cards_upgraded":["Hologram"]},{"damage_healed":0.0,"max_hp_gain":0.0,"max_hp_loss":0.0,"gold_gain":0.0,"event_name":"Vampires","player_choice":"Ignored","floor":28.0,"gold_loss":0.0,"damage_taken":0.0},{"damage_healed":0.0,"max_hp_gain":0.0,"max_hp_loss":0.0,"gold_gain":0.0,"event_name":"The Library","player_choice":"Read","floor":31.0,"gold_loss":0.0,"damage_taken":0.0,"cards_obtained":["Glacier"]},{"cards_removed":["Defend_B"],"damage_healed":0.0,"max_hp_gain":0.0,"max_hp_loss":0.0,"gold_gain":0.0,"event_name":"Falling","player_choice":"Removed Skill","floor":36.0,"gold_loss":0.0,"damage_taken":0.0},{"damage_healed":0.0,"max_hp_gain":0.0,"max_hp_loss":0.0,"gold_gain":0.0,"event_name":"Mysterious Sphere","player_choice":"Ignored","floor":37.0,"gold_loss":0.0,"damage_taken":0.0},{"damage_healed":0,"gold_gain":222,"player_choice":"Wore Mask","damage_taken":0,"max_hp_gain":0,"max_hp_loss":0,"event_name":"Tomb of Lord Red Mask","floor":46,"gold_loss":0}],"is_beta":true,"boss_relics":[{"not_picked":["Velvet Choker","Tiny House"],"picked":"Runic Pyramid"},{"not_picked":["Sozu","Runic Dome"],"picked":"Fusion Hammer"}],"items_purged_floors":[],"is_endless":false,"potions_floor_spawned":[3,5,13,16,18,21,24,30,35,42,47],"ascension_level":0}