{"gold_per_floor":[111,130,147,157,157,187,200,200],"floor_reached":8,"playtime":450,"items_purged":[],"score":69,"play_id":"29e9c723-3dce-4267-8e46-4b7473304238","local_time":"20190630060054","is_ascension_mode":true,"campfire_choices":[],"neow_cost":"NONE","seed_source_timestamp":1482071684596826,"circlet_count":0,"master_deck":["Strike_B","Strike_B","Strike_B","Strike_B","Defend_B","Defend_B","Defend_B","Zap","Dualcast","Biased Cognition","Doom and Gloom","Genetic Algorithm","Capacitor","Self Repair","Fusion","Defragment"],"relics":["Cracked Core","Regal Pillow"],"potions_floor_usage":[6,6,8],"damage_taken":[{"damage":0,"enemies":"2 Louse","floor":1,"turns":1},{"damage":9,"enemies":"Jaw Worm","floor":2,"turns":3},{"damage":0,"enemies":"Cultist","floor":3,"turns":3},{"damage":14,"enemies":"Red Slaver","floor":4,"turns":4},{"damage":34,"enemies":"Gremlin Nob","floor":6,"turns":4},{"damage":16,"enemies":"Looter","floor":7,"turns":4},{"damage":29,"enemies":"3 Sentries","floor":8,"turns":4}],"seed_played":"7588156350264425699","potions_obtained":[{"floor":1,"key":"Regen Potion"},{"floor":3,"key":"EssenceOfSteel"},{"floor":4,"key":"AttackPotion"}],"is_trial":false,"path_per_floor":["M","M","M","M","?","E","M","E"],"character_chosen":"DEFECT","items_purchased":[],"campfire_rested":0,"item_purchase_floors":[],"current_hp_per_floor":[75,66,66,52,52,37,28,0],"gold":200,"neow_bonus":"TRANSFORM_CARD","is_prod":false,"is_daily":false,"chose_seed":false,"campfire_upgraded":0,"win_rate":0,"timestamp":1561888854,"path_taken":["M","M","M","M","?","E","M","E"],"build_version":"2019-01-23","purchased_purges":0,"victory":false,"max_hp_per_floor":[75,75,75,75,75,75,75,75],"card_choices":[{"not_picked":["Double Energy","Beam Cell"],"picked":"Doom and Gloom","floor":1},{"not_picked":["Hologram","Compile Driver"],"picked":"Genetic Algorithm","floor":2},{"not_picked":["White Noise","Redo"],"picked":"Capacitor","floor":3},{"not_picked":["Sweeping Beam","Cold Snap"],"picked":"Self Repair","floor":4},{"not_picked":["Reinforced Body","Heatsinks"],"picked":"Fusion","floor":6},{"not_picked":["Doom and Gloom","Heatsinks"],"picked":"Defragment","floor":7}],"player_experience":304100,"relics_obtained":[{"floor":6,"key":"Regal Pillow"}],"event_choices":[{"damage_healed":0,"gold_gain":0,"player_choice":"Ignored","damage_taken":0,"max_hp_gain":0,"max_hp_loss":0,"event_name":"Shining Light","floor":5,"gold_loss":0}],"is_beta":false,"boss_relics":[],"items_purged_floors":[],"is_endless":false,"potions_floor_spawned":[1,3,4],"killed_by":"3 Sentries","ascension_level":3}