{"gold_per_floor":[215,107,107,118,137,137,171,121,121,121,4,4,22,57,57,57],"floor_reached":16,"playtime":590,"items_purged":[],"score":135,"play_id":"76c242a5-fffe-4300-b491-cd433384735d","local_time":"20190825123255","is_ascension_mode":true,"campfire_choices":[{"data":"Limit Break","floor":6.0,"key":"SMITH"},{"floor":10.0,"key":"REST"},{"data":"Armaments","floor":15,"key":"SMITH"}],"neow_cost":"NONE","seed_source_timestamp":332550347593554,"circlet_count":0,"master_deck":["Strike_R","Strike_R","Strike_R","Strike_R","Defend_R","Defend_R","Defend_R","Defend_R","Bash","Ghostly Armor","Combust","Intimidate","Pommel Strike","Limit Break+1","Hemokinesis+1","Armaments+1","Evolve","Flame Barrier","Corruption","Metallicize"],"special_seed":0,"relics":["Burning Blood","Bird Faced Urn","Nunchaku","Pen Nib"],"potions_floor_usage":[],"damage_taken":[{"damage":6.0,"enemies":"2 Louse","floor":1.0,"turns":3.0},{"damage":6.0,"enemies":"Cultist","floor":4.0,"turns":5.0},{"damage":14.0,"enemies":"Small Slimes","floor":5.0,"turns":4.0},{"damage":39.0,"enemies":"Lagavulin","floor":7.0,"turns":5.0},{"damage":3.0,"enemies":"Gremlin Gang","floor":13.0,"turns":3.0},{"damage":28,"enemies":"3 Sentries","floor":14,"turns":6},{"damage":62,"enemies":"Hexaghost","floor":16,"turns":9}],"seed_played":"1047690896532910066","potions_obtained":[{"floor":1.0,"key":"Swift Potion"}],"is_trial":false,"path_per_floor":["M","$","?","M","M","R","E","$","T","R","$","?","M","E","R","B"],"character_chosen":"IRONCLAD","items_purchased":["Combust","Intimidate","Armaments","Evolve","Flame Barrier"],"campfire_rested":1,"item_purchase_floors":[2,2,8,11,11],"current_hp_per_floor":[80,80,80,80,72,72,39,39,39,63,63,63,68,50,50,0],"gold":57,"neow_bonus":"HUNDRED_GOLD","is_prod":false,"is_daily":false,"chose_seed":false,"campfire_upgraded":2,"win_rate":0,"timestamp":1566761575,"path_taken":["M","$","?","M","M","R","E","?","T","R","$","?","M","E","R","BOSS"],"build_version":"2019-07-17","purchased_purges":0,"victory":false,"max_hp_per_floor":[80,80,80,80,80,80,80,80,80,80,80,80,80,80,80,80],"card_choices":[{"not_picked":["Clothesline","Wild Strike"],"picked":"Ghostly Armor","floor":1.0},{"not_picked":["Clash","Headbutt"],"picked":"Pommel Strike","floor":4.0},{"not_picked":["Clash","Clothesline"],"picked":"Limit Break","floor":5.0},{"not_picked":["Shockwave","Entrench"],"picked":"Hemokinesis","floor":7.0},{"not_picked":["Perfected Strike","Whirlwind"],"picked":"Corruption","floor":13.0},{"not_picked":["Clash","Warcry"],"picked":"Metallicize","floor":14}],"player_experience":3041459,"relics_obtained":[{"floor":7.0,"key":"Bird Faced Urn"},{"floor":9.0,"key":"Nunchaku"},{"floor":14,"key":"Pen Nib"}],"event_choices":[{"cards_removed":["Strike_R"],"damage_healed":0.0,"max_hp_gain":0.0,"max_hp_loss":0.0,"gold_gain":0.0,"event_name":"Purifier","player_choice":"Purged","floor":3.0,"gold_loss":0.0,"damage_taken":0.0},{"damage_healed":0.0,"max_hp_gain":0.0,"max_hp_loss":0.0,"gold_gain":0.0,"event_name":"Upgrade Shrine","player_choice":"Upgraded","floor":12.0,"gold_loss":0.0,"damage_taken":0.0,"cards_upgraded":["Hemokinesis"]}],"is_beta":false,"boss_relics":[],"items_purged_floors":[],"is_endless":false,"potions_floor_spawned":[1],"killed_by":"Hexaghost","ascension_level":5}