{"gold_per_floor":[119,119,137,137,137,167,10,38,94,94,128,142,142,19,19,114,114,130,25,36,50,50,50,85,85,108,3,16,50,50,65,65,65],"floor_reached":33,"playtime":2819,"items_purged":[],"score":416,"play_id":"f22cb400-1cdb-454e-b571-6767d8e3877b","local_time":"20190901220555","is_ascension_mode":true,"campfire_choices":[{"floor":10.0,"key":"REST"},{"floor":13,"key":"REST"},{"data":"Concentrate","floor":15,"key":"SMITH"},{"floor":23,"key":"REST"},{"floor":25,"key":"REST"},{"floor":30,"key":"REST"},{"data":"Burst","floor":32,"key":"SMITH"}],"neow_cost":"NONE","seed_source_timestamp":532408158125039,"circlet_count":0,"master_deck":["Strike_G+1","Strike_G+1","Defend_G+1","Defend_G+1","Defend_G+1","Defend_G+1","Defend_G+1","Survivor+1","Neutralize","Tactician","Slice","Venomology","Phantasmal Killer","Deadly Poison","Bandage Up","Dagger Throw+1","Unload","Expertise","Concentrate+1","Acrobatics","Quick Slash","Deadly Poison","Malaise","Footwork+1","Sucker Punch+1","Outmaneuver+1","Underhanded Strike","Catalyst","Caltrops","Dagger Spray","Burst+1","Footwork","Dash","Blur+1","Deadly Poison"],"special_seed":0,"relics":["Ring of the Snake","NeowsBlessing","Boot","Whetstone","Tiny Chest","Kunai","Astrolabe","Regal Pillow","Vajra","Pantograph"],"potions_floor_usage":[11,11,12,16,18,20,20,20,24,24,29,29,33],"damage_taken":[{"damage":0.0,"enemies":"Small Slimes","floor":1.0,"turns":1.0},{"damage":0.0,"enemies":"Cultist","floor":3.0,"turns":1.0},{"damage":0.0,"enemies":"Gremlin Nob","floor":6.0,"turns":1.0},{"damage":38.0,"enemies":"Lagavulin","floor":8.0,"turns":6.0},{"damage":16,"enemies":"Gremlin Nob","floor":11,"turns":3},{"damage":4,"enemies":"Jaw Worm","floor":12,"turns":2},{"damage":30,"enemies":"Slime Boss","floor":16,"turns":5},{"damage":12,"enemies":"Chosen","floor":18,"turns":7},{"damage":11,"enemies":"Spheric Guardian","floor":20,"turns":6},{"damage":26,"enemies":"Snake Plant","floor":21,"turns":7},{"damage":45,"enemies":"Gremlin Leader","floor":24,"turns":7},{"damage":36,"enemies":"Centurion and Healer","floor":28,"turns":8},{"damage":43,"enemies":"Slavers","floor":29,"turns":13},{"damage":4,"enemies":"Snecko","floor":31,"turns":5},{"damage":109,"enemies":"Collector","floor":33,"turns":7}],"seed_played":"6570983018076053442","potions_obtained":[{"floor":3.0,"key":"AttackPotion"},{"floor":6.0,"key":"Dexterity Potion"},{"floor":8.0,"key":"SteroidPotion"},{"floor":12,"key":"FearPotion"},{"floor":16,"key":"GamblersBrew"},{"floor":20,"key":"Fruit Juice"},{"floor":28,"key":"FairyPotion"}],"is_trial":false,"path_per_floor":["M","?","M","?","?","E","$","E","T","R","E","M","R","$","R","B",null,"M","$","M","M","?","R","E","R","T","$","M","E","R","M","R","B"],"character_chosen":"THE_SILENT","items_purchased":["Deadly Poison","Bandage Up","Dagger Throw","Acrobatics","Quick Slash","Deadly Poison","Catalyst","Caltrops","Footwork","Dash"],"campfire_rested":5,"item_purchase_floors":[7,7,7,14,14,14,19,19,27,27],"current_hp_per_floor":[70,56,56,61,61,61,61,27,27,49,33,33,55,55,55,29,75,67,67,65,43,43,67,26,65,65,65,37,8,47,47,47,0],"gold":65,"neow_bonus":"THREE_ENEMY_KILL","is_prod":false,"is_daily":false,"chose_seed":false,"campfire_upgraded":2,"win_rate":0,"timestamp":1567400755,"path_taken":["M","?","M","?","?","E","$","E","T","R","E","?","R","$","R","BOSS","M","$","M","M","?","R","E","R","T","$","M","E","R","M","R","BOSS"],"build_version":"2019-07-17","purchased_purges":0,"victory":false,"max_hp_per_floor":[70,70,70,75,75,75,75,75,75,75,75,75,75,75,75,75,75,75,75,80,80,80,80,80,80,80,80,80,80,80,80,80,80],"card_choices":[{"not_picked":["Quick Slash","Terror"],"picked":"Tactician","floor":1.0},{"not_picked":["Riddle With Holes","Catalyst"],"picked":"Slice","floor":3.0},{"not_picked":["Slice","Blur"],"picked":"Phantasmal Killer","floor":6.0},{"not_picked":["Slice","Backflip"],"picked":"Unload","floor":8.0},{"not_picked":["Dagger Throw","Deadly Poison"],"picked":"Expertise","floor":11},{"not_picked":["Bouncing Flask","Deflect"],"picked":"Concentrate","floor":12},{"not_picked":["Storm of Steel","Venomology"],"picked":"Malaise","floor":16},{"not_picked":["Accuracy","Expertise"],"picked":"Underhanded Strike","floor":18},{"not_picked":["Dodge and Roll","Concentrate+1"],"picked":"Dagger Spray","floor":20},{"not_picked":["Dagger Throw","Accuracy+1","Dodge and Roll"],"picked":"SKIP","floor":21},{"not_picked":["Heel Hook+1","Eviscerate+1"],"picked":"Burst","floor":24},{"not_picked":["Bane","Expertise"],"picked":"Blur+1","floor":28},{"not_picked":["Flechettes","Underhanded Strike"],"picked":"Deadly Poison","floor":29},{"not_picked":["Dagger Spray","Calculated Gamble","Bane+1"],"picked":"SKIP","floor":31}],"player_experience":3081112,"relics_obtained":[{"floor":6.0,"key":"Boot"},{"floor":8.0,"key":"Whetstone"},{"floor":9.0,"key":"Tiny Chest"},{"floor":11,"key":"Kunai"},{"floor":24,"key":"Regal Pillow"},{"floor":26,"key":"Vajra"},{"floor":29,"key":"Pantograph"}],"event_choices":[{"damage_healed":0.0,"max_hp_gain":0.0,"max_hp_loss":0.0,"gold_gain":0.0,"event_name":"Shining Light","player_choice":"Entered Light","floor":2.0,"gold_loss":0.0,"damage_taken":14.0,"cards_upgraded":["Survivor","Defend_G"]},{"damage_healed":0.0,"max_hp_gain":5.0,"max_hp_loss":0.0,"gold_gain":0.0,"event_name":"Big Fish","player_choice":"Donut","floor":4.0,"gold_loss":0.0,"damage_taken":0.0},{"damage_healed":0.0,"max_hp_gain":0.0,"max_hp_loss":0.0,"gold_gain":0.0,"event_name":"Match and Keep!","player_choice":"1 cards matched","floor":5.0,"gold_loss":0.0,"damage_taken":0.0,"cards_obtained":["Venomology"]},{"damage_healed":0,"gold_gain":0,"player_choice":"Simplicity","damage_taken":0,"max_hp_gain":0,"max_hp_loss":0,"event_name":"Back to Basics","floor":22,"gold_loss":0,"cards_upgraded":["Strike_G","Defend_G","Defend_G","Defend_G","Defend_G"]}],"is_beta":false,"boss_relics":[{"not_picked":["Lizard Tail","Calling Bell"],"picked":"Astrolabe"}],"items_purged_floors":[],"is_endless":false,"potions_floor_spawned":[3,6,8,12,16,20,28],"killed_by":"Collector","ascension_level":4}