{"gold_per_floor":[113,123,123,53,153,184,194,211,258,277,295,295,328,24,24,122,122,103,120,22,42,62,94,94,124,170,170,23,41,66,66,66,163,163,179,36,46,397,409,409],"floor_reached":40,"playtime":5606,"items_purged":["Strike_G"],"score":609,"play_id":"d01e791a-6819-44c6-8f02-f73cd1449c14","local_time":"20190819132417","is_ascension_mode":true,"campfire_choices":[{"data":"Leg Sweep","floor":12.0,"key":"SMITH"},{"data":"Die Die Die","floor":15.0,"key":"SMITH"},{"data":"Venomology","floor":24.0,"key":"SMITH"},{"floor":32.0,"key":"REST"}],"neow_cost":"NONE","seed_source_timestamp":0,"circlet_count":0,"master_deck":["Strike_G","Strike_G","Defend_G","Defend_G","Defend_G","Defend_G","Survivor","Neutralize+1","Heel Hook","Infinite Blades","Die Die Die+1","Backflip","Caltrops","Blade Dance","Crippling Poison","Leg Sweep+1","Sucker Punch","Well Laid Plans","Venomology+1","Malaise+1","Prepared+1","Dodge and Roll+1","Sucker Punch+1","Dark Shackles","Endless Agony+1","PiercingWail","A Thousand Cuts","Backflip+1","Finisher+1"],"special_seed":0,"relics":["Ring of the Snake","NeowsBlessing","Ornamental Fan","Potion Belt","Art of War","Strange Spoon","Astrolabe","Tingsha","The Specimen","Strawberry","Bag of Marbles","Omamori","NlothsMask","Cursed Key","Pen Nib","Old Coin"],"potions_floor_usage":[35,37,38,38,38,39,39],"damage_taken":[{"damage":0.0,"enemies":"Cultist","floor":1.0,"turns":1.0},{"damage":0.0,"enemies":"Jaw Worm","floor":2.0,"turns":1.0},{"damage":0.0,"enemies":"Gremlin Nob","floor":6.0,"turns":1.0},{"damage":0.0,"enemies":"Small Slimes","floor":7.0,"turns":2.0},{"damage":7.0,"enemies":"Exordium Thugs","floor":8.0,"turns":7.0},{"damage":2.0,"enemies":"Lots of Slimes","floor":10.0,"turns":4.0},{"damage":12.0,"enemies":"Exordium Wildlife","floor":11.0,"turns":4.0},{"damage":6.0,"enemies":"3 Sentries","floor":13.0,"turns":8.0},{"damage":7.0,"enemies":"Hexaghost","floor":16.0,"turns":9.0},{"damage":12.0,"enemies":"2 Thieves","floor":18.0,"turns":4.0},{"damage":6.0,"enemies":"Spheric Guardian","floor":19.0,"turns":6.0},{"damage":3.0,"enemies":"Snecko","floor":21.0,"turns":8.0},{"damage":4.0,"enemies":"Centurion and Healer","floor":22.0,"turns":6.0},{"damage":4.0,"enemies":"Book of Stabbing","floor":23.0,"turns":8.0},{"damage":0.0,"enemies":"Gremlin Leader","floor":25.0,"turns":6.0},{"damage":5.0,"enemies":"Cultist and Chosen","floor":29.0,"turns":6.0},{"damage":24.0,"enemies":"Slavers","floor":30.0,"turns":4.0},{"damage":35.0,"enemies":"Collector","floor":33.0,"turns":19.0},{"damage":12,"enemies":"3 Darklings","floor":35,"turns":3},{"damage":0,"enemies":"3 Shapes","floor":37,"turns":3},{"damage":51,"enemies":"2 Orb Walkers","floor":38,"turns":7},{"damage":36,"enemies":"Transient","floor":39,"turns":5},{"damage":21,"enemies":"Giant Head","floor":40,"turns":7}],"seed_played":"570789587950784557","potions_obtained":[{"floor":2.0,"key":"Dexterity Potion"},{"floor":6.0,"key":"Dexterity Potion"},{"floor":11.0,"key":"LiquidBronze"},{"floor":16.0,"key":"LiquidBronze"},{"floor":19.0,"key":"Explosive Potion"},{"floor":22.0,"key":"Block Potion"},{"floor":23.0,"key":"Strength Potion"},{"floor":30.0,"key":"Energy Potion"},{"floor":33.0,"key":"Regen Potion"},{"floor":35,"key":"Energy Potion"}],"is_trial":false,"path_per_floor":["M","M","?","$","?","E","M","M","T","M","M","R","E","$","R","B",null,"M","M","$","M","M","E","R","E","T","?","$","M","E","?","R","B",null,"M","$","M","?","M","E"],"character_chosen":"THE_SILENT","items_purchased":["Die Die Die","Strange Spoon","Well Laid Plans","Dark Shackles","Bag of Marbles","Pen Nib"],"campfire_rested":1,"item_purchase_floors":[4,14,14,20,28,36],"current_hp_per_floor":[70,70,70,70,70,70,70,63,63,61,49,49,43,43,43,36,70,58,52,52,64,60,56,56,56,63,49,49,44,20,20,44,9,82,70,70,70,34,8,0],"gold":409,"neow_bonus":"THREE_ENEMY_KILL","is_prod":false,"is_daily":false,"chose_seed":false,"campfire_upgraded":3,"win_rate":0,"timestamp":1566239057,"path_taken":["M","M","?","?","?","E","M","M","T","M","?","R","E","$","R","BOSS","M","M","$","M","?","E","R","E","T","?","$","M","E","?","R","BOSS","M","$","M","?","M","E"],"build_version":"2019-07-17","purchased_purges":1,"victory":false,"max_hp_per_floor":[70,70,70,70,70,70,70,70,70,70,70,70,70,70,70,70,70,70,70,70,70,70,70,70,70,77,82,82,82,82,82,82,82,82,82,82,82,82,82,82],"card_choices":[{"not_picked":["Outmaneuver","Dash"],"picked":"Heel Hook","floor":1.0},{"not_picked":["Slice","Predator"],"picked":"Infinite Blades","floor":2.0},{"not_picked":["Deadly Poison","Masterful Stab"],"picked":"Backflip","floor":6.0},{"not_picked":["Cloak And Dagger","Blur"],"picked":"Caltrops","floor":7.0},{"not_picked":["Noxious Fumes","Calculated Gamble"],"picked":"Blade Dance","floor":8.0},{"not_picked":["Predator","Bane"],"picked":"Crippling Poison","floor":10.0},{"not_picked":["Catalyst","Quick Slash"],"picked":"Leg Sweep","floor":11.0},{"not_picked":["Dodge and Roll","Bouncing Flask"],"picked":"Sucker Punch","floor":13.0},{"not_picked":["Tools of the Trade","Night Terror"],"picked":"Venomology","floor":16.0},{"not_picked":["Crippling Poison+1","Dagger Spray","Expertise+1"],"picked":"SKIP","floor":18.0},{"not_picked":["Quick Slash","Skewer"],"picked":"Sucker Punch+1","floor":19.0},{"not_picked":["Acrobatics","Quick Slash"],"picked":"Endless Agony+1","floor":21.0},{"not_picked":["Leg Sweep","Deflect","Well Laid Plans"],"picked":"SKIP","floor":22.0},{"not_picked":["Bouncing Flask","Unload"],"picked":"PiercingWail","floor":23.0},{"not_picked":["PiercingWail+1","Outmaneuver","Slice+1"],"picked":"SKIP","floor":25.0},{"not_picked":["Dagger Spray","Deadly Poison+1","Dagger Throw"],"picked":"SKIP","floor":29.0},{"not_picked":["Backflip","Flying Knee","PiercingWail"],"picked":"SKIP","floor":30.0},{"not_picked":["Adrenaline","Malaise"],"picked":"A Thousand Cuts","floor":33.0},{"not_picked":["Catalyst+1","Sucker Punch","Slice"],"picked":"SKIP","floor":35},{"not_picked":["Prepared","Concentrate"],"picked":"Backflip+1","floor":37},{"not_picked":["Blade Dance+1","Dagger Spray+1"],"picked":"Finisher+1","floor":38},{"not_picked":["Catalyst","Setup+1","Outmaneuver"],"picked":"SKIP","floor":39}],"player_experience":179501,"relics_obtained":[{"floor":6.0,"key":"Ornamental Fan"},{"floor":9.0,"key":"Potion Belt"},{"floor":13.0,"key":"Art of War"},{"floor":23.0,"key":"Tingsha"},{"floor":25.0,"key":"The Specimen"},{"floor":26.0,"key":"Strawberry"},{"floor":30.0,"key":"Omamori"},{"floor":38,"key":"Old Coin"}],"event_choices":[{"damage_healed":0.0,"max_hp_gain":0.0,"max_hp_loss":0.0,"gold_gain":0.0,"event_name":"Living Wall","player_choice":"Grow","floor":3.0,"gold_loss":0.0,"damage_taken":0.0,"cards_upgraded":["Neutralize"]},{"damage_healed":0.0,"max_hp_gain":0.0,"max_hp_loss":0.0,"gold_gain":100.0,"event_name":"Golden Shrine","player_choice":"Pray","floor":5.0,"gold_loss":0.0,"damage_taken":0.0},{"damage_healed":0.0,"max_hp_gain":5.0,"max_hp_loss":0.0,"gold_gain":0.0,"event_name":"Forgotten Altar","player_choice":"Shed Blood","floor":27.0,"gold_loss":0.0,"damage_taken":19.0},{"damage_healed":0.0,"max_hp_gain":0.0,"max_hp_loss":0.0,"gold_gain":0.0,"event_name":"FaceTrader","player_choice":"Trade","floor":31.0,"gold_loss":0.0,"damage_taken":0.0,"relics_obtained":["NlothsMask"]},{"damage_healed":0,"gold_gain":0,"player_choice":"Fight","damage_taken":0,"max_hp_gain":0,"max_hp_loss":0,"event_name":"Mysterious Sphere","floor":38,"gold_loss":0}],"is_beta":false,"boss_relics":[{"not_picked":["White Beast Statue","Eternal Feather"],"picked":"Astrolabe"},{"not_picked":["Pandora\u0027s Box","Runic Pyramid"],"picked":"Cursed Key"}],"items_purged_floors":[14],"is_endless":false,"potions_floor_spawned":[2,6,11,16,19,22,23,30,33,35],"killed_by":"Giant Head","ascension_level":3}