{"path_per_floor":["M","?","$","M","M","R","M","R","T","E","R","E","M","?","R","B",null,"M","M","M","$","M","R","M","M","T","R","?","M","?","M","R"],"character_chosen":"THE_SILENT","items_purchased":["Blur","Crippling Poison","Poisoned Stab"],"gold_per_floor":[118,118,5,23,42,42,54,54,54,88,88,122,140,140,140,235,235,253,273,293,72,91,91,103,117,143,143,143,161,161,176,176,176],"floor_reached":33,"campfire_rested":2,"playtime":3002,"current_hp_per_floor":[70,70,70,70,70,70,58,58,58,49,49,46,46,39,61,45,75,68,44,37,37,30,30,30,23,23,23,9,9,9,9,33,0],"items_purged":["Decay","Strike_G"],"gold":176,"score":261,"play_id":"64988718-9433-499a-be3d-edb0bee60f14","local_time":"20180515183401","is_prod":false,"is_daily":false,"chose_seed":false,"is_ascension_mode":false,"campfire_upgraded":5,"timestamp":1526434441,"path_taken":["M","?","$","M","M","R","M","R","T","E","R","E","?","?","R","BOSS","M","M","M","$","M","R","M","M","T","R","?","?","?","M","R","BOSS"],"build_version":"2018-05-10","seed_source_timestamp":614373877713,"purchased_purges":2,"victory":false,"master_deck":["Defend_G","Defend_G","Defend_G","Defend_G","Defend_G","Strike_G","Strike_G","Survivor","Neutralize","Sucker Punch+1","Blur+1","Flying Knee","Envenom+1","Catalyst","Dagger Spray","Escape Plan+1","Phantasmal Killer+1","Escape Plan","Crippling Poison","Poisoned Stab","Cloak And Dagger+1","Footwork+1","Noxious Fumes+1"],"max_hp_per_floor":[70,70,70,70,70,70,70,70,70,75,75,75,75,75,75,75,75,75,75,75,75,75,75,75,75,75,75,80,80,80,80,80,80],"relics":["Ring of the Snake","Snake Skull","Bottled Tornado","Frozen Egg 2","Paper Crane","Black Star","Bronze Scales"],"card_choices":[{"not_picked":["Cloak And Dagger","Masterful Stab"],"picked":"Sucker Punch","floor":1},{"not_picked":["Slice","Terror"],"picked":"Flying Knee","floor":4},{"not_picked":["Deflect","Deadly Poison"],"picked":"Envenom","floor":5},{"not_picked":["Sucker Punch","Quick Slash"],"picked":"Catalyst","floor":7},{"not_picked":["Flying Knee","Deadly Poison"],"picked":"Dagger Spray","floor":10},{"not_picked":["Predator","Expertise"],"picked":"Escape Plan","floor":12},{"not_picked":["Storm of Steel","Venomology"],"picked":"Phantasmal Killer","floor":16},{"not_picked":["Flechettes","Quick Slash"],"picked":"Escape Plan","floor":18},{"not_picked":["Deflect","Dagger Spray"],"picked":"Cloak And Dagger","floor":25},{"not_picked":["Dagger Throw","PiercingWail"],"picked":"Footwork","floor":29},{"not_picked":["Terror","Backflip"],"picked":"Noxious Fumes","floor":31}],"player_experience":163127,"potions_floor_usage":[10,10,10,31,31,33,33],"damage_taken":[{"damage":0,"enemies":"2 Louse","floor":1,"turns":3},{"damage":0,"enemies":"Cultist","floor":4,"turns":4},{"damage":0,"enemies":"Jaw Worm","floor":5,"turns":5},{"damage":12,"enemies":"Large Slime","floor":7,"turns":11},{"damage":14,"enemies":"Gremlin Nob","floor":10,"turns":4},{"damage":3,"enemies":"Lagavulin","floor":12,"turns":5},{"damage":0,"enemies":"Exordium Thugs","floor":13,"turns":4},{"damage":16,"enemies":"The Guardian","floor":16,"turns":8},{"damage":7,"enemies":"Shell Parasite","floor":18,"turns":14},{"damage":24,"enemies":"3 Byrds","floor":19,"turns":5},{"damage":7,"enemies":"Snecko","floor":20,"turns":8},{"damage":7,"enemies":"Snake Plant","floor":22,"turns":4},{"damage":0,"enemies":"Chosen and Byrds","floor":24,"turns":5},{"damage":7,"enemies":"Snecko","floor":25,"turns":5},{"damage":0,"enemies":"Snake Plant","floor":29,"turns":4},{"damage":0,"enemies":"Centurion and Healer","floor":31,"turns":9},{"damage":44,"enemies":"Collector","floor":33,"turns":7}],"event_choices":[{"event_name":"Wheel of Change","player_choice":"Curse","floor":2,"damage_taken":0},{"event_name":"Scrap Ooze","player_choice":"success","floor":14,"damage_taken":7},{"event_name":"Forgotten Altar","player_choice":"Shed Blood","floor":28,"damage_taken":0},{"event_name":"Back to Basics","player_choice":"Elegance","floor":30,"damage_taken":0}],"boss_relics":[{"not_picked":["Philosopher\u0027s Stone","Runic Pyramid"],"picked":"Black Star"}],"potions_floor_spawned":[1,4,5,7,16,20,25,29,31],"seed_played":"4582043281953712225","killed_by":"Collector","ascension_level":0,"is_trial":false}