{"gold_per_floor":[119,119,119,194,205,205,237,237,315,349,362,389,408,83,83,183,183,199,199,199,199,219,219,231,256,280,295,295,295,305,340,340,444,444,459,459,123,123,139,139,139,166,166,166,166,199,199,215,215,215],"floor_reached":51,"playtime":52318,"items_purged":[],"score":1012,"play_id":"668fce33-8ccb-4220-97eb-467271889c8b","local_time":"20190914105358","is_ascension_mode":true,"campfire_choices":[{"floor":6.0,"key":"REST"},{"floor":8.0,"key":"REST"},{"data":"Choke","floor":15.0,"key":"SMITH"},{"floor":23,"key":"REST"},{"floor":28,"key":"REST"},{"floor":32,"key":"REST"},{"floor":41,"key":"REST"},{"floor":45,"key":"REST"},{"floor":47,"key":"RECALL"},{"floor":49,"key":"REST"}],"neow_cost":"NONE","seed_source_timestamp":230809536361164,"circlet_count":0,"master_deck":["Strike_G","Defend_G","Defend_G","Defend_G","Survivor","Neutralize","Riddle With Holes","Escape Plan","Choke+1","Flying Knee","Dagger Spray","Blade Dance","Deflect","Well Laid Plans","Backflip","Glass Knife","Concentrate+1","Underhanded Strike+1","Bullet Time+1","Backstab+1","Riddle With Holes","Writhe","Infinite Blades","Cloak And Dagger+1","Prepared","Storm of Steel","PiercingWail","Reflex+1","Blade Dance+1","Malaise","Cloak And Dagger+1","Dodge and Roll","Flash of Steel","Deflect+1","Leg Sweep+1","Expertise","Terror"],"special_seed":0,"relics":["Ring of the Snake","Ancient Tea Set","PreservedInsect","Bag of Marbles","Ornamental Fan","Ginger","Shuriken","Sling","Astrolabe","Juzu Bracelet","Happy Flower","Omamori","Regal Pillow","Fusion Hammer","Calipers","Nunchaku","Bottled Tornado","Prayer Wheel"],"potions_floor_usage":[33,33,35,50,50],"damage_taken":[{"damage":0.0,"enemies":"Jaw Worm","floor":1.0,"turns":3.0},{"damage":10.0,"enemies":"Small Slimes","floor":5.0,"turns":3.0},{"damage":17.0,"enemies":"Gremlin Nob","floor":7.0,"turns":4.0},{"damage":10.0,"enemies":"Lagavulin","floor":10.0,"turns":5.0},{"damage":0.0,"enemies":"2 Louse","floor":11.0,"turns":3.0},{"damage":0.0,"enemies":"Gremlin Nob","floor":12.0,"turns":2.0},{"damage":0.0,"enemies":"2 Fungi Beasts","floor":13.0,"turns":2.0},{"damage":17,"enemies":"Slime Boss","floor":16,"turns":8},{"damage":0,"enemies":"3 Byrds","floor":18,"turns":4},{"damage":11,"enemies":"2 Thieves","floor":22,"turns":3},{"damage":23,"enemies":"Cultist and Chosen","floor":24,"turns":5},{"damage":11,"enemies":"Gremlin Leader","floor":25,"turns":4},{"damage":21,"enemies":"Snake Plant","floor":27,"turns":3},{"damage":0,"enemies":"Centurion and Healer","floor":30,"turns":3},{"damage":5,"enemies":"Book of Stabbing","floor":31,"turns":3},{"damage":66,"enemies":"Automaton","floor":33,"turns":9},{"damage":21,"enemies":"3 Shapes","floor":35,"turns":10},{"damage":17,"enemies":"3 Darklings","floor":39,"turns":3},{"damage":14,"enemies":"Nemesis","floor":42,"turns":5},{"damage":0,"enemies":"Reptomancer","floor":46,"turns":2},{"damage":20,"enemies":"Sphere and 2 Shapes","floor":48,"turns":6},{"damage":76,"enemies":"Awakened One","floor":50,"turns":12}],"seed_played":"3397336657250845022","potions_obtained":[{"floor":7.0,"key":"LiquidBronze"},{"floor":11.0,"key":"Dexterity Potion"},{"floor":16,"key":"Ancient Potion"},{"floor":24,"key":"SpeedPotion"},{"floor":33,"key":"AttackPotion"},{"floor":39,"key":"SkillPotion"},{"floor":48,"key":"Regen Potion"}],"is_trial":false,"path_per_floor":["M","?","?","?","M","R","E","R","T","E","M","E","M","$","R","B",null,"M","?","?","?","M","R","M","E","T","M","R","?","M","E","R","B",null,"M","?","$","?","M","?","R","E","T","?","R","E","R","M","R","B",null],"character_chosen":"THE_SILENT","items_purchased":["Well Laid Plans","Sling","Backflip","Calipers","Dodge and Roll"],"campfire_rested":8,"item_purchase_floors":[14,14,14,37,37],"current_hp_per_floor":[63,51,56,45,35,57,40,62,62,52,52,52,52,52,52,35,65,65,65,65,65,54,75,52,41,41,20,42,42,42,37,74,8,58,37,37,37,37,20,20,57,43,43,43,75,75,75,55,75,10],"gold":215,"neow_bonus":"RANDOM_COMMON_RELIC","is_prod":false,"is_daily":false,"chose_seed":false,"campfire_upgraded":1,"win_rate":0,"timestamp":1568483638,"path_taken":["M","?","?","?","M","R","E","R","T","E","M","E","M","$","R","BOSS","M","?","?","?","M","R","M","E","T","M","R","?","M","E","R","BOSS","M","?","$","?","M","?","R","E","T","?","R","E","R","M","R","BOSS"],"build_version":"2019-07-17","purchased_purges":0,"victory":true,"max_hp_per_floor":[70,70,75,75,75,75,75,75,75,75,75,75,75,75,75,75,75,75,75,75,75,75,75,75,75,75,75,75,75,75,75,75,75,75,75,75,75,75,75,75,75,75,75,75,75,75,75,75,75,75],"card_choices":[{"not_picked":["Slice","Concentrate"],"picked":"Riddle With Holes","floor":1.0},{"not_picked":["Caltrops","Acrobatics"],"picked":"Escape Plan","floor":5.0},{"not_picked":["Eviscerate","Sucker Punch"],"picked":"Choke","floor":7.0},{"not_picked":["PiercingWail","Deadly Poison"],"picked":"Flying Knee","floor":10.0},{"not_picked":["Flying Knee","Flechettes"],"picked":"Dagger Spray","floor":11.0},{"not_picked":["Predator","Underhanded Strike"],"picked":"Blade Dance","floor":12.0},{"not_picked":["Bane","Slice"],"picked":"Deflect","floor":13.0},{"not_picked":["Night Terror","Phantasmal Killer"],"picked":"Glass Knife","floor":16},{"not_picked":["Prepared","Underhanded Strike+1"],"picked":"Backstab+1","floor":18},{"not_picked":["Underhanded Strike","Deadly Poison+1"],"picked":"Cloak And Dagger","floor":22},{"not_picked":["Poisoned Stab","Blade Dance"],"picked":"Prepared","floor":24},{"not_picked":["All Out Attack+1","Flying Knee+1"],"picked":"Storm of Steel","floor":25},{"not_picked":["Slice+1","Deflect"],"picked":"PiercingWail","floor":27},{"not_picked":["Predator","Flying Knee"],"picked":"Reflex","floor":30},{"not_picked":["Dash","Riddle With Holes"],"picked":"Blade Dance+1","floor":31},{"not_picked":["Tools of the Trade","Grand Finale"],"picked":"Malaise","floor":33},{"not_picked":["PiercingWail+1","Slice"],"picked":"Cloak And Dagger+1","floor":35},{"not_picked":["PanicButton","The Bomb"],"picked":"Flash of Steel","floor":38},{"not_picked":["Deadly Poison","Prepared+1"],"picked":"Deflect+1","floor":39},{"not_picked":["Flechettes","Masterful Stab"],"picked":"Leg Sweep+1","floor":42},{"not_picked":["Predator","Catalyst+1"],"picked":"Expertise","floor":46},{"not_picked":["Dagger Spray+1","Dagger Throw+1"],"picked":"Terror","floor":48},{"not_picked":["Dodge and Roll+1","Underhanded Strike","Caltrops+1"],"picked":"SKIP","floor":48}],"player_experience":3415860,"relics_obtained":[{"floor":7.0,"key":"Bag of Marbles"},{"floor":9.0,"key":"Ornamental Fan"},{"floor":10.0,"key":"Ginger"},{"floor":12.0,"key":"Shuriken"},{"floor":25,"key":"Happy Flower"},{"floor":26,"key":"Omamori"},{"floor":31,"key":"Regal Pillow"},{"floor":42,"key":"Nunchaku"},{"floor":43,"key":"Bottled Tornado"},{"floor":46,"key":"Prayer Wheel"}],"event_choices":[{"damage_healed":0.0,"max_hp_gain":0.0,"max_hp_loss":0.0,"gold_gain":0.0,"event_name":"Scrap Ooze","player_choice":"Success","floor":2.0,"gold_loss":0.0,"damage_taken":12.0,"relics_obtained":["PreservedInsect"]},{"damage_healed":0.0,"max_hp_gain":5.0,"max_hp_loss":0.0,"gold_gain":0.0,"event_name":"Big Fish","player_choice":"Donut","floor":3.0,"gold_loss":0.0,"damage_taken":0.0},{"damage_healed":0.0,"max_hp_gain":0.0,"max_hp_loss":0.0,"gold_gain":75.0,"event_name":"World of Goop","player_choice":"Gather Gold","floor":4.0,"gold_loss":0.0,"damage_taken":11.0},{"damage_healed":0,"gold_gain":0,"cards_transformed":["Defend_G","Strike_G"],"player_choice":"Became Test Subject","damage_taken":0,"max_hp_gain":0,"max_hp_loss":0,"event_name":"Drug Dealer","floor":19,"gold_loss":0,"cards_obtained":["Caltrops","Riddle With Holes"]},{"damage_healed":0,"gold_gain":0,"player_choice":"Opened","damage_taken":0,"relics_obtained":["Juzu Bracelet"],"max_hp_gain":0,"max_hp_loss":0,"event_name":"The Mausoleum","floor":20,"gold_loss":0,"cards_obtained":["Writhe"]},{"damage_healed":0,"gold_gain":0,"player_choice":"Read","damage_taken":0,"max_hp_gain":0,"max_hp_loss":0,"event_name":"The Library","floor":21,"gold_loss":0,"cards_obtained":["Infinite Blades"]},{"damage_healed":0,"gold_gain":0,"player_choice":"Upgraded","damage_taken":0,"max_hp_gain":0,"max_hp_loss":0,"event_name":"Upgrade Shrine","floor":29,"gold_loss":0,"cards_upgraded":["Cloak And Dagger"]},{"cards_removed":["Defend_G"],"damage_healed":0,"gold_gain":0,"player_choice":"Purged","damage_taken":0,"max_hp_gain":0,"max_hp_loss":0,"event_name":"Purifier","floor":36,"gold_loss":0},{"damage_healed":0,"gold_gain":0,"player_choice":"Memory 1","damage_taken":0,"max_hp_gain":0,"max_hp_loss":0,"event_name":"SensoryStone","floor":38,"gold_loss":0},{"damage_healed":0,"gold_gain":0,"player_choice":"Upgraded","damage_taken":0,"max_hp_gain":0,"max_hp_loss":0,"event_name":"Upgrade Shrine","floor":40,"gold_loss":0,"cards_upgraded":["Reflex"]},{"cards_removed":["Caltrops"],"damage_healed":0,"gold_gain":0,"player_choice":"Removed Power","damage_taken":0,"max_hp_gain":0,"max_hp_loss":0,"event_name":"Falling","floor":44,"gold_loss":0}],"is_beta":false,"boss_relics":[{"not_picked":["Busted Crown","White Beast Statue"],"picked":"Astrolabe"},{"not_picked":["Black Star","Ring of the Serpent"],"picked":"Fusion Hammer"}],"items_purged_floors":[],"is_endless":false,"potions_floor_spawned":[7,11,16,24,25,33,39,48],"ascension_level":6}