{"gold_per_floor":[115,131,43,118,118,118,144,1,1,34,34,34,34,65,65,167,167,167,17,17,17,17,17,17,17,17,17,17,17,17,17,17,17,17,17,17,17,17,17,17,17,17,17,17,17,17,17,17,17,17],"floor_reached":51,"playtime":2424,"items_purged":[],"score":863,"play_id":"a0093ea1-7269-4313-93a2-123d4dc15f65","local_time":"20190806223805","is_ascension_mode":true,"campfire_choices":[{"data":"Metallicize","floor":6.0,"key":"SMITH"},{"floor":11.0,"key":"REST"},{"floor":13.0,"key":"REST"},{"data":"1","floor":15.0,"key":"LIFT"},{"data":"2","floor":23.0,"key":"LIFT"},{"floor":25.0,"key":"REST"},{"data":"3","floor":30.0,"key":"LIFT"},{"data":"Armaments","floor":32.0,"key":"SMITH"},{"data":"Demon Form","floor":40.0,"key":"SMITH"},{"data":"Perfected Strike","floor":42.0,"key":"SMITH"},{"data":"Body Slam","floor":49.0,"key":"SMITH"}],"neow_cost":"NONE","seed_source_timestamp":705333188224256,"circlet_count":0,"master_deck":["Strike_R+1","Strike_R+1","Strike_R+1","Strike_R+1","Defend_R+1","Defend_R+1","Defend_R+1","Bash","Evolve+1","Headbutt","Metallicize+1","Shrug It Off","Body Slam+1","Fire Breathing","Pummel","Reaper","Reckless Charge","Armaments+1","Perfected Strike+1","Reckless Charge","Warcry+1","Infernal Blade","Pommel Strike","Demon Form+1","True Grit+1","Flex","Dual Wield","Clash+1","Fire Breathing+1","Double Tap","Flame Barrier+1","Cleave+1"],"special_seed":0,"relics":["Burning Blood","PreservedInsect","Vajra","Boot","Thread and Needle","Girya","Ectoplasm","Bottled Tornado","Anchor","Charon\u0027s Ashes","Mark of Pain","Potion Belt","Juzu Bracelet","Omamori","Champion Belt"],"potions_floor_usage":[50,50,50,50],"damage_taken":[{"damage":6.0,"enemies":"Cultist","floor":1.0,"turns":4.0},{"damage":14.0,"enemies":"Jaw Worm","floor":2.0,"turns":6.0},{"damage":17.0,"enemies":"3 Sentries","floor":7.0,"turns":11.0},{"damage":24.0,"enemies":"Lagavulin","floor":10.0,"turns":5.0},{"damage":4.0,"enemies":"Gremlin Nob","floor":14.0,"turns":3.0},{"damage":36.0,"enemies":"Slime Boss","floor":16.0,"turns":13.0},{"damage":26.0,"enemies":"Spheric Guardian","floor":18.0,"turns":6.0},{"damage":0.0,"enemies":"Chosen","floor":22.0,"turns":4.0},{"damage":38.0,"enemies":"Book of Stabbing","floor":24.0,"turns":4.0},{"damage":17.0,"enemies":"Gremlin Leader","floor":27.0,"turns":5.0},{"damage":0.0,"enemies":"Centurion and Healer","floor":28.0,"turns":4.0},{"damage":0.0,"enemies":"Chosen and Byrds","floor":31.0,"turns":3.0},{"damage":35.0,"enemies":"Automaton","floor":33.0,"turns":9.0},{"damage":0.0,"enemies":"Orb Walker","floor":35.0,"turns":3.0},{"damage":20.0,"enemies":"3 Darklings","floor":36.0,"turns":6.0},{"damage":18.0,"enemies":"4 Shapes","floor":39.0,"turns":4.0},{"damage":55.0,"enemies":"Giant Head","floor":41.0,"turns":7.0},{"damage":24.0,"enemies":"Nemesis","floor":44.0,"turns":4.0},{"damage":0.0,"enemies":"Transient","floor":45.0,"turns":5.0},{"damage":16.0,"enemies":"Writhing Mass","floor":47.0,"turns":5.0},{"damage":6.0,"enemies":"Mind Bloom Boss Battle","floor":48.0,"turns":5.0},{"damage":67,"enemies":"Time Eater","floor":50,"turns":7}],"seed_played":"160580766819582470","potions_obtained":[{"floor":2.0,"key":"Block Potion"},{"floor":7.0,"key":"FearPotion"},{"floor":10.0,"key":"Regen Potion"},{"floor":16.0,"key":"Weak Potion"},{"floor":21.0,"key":"Fruit Juice"},{"floor":21.0,"key":"Explosive Potion"},{"floor":44.0,"key":"Fire Potion"},{"floor":45.0,"key":"Explosive Potion"},{"floor":47.0,"key":"Poison Potion"},{"floor":48.0,"key":"EssenceOfSteel"}],"is_trial":false,"path_per_floor":["M","M","$","?","?","R","E","$","T","E","R","?","R","E","R","B",null,"M","$","?","?","M","R","E","R","T","E","M","?","R","M","R","B",null,"M","M","?","$","M","R","E","R","T","E","M","?","M","?","R","B",null],"character_chosen":"IRONCLAD","items_purchased":["Metallicize","Shrug It Off","Vajra","Armaments","Perfected Strike","Reckless Charge"],"campfire_rested":3,"item_purchase_floors":[3,3,8,19,19,19],"current_hp_per_floor":[80,72,72,61,61,61,50,50,50,32,56,56,80,80,80,50,80,63,63,48,53,65,65,40,67,67,77,90,90,90,90,90,61,90,90,82,82,82,83,83,72,72,72,54,77,77,67,90,90,35],"gold":17,"neow_bonus":"REMOVE_CARD","is_prod":false,"is_daily":false,"chose_seed":false,"campfire_upgraded":5,"win_rate":0,"timestamp":1565156285,"path_taken":["M","?","?","?","?","R","E","$","T","E","R","?","R","E","R","BOSS","M","$","?","?","?","R","E","R","T","E","M","?","R","M","R","BOSS","M","M","?","$","M","R","E","R","T","E","M","?","M","?","R","BOSS"],"build_version":"2019-07-17","purchased_purges":0,"victory":true,"max_hp_per_floor":[80,80,80,80,80,80,80,80,80,80,80,80,80,80,80,80,80,80,80,85,90,90,90,90,90,90,90,90,90,90,90,90,90,90,90,90,90,90,90,90,90,90,90,90,90,90,90,90,90,90],"card_choices":[{"not_picked":["Anger","Cleave"],"picked":"Evolve","floor":1.0},{"not_picked":["Havoc","Wild Strike"],"picked":"Headbutt","floor":2.0},{"not_picked":["Twin Strike","Corruption"],"picked":"Body Slam","floor":7.0},{"not_picked":["Twin Strike","Intimidate"],"picked":"Fire Breathing","floor":10.0},{"not_picked":["Second Wind","Clothesline"],"picked":"Pummel","floor":14.0},{"not_picked":["Feed","Barricade"],"picked":"Reaper","floor":16.0},{"not_picked":["Body Slam","Clothesline"],"picked":"Reckless Charge","floor":18.0},{"not_picked":["Entrench","Anger"],"picked":"Warcry+1","floor":22.0},{"not_picked":["Immolate","Twin Strike"],"picked":"Infernal Blade","floor":24.0},{"not_picked":["Headbutt","Shockwave"],"picked":"Pommel Strike","floor":27.0},{"not_picked":["Twin Strike","Sword Boomerang","Anger+1"],"picked":"SKIP","floor":28.0},{"not_picked":["Shrug It Off","Evolve","Body Slam"],"picked":"SKIP","floor":31.0},{"not_picked":["Limit Break","Bludgeon"],"picked":"Demon Form","floor":33.0},{"not_picked":["Clash+1","Clothesline+1"],"picked":"True Grit+1","floor":35.0},{"not_picked":["Second Wind+1","Iron Wave"],"picked":"Flex","floor":36.0},{"not_picked":["Sword Boomerang","Sentinel+1"],"picked":"Dual Wield","floor":39.0},{"not_picked":["Anger","Warcry"],"picked":"Clash+1","floor":41.0},{"not_picked":["Cleave","Whirlwind"],"picked":"Fire Breathing+1","floor":44.0},{"not_picked":["True Grit","Body Slam+1"],"picked":"Double Tap","floor":45.0},{"not_picked":["True Grit+1","Body Slam"],"picked":"Flame Barrier+1","floor":47.0},{"not_picked":["Rage+1","Iron Wave+1"],"picked":"Cleave+1","floor":48.0}],"player_experience":2617369,"relics_obtained":[{"floor":7.0,"key":"PreservedInsect"},{"floor":9.0,"key":"Boot"},{"floor":10.0,"key":"Thread and Needle"},{"floor":14.0,"key":"Girya"},{"floor":24.0,"key":"Bottled Tornado"},{"floor":26.0,"key":"Anchor"},{"floor":27.0,"key":"Charon\u0027s Ashes"},{"floor":41.0,"key":"Potion Belt"},{"floor":43.0,"key":"Juzu Bracelet"},{"floor":44.0,"key":"Omamori"},{"floor":48.0,"key":"Champion Belt"}],"event_choices":[{"damage_healed":0.0,"max_hp_gain":0.0,"max_hp_loss":0.0,"gold_gain":75.0,"event_name":"World of Goop","player_choice":"Gather Gold","floor":4.0,"gold_loss":0.0,"damage_taken":11.0},{"damage_healed":0.0,"max_hp_gain":0.0,"max_hp_loss":0.0,"gold_gain":0.0,"event_name":"Living Wall","player_choice":"Grow","floor":5.0,"gold_loss":0.0,"damage_taken":0.0,"cards_upgraded":["Evolve"]},{"damage_healed":0.0,"max_hp_gain":0.0,"max_hp_loss":0.0,"gold_gain":0.0,"event_name":"Dead Adventurer","player_choice":"Searched \u00270\u0027 times","floor":12.0,"gold_loss":0.0,"damage_taken":0.0},{"damage_healed":0.0,"max_hp_gain":5.0,"max_hp_loss":0.0,"gold_gain":0.0,"event_name":"Forgotten Altar","player_choice":"Shed Blood","floor":20.0,"gold_loss":0.0,"damage_taken":20.0},{"damage_healed":0.0,"max_hp_gain":0.0,"max_hp_loss":0.0,"gold_gain":0.0,"event_name":"Lab","player_choice":"Got Potions","floor":21.0,"gold_loss":0.0,"damage_taken":0.0},{"damage_healed":0.0,"max_hp_gain":0.0,"max_hp_loss":0.0,"gold_gain":0.0,"event_name":"Back to Basics","player_choice":"Simplicity","floor":29.0,"gold_loss":0.0,"damage_taken":0.0,"cards_upgraded":["Strike_R","Strike_R","Strike_R","Strike_R","Defend_R","Defend_R","Defend_R","Defend_R"]},{"cards_removed":["Defend_R"],"damage_healed":0.0,"max_hp_gain":0.0,"max_hp_loss":0.0,"gold_gain":0.0,"event_name":"Falling","player_choice":"Removed Skill","floor":37.0,"gold_loss":0.0,"damage_taken":0.0},{"damage_healed":0.0,"max_hp_gain":0.0,"max_hp_loss":0.0,"gold_gain":100.0,"event_name":"Golden Shrine","player_choice":"Pray","floor":46.0,"gold_loss":0.0,"damage_taken":0.0},{"damage_healed":0.0,"max_hp_gain":0.0,"max_hp_loss":0.0,"gold_gain":0.0,"event_name":"MindBloom","player_choice":"Fight","floor":48.0,"gold_loss":0.0,"damage_taken":0.0}],"is_beta":false,"boss_relics":[{"not_picked":["Lizard Tail","Coffee Dripper"],"picked":"Ectoplasm"},{"not_picked":["Pandora\u0027s Box","Black Blood"],"picked":"Mark of Pain"}],"items_purged_floors":[],"is_endless":false,"potions_floor_spawned":[2,7,10,16,22,24,31,39,44,45,47,48],"ascension_level":3}