{"gold_per_floor":[12,28,40,59,72,107,124,124,124,124,151,168,48,58,58,130,130,150,75,75,92,106,141,141,33,82,82,82,101,127,147,147,220,220,239,92,92,2,16,16,32,32],"floor_reached":42,"playtime":3759,"items_purged":["Strike_P","BattleHymn+1"],"score":853,"play_id":"3c8c286c-0a3f-4e44-ac64-4c70a2f35883","local_time":"20191012110703","is_ascension_mode":true,"campfire_choices":[{"data":"LessonLearned","floor":8,"key":"SMITH"},{"data":"Eruption","floor":10,"key":"SMITH"},{"data":"BattleHymn","floor":15,"key":"SMITH"},{"floor":24,"key":"REST"},{"data":"Vault","floor":27,"key":"SMITH"},{"floor":32,"key":"REST"},{"data":"SpiritShield","floor":40,"key":"SMITH"}],"neow_cost":"NO_GOLD","seed_source_timestamp":72958086198800,"circlet_count":0,"master_deck":["AscendersBane","Defend_P+1","Defend_P","Defend_P+1","Eruption+1","Vigilance+1","Tantrum+1","FearNoEvil+1","BattleHymn+1","LessonLearned+1","Adaptation+1","EmptyBody+1","FlurryOfBlows+1","Crescendo","EmptyFist+1","SandsOfTime","ConjureBlade","SandsOfTime+1","Indignation+1","Wallop","Sanctity","ClearTheMind","Vault+1","SpiritShield+1","InnerPeace","Crescendo","Halt","ReachHeaven+1","Ragnarok+1","Protect","WindmillStrike+1","TalkToTheHand+1"],"relics":["PureWater","FossilizedHelix","War Paint","Letter Opener","Turnip","Astrolabe","MutagenicStrength","Bottled Tornado","Orichalcum","Molten Egg 2","Runic Pyramid","Membership Card"],"potions_floor_usage":[6,7,10,16,18,23,30,35,42,42],"damage_taken":[{"damage":0,"enemies":"Cultist","floor":1,"turns":2},{"damage":0,"enemies":"2 Louse","floor":2,"turns":3},{"damage":0,"enemies":"Small Slimes","floor":3,"turns":2},{"damage":0,"enemies":"Looter","floor":4,"turns":2},{"damage":0,"enemies":"Blue Slaver","floor":5,"turns":2},{"damage":0,"enemies":"Gremlin Nob","floor":6,"turns":3},{"damage":14,"enemies":"Exordium Thugs","floor":7,"turns":4},{"damage":0,"enemies":"3 Sentries","floor":11,"turns":5},{"damage":0,"enemies":"Exordium Wildlife","floor":12,"turns":3},{"damage":0,"enemies":"Blue Slaver","floor":14,"turns":3},{"damage":7,"enemies":"The Guardian","floor":16,"turns":10},{"damage":6,"enemies":"Chosen","floor":18,"turns":2},{"damage":0,"enemies":"Shell Parasite","floor":21,"turns":2},{"damage":20,"enemies":"Shelled Parasite and Fungi","floor":22,"turns":4},{"damage":9,"enemies":"Book of Stabbing","floor":23,"turns":4},{"damage":0,"enemies":"Snecko","floor":29,"turns":3},{"damage":14,"enemies":"Slavers","floor":30,"turns":5},{"damage":0,"enemies":"Centurion and Healer","floor":31,"turns":4},{"damage":23,"enemies":"Collector","floor":33,"turns":9},{"damage":16,"enemies":"3 Darklings","floor":35,"turns":6},{"damage":12,"enemies":"3 Shapes","floor":39,"turns":8},{"damage":0,"enemies":"Spire Growth","floor":41,"turns":5},{"damage":45,"enemies":"2 Orb Walkers","floor":42,"turns":5}],"seed_played":"7342252409600829147","potions_obtained":[{"floor":3,"key":"Fruit Juice"},{"floor":5,"key":"FearPotion"},{"floor":6,"key":"FearPotion"},{"floor":7,"key":"EssenceOfSteel"},{"floor":11,"key":"StancePotion"},{"floor":12,"key":"SteroidPotion"},{"floor":18,"key":"EssenceOfSteel"},{"floor":29,"key":"Strength Potion"},{"floor":30,"key":"Energy Potion"},{"floor":33,"key":"FearPotion"},{"floor":35,"key":"PowerPotion"}],"is_trial":false,"path_per_floor":["M","M","M","M","M","E","M","R","T","R","E","M","$","M","R","B",null,"M","?","?","M","M","E","R","$","T","R","$","M","E","M","R","B",null,"M","$","?","$","M","R","M","?"],"character_chosen":"WATCHER","items_purchased":["EmptyFist","SpiritShield","InnerPeace","Membership Card","WindmillStrike+1"],"campfire_rested":2,"item_purchase_floors":[13,25,25,36,38],"current_hp_per_floor":[61,61,61,61,61,61,47,47,47,52,52,52,52,52,52,45,66,60,60,60,60,40,31,52,52,52,52,52,52,38,38,59,36,64,48,48,48,48,36,36,36,0],"gold":32,"neow_bonus":"ONE_RARE_RELIC","is_prod":false,"is_daily":false,"chose_seed":false,"campfire_upgraded":5,"win_rate":0,"timestamp":1570896423,"path_taken":["M","M","M","M","?","E","M","R","T","R","E","M","$","M","R","BOSS","M","?","?","M","M","E","R","$","T","R","$","M","E","M","R","BOSS","M","$","?","$","M","R","M","?"],"build_version":"2019-10-11","purchased_purges":2,"victory":false,"max_hp_per_floor":[68,68,68,68,68,68,68,68,68,73,73,73,73,73,73,73,73,73,73,73,73,73,73,73,73,73,73,73,73,73,73,73,73,73,73,73,73,73,73,73,73,73],"card_choices":[{"not_picked":["SashWhip","Sanctity"],"picked":"Tantrum","floor":1},{"not_picked":["Consecrate","EmptyBody"],"picked":"FearNoEvil","floor":2},{"not_picked":["Halt","Sanctity"],"picked":"BattleHymn","floor":3},{"not_picked":["Sanctity","BattleHymn"],"picked":"LessonLearned","floor":4},{"not_picked":["CrushJoints","Study"],"picked":"Adaptation","floor":5},{"not_picked":["CrushJoints","Prostrate"],"picked":"EmptyBody","floor":6},{"not_picked":["JustLucky","Vengeance","Weave"],"picked":"SKIP","floor":7},{"not_picked":["Vengeance","Alpha"],"picked":"FlurryOfBlows","floor":11},{"not_picked":["EmptyBody","Halt"],"picked":"Crescendo","floor":12},{"not_picked":["FollowUp","JustLucky"],"picked":"SandsOfTime","floor":14},{"not_picked":["Brilliance","DevaForm"],"picked":"ConjureBlade","floor":16},{"not_picked":["EmptyBody","Crescendo"],"picked":"Wallop","floor":18},{"not_picked":["CrushJoints","Study"],"picked":"Sanctity","floor":21},{"not_picked":["Crescendo","CarveReality"],"picked":"ClearTheMind","floor":22},{"not_picked":["WheelKick","FlurryOfBlows"],"picked":"Vault","floor":23},{"not_picked":["WaveOfTheHand","CarveReality+1"],"picked":"Crescendo","floor":29},{"not_picked":["Worship","Pray"],"picked":"Halt","floor":30},{"not_picked":["FlyingSleeves+1","Indignation+1"],"picked":"ReachHeaven+1","floor":31},{"not_picked":["Brilliance","Wish"],"picked":"Ragnarok+1","floor":33},{"not_picked":["Prostrate+1","SashWhip+1"],"picked":"Protect","floor":35},{"not_picked":["FlyingSleeves+1","JustLucky+1","BattleHymn"],"picked":"SKIP","floor":39},{"not_picked":["SashWhip+1","Weave+1"],"picked":"TalkToTheHand+1","floor":41}],"player_experience":466986,"relics_obtained":[{"floor":6,"key":"War Paint"},{"floor":9,"key":"Letter Opener"},{"floor":11,"key":"Turnip"},{"floor":23,"key":"Bottled Tornado"},{"floor":26,"key":"Orichalcum"},{"floor":30,"key":"Molten Egg 2"}],"event_choices":[{"cards_removed":["Strike_P"],"damage_healed":0,"gold_gain":0,"player_choice":"Gave Gold","damage_taken":0,"max_hp_gain":0,"max_hp_loss":0,"event_name":"Beggar","floor":19,"gold_loss":75},{"damage_healed":0,"gold_gain":0,"player_choice":"Inject Mutagens","damage_taken":0,"relics_obtained":["MutagenicStrength"],"max_hp_gain":0,"max_hp_loss":0,"event_name":"Drug Dealer","floor":20,"gold_loss":0},{"damage_healed":0,"gold_gain":0,"player_choice":"Ignored","damage_taken":0,"max_hp_gain":0,"max_hp_loss":0,"event_name":"Tomb of Lord Red Mask","floor":37,"gold_loss":0},{"damage_healed":0,"gold_gain":0,"player_choice":"Fight","damage_taken":0,"max_hp_gain":0,"max_hp_loss":0,"event_name":"Mysterious Sphere","floor":42,"gold_loss":0}],"is_beta":true,"boss_relics":[{"not_picked":["SlaversCollar","Calling Bell"],"picked":"Astrolabe"},{"not_picked":["HolyWater","Coffee Dripper"],"picked":"Runic Pyramid"}],"items_purged_floors":[13,38],"is_endless":false,"potions_floor_spawned":[3,5,6,7,11,12,18,29,30,33,35],"killed_by":"2 Orb Walkers","ascension_level":14}