{"path_per_floor":["M","M","?","$","M","E","R","M","T","M","R","$","M","M","R","B",null,"M","?","$","?","T","R","M","R","T","M","M","T","M","M","R","B",null,"M","$","?","$","?","R","?","R","T","?","M","?","M","M","R"],"character_chosen":"THE_SILENT","items_purchased":["Backflip","Snake Skull","Backflip","Crippling Poison","Bag of Preparation"],"gold_per_floor":[111,124,224,36,48,79,79,98,122,135,135,34,44,64,64,161,191,205,205,31,31,31,31,50,50,50,60,72,126,138,155,155,259,259,276,3,3,3,3,3,3,3,3,3,21,0,19,36,36,36],"floor_reached":50,"campfire_rested":2,"playtime":3865,"current_hp_per_floor":[70,70,70,70,70,52,52,52,52,28,28,28,25,25,46,11,75,75,75,75,75,75,75,75,75,75,64,53,53,27,39,61,51,75,59,59,59,59,50,60,60,70,70,70,62,62,53,53,63,0],"items_purged":["Strike_G","Strike_G","Strike_G"],"gold":36,"score":469,"play_id":"89e3c0b4-3765-40e5-837a-44b458d43803","local_time":"20180515231037","is_prod":false,"is_daily":false,"chose_seed":false,"is_ascension_mode":false,"campfire_upgraded":7,"timestamp":1526451037,"path_taken":["M","M","?","$","?","E","R","M","T","M","R","$","M","M","R","BOSS","M","?","$","?","?","R","M","R","T","?","M","?","M","M","R","BOSS","M","$","?","?","?","R","?","R","T","?","?","?","?","M","R","BOSS"],"build_version":"2018-05-10","seed_source_timestamp":15944195496896,"purchased_purges":3,"victory":false,"master_deck":["Defend_G","Defend_G","Defend_G","Defend_G","Defend_G","Survivor","Neutralize","Backflip","Flying Knee","Backflip","Infinite Blades+1","Bouncing Flask+1","Deadly Poison","Dagger Spray","Backflip+1","Noxious Fumes+1","Envenom+1","Deflect","Crippling Poison+1","Blur+1","Footwork","Adrenaline+1","Tools of the Trade","Escape Plan+1","Madness","Madness","Finesse","Accuracy+1"],"max_hp_per_floor":[70,70,70,70,70,70,70,70,70,70,70,70,70,70,70,70,75,75,75,75,75,75,75,75,75,75,75,75,75,75,75,75,75,75,75,75,75,75,75,75,75,75,75,75,75,75,75,75,75,75],"relics":["Ring of the Snake","NeowsBlessing","Snake Skull","Pen Nib","Oddly Smooth Stone","Tiny House","Darkstone Periapt","Meat on the Bone","Happy Flower","Eternal Feather","Bag of Preparation","Shuriken","Red Mask"],"card_choices":[{"not_picked":["Poisoned Stab","Heel Hook"],"picked":"Backflip","floor":1},{"not_picked":["Dash","Bane"],"picked":"Flying Knee","floor":2},{"not_picked":["All Out Attack","Distraction"],"picked":"Infinite Blades","floor":5},{"not_picked":["Dagger Throw","Outmaneuver"],"picked":"Bouncing Flask","floor":6},{"not_picked":["Prepared","Predator"],"picked":"Deadly Poison","floor":8},{"not_picked":["Riddle With Holes","Bane"],"picked":"Dagger Spray","floor":10},{"not_picked":["Dodge and Roll","Footwork"],"picked":"Noxious Fumes","floor":13},{"not_picked":["A Thousand Cuts","Unload"],"picked":"Envenom","floor":16},{"not_picked":["Backflip","Prepared"],"picked":"Deflect","floor":17},{"not_picked":["Dodge and Roll","Acrobatics"],"picked":"Blur","floor":24},{"not_picked":["Underhanded Strike","Infinite Blades"],"picked":"Footwork","floor":28},{"not_picked":["Deadly Poison","Sucker Punch"],"picked":"Adrenaline","floor":31},{"not_picked":["Tactician","Storm of Steel"],"picked":"Tools of the Trade","floor":33},{"not_picked":["Dagger Throw","Masterful Stab"],"picked":"Escape Plan","floor":35},{"not_picked":["Flash of Steel","Panache"],"picked":"Finesse","floor":41},{"not_picked":["Dagger Spray","Dash"],"picked":"Accuracy","floor":47}],"player_experience":178354,"potions_floor_usage":[8,27,28,50,50,50,50],"damage_taken":[{"damage":0,"enemies":"Jaw Worm","floor":1,"turns":1},{"damage":0,"enemies":"Cultist","floor":2,"turns":1},{"damage":0,"enemies":"2 Louse","floor":5,"turns":1},{"damage":18,"enemies":"3 Sentries","floor":6,"turns":12},{"damage":0,"enemies":"Large Slime","floor":8,"turns":6},{"damage":24,"enemies":"Lots of Slimes","floor":10,"turns":5},{"damage":3,"enemies":"Exordium Wildlife","floor":13,"turns":5},{"damage":0,"enemies":"3 Louse","floor":14,"turns":3},{"damage":35,"enemies":"The Guardian","floor":16,"turns":9},{"damage":0,"enemies":"Shell Parasite","floor":18,"turns":6},{"damage":0,"enemies":"3 Byrds","floor":24,"turns":4},{"damage":11,"enemies":"Snecko","floor":27,"turns":4},{"damage":11,"enemies":"Slaver and Parasite","floor":28,"turns":7},{"damage":38,"enemies":"Chosen and Byrds","floor":30,"turns":8},{"damage":0,"enemies":"Centurion and Healer","floor":31,"turns":5},{"damage":10,"enemies":"Automaton","floor":33,"turns":10},{"damage":16,"enemies":"3 Darklings","floor":35,"turns":7},{"damage":8,"enemies":"3 Shapes","floor":45,"turns":5},{"damage":9,"enemies":"Maw","floor":47,"turns":8},{"damage":0,"enemies":"4 Shapes","floor":48,"turns":7},{"damage":75,"enemies":"Time Eater","floor":50,"turns":9}],"event_choices":[{"event_name":"Golden Shrine","player_choice":"Pray","floor":3,"damage_taken":0},{"event_name":"Back to Basics","player_choice":"Elegance","floor":19,"damage_taken":0},{"event_name":"Vampires","player_choice":"Ignored","floor":21,"damage_taken":0},{"event_name":"Winding Halls","player_choice":"Embrace Madness","floor":39,"damage_taken":0},{"event_name":"SensoryStone","player_choice":"Memory 1","floor":41,"damage_taken":0},{"event_name":"Mysterious Sphere","player_choice":"Ignore","floor":44,"damage_taken":0},{"event_name":"Tomb of Lord Red Mask","player_choice":"Paid","floor":46,"damage_taken":0}],"boss_relics":[{"not_picked":["Astrolabe","Philosopher\u0027s Stone"],"picked":"Tiny House"},{"not_picked":["Pandora\u0027s Box","White Beast Statue"],"picked":"Eternal Feather"}],"potions_floor_spawned":[2,6,8,10,14,27,31,33,35,48],"seed_played":"5238695899592149214","killed_by":"Time Eater","ascension_level":0,"is_trial":false}