{"gold_per_floor":[212,27,45,45,59,86,86,98,98,131,131],"floor_reached":11,"playtime":744,"items_purged":["Dualcast"],"score":83,"play_id":"6c62acb0-f8b5-4c31-9685-84d9cb6e29ef","local_time":"20190805192436","is_ascension_mode":false,"campfire_choices":[{"data":"Machine Learning","floor":7,"key":"SMITH"}],"neow_cost":"NONE","seed_source_timestamp":340045865974813,"circlet_count":0,"master_deck":["Strike_B","Strike_B","Strike_B","Defend_B","Defend_B","Defend_B","Defend_B","Zap","Turbo","FTL","Storm","BootSequence","Machine Learning+1","White Noise","Compile Driver","Steam","Gash"],"relics":["Cracked Core","Potion Belt","Oddly Smooth Stone","Ornamental Fan"],"potions_floor_usage":[6,10],"damage_taken":[{"damage":10,"enemies":"Small Slimes","floor":1,"turns":3},{"damage":1,"enemies":"Cultist","floor":3,"turns":3},{"damage":5,"enemies":"2 Louse","floor":5,"turns":3},{"damage":8,"enemies":"Gremlin Nob","floor":6,"turns":3},{"damage":5,"enemies":"Looter","floor":8,"turns":3},{"damage":20,"enemies":"3 Sentries","floor":10,"turns":6},{"damage":43,"enemies":"Gremlin Nob","floor":11,"turns":4}],"seed_played":"6132208343299730834","potions_obtained":[{"floor":1,"key":"FocusPotion"},{"floor":3,"key":"Fire Potion"},{"floor":8,"key":"SkillPotion"}],"is_trial":false,"path_per_floor":["M","$","M","?","M","E","R","M","T","E","?"],"character_chosen":"DEFECT","items_purchased":["FTL","Storm"],"campfire_rested":0,"item_purchase_floors":[2,2],"current_hp_per_floor":[65,65,64,64,59,51,51,46,46,26,0],"gold":131,"neow_bonus":"HUNDRED_GOLD","is_prod":false,"is_daily":false,"chose_seed":false,"campfire_upgraded":1,"win_rate":0.0,"timestamp":1565047476,"path_taken":["M","$","M","?","?","E","R","M","T","E","?"],"build_version":"2019-07-17","purchased_purges":1,"victory":false,"max_hp_per_floor":[75,75,75,75,75,75,75,75,75,75,75],"card_choices":[{"not_picked":["Melter","Hello World"],"picked":"Turbo","floor":1},{"not_picked":["Rip and Tear","Heatsinks"],"picked":"BootSequence","floor":3},{"not_picked":["Hologram","Redo"],"picked":"White Noise","floor":5},{"not_picked":["Redo","Cold Snap"],"picked":"Compile Driver","floor":6},{"not_picked":["Rebound","Ball Lightning"],"picked":"Steam","floor":8},{"not_picked":["Undo","Fusion"],"picked":"Gash","floor":10}],"player_experience":77431,"relics_obtained":[{"floor":6,"key":"Potion Belt"},{"floor":9,"key":"Oddly Smooth Stone"},{"floor":10,"key":"Ornamental Fan"}],"event_choices":[{"damage_healed":0,"gold_gain":0,"cards_transformed":["Strike_B"],"player_choice":"Transformed","damage_taken":0,"max_hp_gain":0,"max_hp_loss":0,"event_name":"Transmorgrifier","floor":4,"gold_loss":0,"cards_obtained":["Machine Learning"]},{"damage_healed":0,"gold_gain":0,"player_choice":"Searched \u00271\u0027 times","damage_taken":0,"max_hp_gain":0,"max_hp_loss":0,"event_name":"Dead Adventurer","floor":11,"gold_loss":0}],"is_beta":false,"boss_relics":[],"items_purged_floors":[2],"is_endless":false,"potions_floor_spawned":[1,3,8],"killed_by":"Gremlin Nob","ascension_level":0}