{"gold_per_floor":[115,115,65,65,76,76,76,76,128,128,128,155,155,188,188,289,289,299,299,299,319,338,373,92,107,131,31,45,64,98,125,137,249,261,283,170,188,188,38,38,51,51,74,74,74,94,154,0,0,0],"floor_reached":50,"playtime":756,"items_purged":["Defend_R","Strike_R+1","Strike_R+1","Strike_R+1"],"score":563,"play_id":"bb1c3fbb-00fa-4101-9190-99c356c7a00d","local_time":"20190814201042","is_ascension_mode":false,"campfire_choices":[{"data":"Strike_R","floor":6,"key":"SMITH"},{"data":"Strike_R","floor":8,"key":"SMITH"},{"data":"Strike_R","floor":11,"key":"SMITH"},{"data":"Clash","floor":15,"key":"SMITH"},{"data":"Clash","floor":32,"key":"SMITH"},{"floor":40,"key":"REST"},{"floor":42,"key":"RECALL"},{"floor":44,"key":"REST"},{"floor":49,"key":"REST"}],"neow_cost":"NONE","seed_source_timestamp":45260389650552,"circlet_count":0,"master_deck":["Strike_R+1","Strike_R+1","Bash+1","Clash+1","Clash+1"],"relics":["Burning Blood","NeowsBlessing","Darkstone Periapt","Vajra","Whetstone","Blood Vial","Ornamental Fan","Lantern","Sozu","Self Forming Clay","Medical Kit","Orichalcum","MawBank","Orrery","Potion Belt","SsserpentHead","Red Mask"],"potions_floor_usage":[16],"damage_taken":[{"damage":0,"enemies":"2 Louse","floor":1,"turns":1},{"damage":0,"enemies":"Small Slimes","floor":5,"turns":1},{"damage":0,"enemies":"3 Sentries","floor":12,"turns":1},{"damage":14,"enemies":"Gremlin Nob","floor":14,"turns":3},{"damage":35,"enemies":"Hexaghost","floor":16,"turns":5},{"damage":0,"enemies":"Chosen","floor":18,"turns":2},{"damage":6,"enemies":"Shell Parasite","floor":21,"turns":2},{"damage":12,"enemies":"Snake Plant","floor":22,"turns":2},{"damage":18,"enemies":"Slavers","floor":23,"turns":4},{"damage":0,"enemies":"Centurion and Healer","floor":25,"turns":3},{"damage":2,"enemies":"3 Cultists","floor":28,"turns":3},{"damage":0,"enemies":"Snake Plant","floor":29,"turns":2},{"damage":0,"enemies":"Gremlin Leader","floor":30,"turns":3},{"damage":6,"enemies":"Chosen and Byrds","floor":31,"turns":2},{"damage":47,"enemies":"Collector","floor":33,"turns":4},{"damage":6,"enemies":"Orb Walker","floor":35,"turns":2},{"damage":5,"enemies":"3 Darklings","floor":37,"turns":3},{"damage":13,"enemies":"Jaw Worm Horde","floor":41,"turns":3},{"damage":15,"enemies":"Sphere and 2 Shapes","floor":46,"turns":3},{"damage":36,"enemies":"4 Shapes","floor":47,"turns":3},{"damage":84,"enemies":"Awakened One","floor":50,"turns":6}],"seed_played":"732394753006591209","potions_obtained":[{"floor":14,"key":"Poison Potion"}],"is_trial":false,"path_per_floor":["M","?","?","?","M","R","T","R","T","T","R","E","?","E","R","B",null,"M","?","?","M","M","E","$","M","T","$","M","M","E","M","R","B",null,"M","$","M","?","$","R","M","R","T","R","?","M","M","?","R","B"],"character_chosen":"IRONCLAD","items_purchased":["Medical Kit"],"campfire_rested":3,"item_purchase_floors":[24],"current_hp_per_floor":[80,73,73,73,79,79,79,79,79,79,79,80,62,56,56,29,80,80,80,80,80,74,64,64,72,72,72,78,80,80,80,80,39,80,80,80,80,80,80,80,73,73,73,80,80,71,43,43,67,0],"gold":0,"neow_bonus":"THREE_ENEMY_KILL","is_prod":false,"is_daily":false,"chose_seed":false,"campfire_upgraded":5,"win_rate":0,"timestamp":1565827842,"path_taken":["M","?","?","?","?","R","?","R","T","?","R","E","?","E","R","BOSS","M","?","?","M","?","E","$","M","T","$","M","?","E","M","R","BOSS","M","$","M","?","$","R","M","R","T","R","?","M","?","?","R","BOSS"],"build_version":"2019-07-18","purchased_purges":4,"victory":false,"max_hp_per_floor":[80,80,80,80,80,80,80,80,80,80,80,80,80,80,80,80,80,80,80,80,80,80,80,80,80,80,80,80,80,80,80,80,80,80,80,80,80,80,80,80,80,80,80,80,80,80,80,80,80,80],"card_choices":[{"not_picked":["Flex","Heavy Blade","Perfected Strike"],"picked":"SKIP","floor":1},{"not_picked":["Fire Breathing","Corruption","Second Wind"],"picked":"SKIP","floor":5},{"not_picked":["Clash","True Grit","Dropkick"],"picked":"SKIP","floor":12},{"not_picked":["True Grit","Dropkick"],"picked":"Clash","floor":12},{"not_picked":["Uppercut","Second Wind","Cleave"],"picked":"SKIP","floor":14},{"not_picked":["Carnage+1","Entrench","Sword Boomerang"],"picked":"SKIP","floor":18},{"not_picked":["Flame Barrier","Dual Wield"],"picked":"Clash","floor":21},{"not_picked":["Cleave","Pommel Strike+1","Sword Boomerang"],"picked":"SKIP","floor":22},{"not_picked":["Clothesline","Fire Breathing","Inflame"],"picked":"SKIP","floor":23},{"not_picked":["Wild Strike","Warcry","Anger"],"picked":"SKIP","floor":25},{"not_picked":["Intimidate","Blood for Blood+1","Clothesline"],"picked":"SKIP","floor":28},{"not_picked":["Bloodletting+1","Rampage","Fiend Fire"],"picked":"SKIP","floor":29},{"not_picked":["Pummel","Sword Boomerang","Dual Wield"],"picked":"SKIP","floor":30},{"not_picked":["Second Wind+1","Twin Strike","Shrug It Off"],"picked":"SKIP","floor":31},{"not_picked":["Body Slam+1","Warcry","Cleave+1"],"picked":"SKIP","floor":35},{"not_picked":["Wild Strike","Headbutt","Anger"],"picked":"SKIP","floor":37},{"not_picked":["Battle Trance","Flex","True Grit+1"],"picked":"SKIP","floor":41},{"not_picked":["Rage+1","Feel No Pain","Warcry+1"],"picked":"SKIP","floor":46},{"not_picked":["Battle Trance+1","Iron Wave","Inflame+1"],"picked":"SKIP","floor":47}],"player_experience":1012439,"relics_obtained":[{"floor":7,"key":"Darkstone Periapt"},{"floor":9,"key":"Vajra"},{"floor":10,"key":"Whetstone"},{"floor":12,"key":"Blood Vial"},{"floor":14,"key":"Lantern"},{"floor":23,"key":"Self Forming Clay"},{"floor":26,"key":"Orichalcum"},{"floor":30,"key":"MawBank"},{"floor":43,"key":"Potion Belt"}],"event_choices":[{"cards_removed":["Defend_R"],"damage_healed":0,"gold_gain":0,"player_choice":"Card Removal","damage_taken":7,"max_hp_gain":0,"max_hp_loss":0,"event_name":"Golden Wing","floor":2,"gold_loss":0},{"cards_removed":["Defend_R"],"damage_healed":0,"gold_gain":0,"player_choice":"Card Removal","damage_taken":0,"max_hp_gain":0,"max_hp_loss":0,"event_name":"The Cleric","floor":3,"gold_loss":50},{"damage_healed":0,"gold_gain":0,"player_choice":"Upgraded","damage_taken":0,"max_hp_gain":0,"max_hp_loss":0,"event_name":"Upgrade Shrine","floor":4,"gold_loss":0,"cards_upgraded":["Bash"]},{"damage_healed":0,"gold_gain":0,"player_choice":"Success","damage_taken":18,"relics_obtained":["Ornamental Fan"],"max_hp_gain":0,"max_hp_loss":0,"event_name":"Scrap Ooze","floor":13,"gold_loss":0},{"cards_removed":["Defend_R"],"damage_healed":0,"gold_gain":0,"player_choice":"Elegance","damage_taken":0,"max_hp_gain":0,"max_hp_loss":0,"event_name":"Back to Basics","floor":19,"gold_loss":0},{"damage_healed":0,"gold_gain":0,"player_choice":"Read","damage_taken":0,"max_hp_gain":0,"max_hp_loss":0,"event_name":"The Library","floor":20,"gold_loss":0,"cards_obtained":["Clash"]},{"cards_removed":["Clash"],"damage_healed":0,"gold_gain":0,"player_choice":"Removed Attack","damage_taken":0,"max_hp_gain":0,"max_hp_loss":0,"event_name":"Falling","floor":38,"gold_loss":0},{"damage_healed":0,"gold_gain":0,"player_choice":"Trade","damage_taken":0,"relics_obtained":["SsserpentHead"],"max_hp_gain":0,"max_hp_loss":0,"event_name":"FaceTrader","floor":45,"gold_loss":0},{"damage_healed":0,"gold_gain":0,"player_choice":"Paid","damage_taken":0,"relics_obtained":["Red Mask"],"max_hp_gain":0,"max_hp_loss":0,"event_name":"Tomb of Lord Red Mask","floor":48,"gold_loss":204}],"is_beta":true,"boss_relics":[{"not_picked":["Ectoplasm","Runic Cube"],"picked":"Sozu"},{"not_picked":["Runic Dome","White Beast Statue"],"picked":"Orrery"}],"items_purged_floors":[24,27,36,39],"is_endless":false,"potions_floor_spawned":[14,18,21,22,25,33,37,41],"killed_by":"Awakened One","ascension_level":0}