{"gold_per_floor":[115,115,127,92,92,126,126,153,153,169,169,169,6,24,24,24],"floor_reached":16,"playtime":792,"items_purged":[],"score":205,"play_id":"3ca22eb0-8fcd-4dc0-bf7c-26b2caa711d7","local_time":"20190903200806","is_ascension_mode":true,"campfire_choices":[{"data":"Pommel Strike","floor":7,"key":"SMITH"},{"data":"Searing Blow","floor":12,"key":"SMITH"},{"data":"Searing Blow+1","floor":15,"key":"SMITH"}],"neow_cost":"NONE","seed_source_timestamp":262319016480500,"circlet_count":0,"master_deck":["AscendersBane","Strike_R","Strike_R+1","Strike_R","Defend_R+1","Defend_R","Defend_R","Defend_R","Bash","Deep Breath","Headbutt","Pommel Strike+1","Second Wind","Searing Blow+2","Shrug It Off","Immolate","Spot Weakness"],"relics":["Burning Blood","Gremlin Horn","Shovel","Dodecahedron"],"potions_floor_usage":[6,16],"damage_taken":[{"damage":14,"enemies":"Jaw Worm","floor":1,"turns":4},{"damage":6,"enemies":"2 Louse","floor":3,"turns":2},{"damage":31,"enemies":"Gremlin Nob","floor":6,"turns":4},{"damage":11,"enemies":"3 Sentries","floor":8,"turns":12},{"damage":1,"enemies":"Cultist","floor":10,"turns":3},{"damage":16,"enemies":"Large Slime","floor":14,"turns":4},{"damage":21,"enemies":"The Guardian","floor":16,"turns":9}],"seed_played":"-5228841187734547963","potions_obtained":[{"floor":3,"key":"Energy Potion"},{"floor":14,"key":"Energy Potion"}],"is_trial":false,"path_per_floor":["M","?","M","?","?","E","R","E","T","M","?","R","$","M","R","B"],"character_chosen":"IRONCLAD","items_purchased":["Immolate"],"campfire_rested":0,"item_purchase_floors":[13],"current_hp_per_floor":[60,37,37,55,55,30,30,25,25,30,30,30,30,20,20,0],"gold":24,"neow_bonus":"RANDOM_COLORLESS","is_prod":false,"is_daily":false,"chose_seed":false,"campfire_upgraded":3,"win_rate":0,"timestamp":1567559286,"path_taken":["M","?","M","?","?","E","R","E","T","?","?","R","$","M","R","BOSS"],"build_version":"2019-07-17","purchased_purges":0,"victory":false,"max_hp_per_floor":[75,75,75,75,75,75,75,75,75,75,75,75,75,75,75,75],"card_choices":[{"not_picked":["Evolve","Armaments"],"picked":"Headbutt","floor":1},{"not_picked":["Armaments","Clash"],"picked":"Pommel Strike","floor":3},{"not_picked":["Thunderclap","Headbutt"],"picked":"Second Wind","floor":6},{"not_picked":["Battle Trance","Fire Breathing"],"picked":"Searing Blow","floor":8},{"not_picked":["Whirlwind","Iron Wave"],"picked":"Shrug It Off","floor":10},{"not_picked":["Iron Wave","Fire Breathing"],"picked":"Spot Weakness","floor":14}],"player_experience":815476,"relics_obtained":[{"floor":6,"key":"Gremlin Horn"},{"floor":8,"key":"Shovel"},{"floor":9,"key":"Dodecahedron"}],"event_choices":[{"damage_healed":0,"gold_gain":0,"player_choice":"Entered Light","damage_taken":23,"max_hp_gain":0,"max_hp_loss":0,"event_name":"Shining Light","floor":2,"gold_loss":0,"cards_upgraded":["Strike_R","Defend_R"]},{"damage_healed":18,"gold_gain":0,"player_choice":"Healed","damage_taken":0,"max_hp_gain":0,"max_hp_loss":0,"event_name":"The Cleric","floor":4,"gold_loss":35},{"cards_removed":["Strike_R"],"damage_healed":0,"gold_gain":0,"player_choice":"Purged","damage_taken":0,"max_hp_gain":0,"max_hp_loss":0,"event_name":"Purifier","floor":5,"gold_loss":0},{"cards_removed":["Strike_R"],"damage_healed":0,"gold_gain":0,"player_choice":"Offered Basic","damage_taken":0,"max_hp_gain":0,"max_hp_loss":0,"event_name":"Bonfire Elementals","floor":11,"gold_loss":0}],"is_beta":false,"boss_relics":[],"items_purged_floors":[],"is_endless":false,"potions_floor_spawned":[3,14],"killed_by":"The Guardian","ascension_level":18}