{"gold_per_floor":[115,115,129,53,64,90,90,106,175,200,200,219,232,232,232,306,306,320,320,336,349,364,364,383,383,408,408,443,460,22,42,42,42],"floor_reached":33,"playtime":1099,"items_purged":[],"score":662,"play_id":"81460c9a-e17f-4397-a974-c2b7f2677bc5","local_time":"20190901145512","is_ascension_mode":true,"campfire_choices":[{"floor":7.0,"key":"REST"},{"data":"Immolate","floor":11.0,"key":"SMITH"},{"floor":15.0,"key":"REST"},{"floor":23.0,"key":"REST"},{"floor":27.0,"key":"REST"},{"data":"Heavy Blade","floor":32.0,"key":"SMITH"}],"neow_cost":"NONE","seed_source_timestamp":1580573548521276,"circlet_count":0,"master_deck":["AscendersBane","Strike_R","Defend_R+1","Defend_R","Defend_R","Defend_R","Bash","Flame Barrier+1","Immolate+1","Clothesline","Flame Barrier","Sword Boomerang","Inflame","Headbutt","Pain","Reaper","Brutality+1","Wild Strike+1","Ghostly Armor+1","Decay","Shockwave","Shrug It Off","Flame Barrier","Heavy Blade","Decay","Injury","Spot Weakness+1","Heavy Blade+1","Offering"],"special_seed":0,"relics":["Burning Blood","NeowsBlessing","Du-Vu Doll","War Paint","Bottled Lightning","Ancient Tea Set","WarpedTongs","Astrolabe","Bronze Scales","Kunai","Lantern"],"potions_floor_usage":[],"damage_taken":[{"damage":0.0,"enemies":"2 Louse","floor":1.0,"turns":1.0},{"damage":0.0,"enemies":"Cultist","floor":3.0,"turns":1.0},{"damage":0.0,"enemies":"Jaw Worm","floor":5.0,"turns":1.0},{"damage":42.0,"enemies":"Lagavulin","floor":6.0,"turns":6.0},{"damage":21.0,"enemies":"Exordium Thugs","floor":8.0,"turns":3.0},{"damage":6.0,"enemies":"Gremlin Nob","floor":10.0,"turns":3.0},{"damage":17.0,"enemies":"Large Slime","floor":12.0,"turns":6.0},{"damage":0.0,"enemies":"Gremlin Gang","floor":13.0,"turns":1.0},{"damage":25.0,"enemies":"Slime Boss","floor":16.0,"turns":7.0},{"damage":42.0,"enemies":"Shell Parasite","floor":18.0,"turns":7.0},{"damage":34.0,"enemies":"2 Thieves","floor":20.0,"turns":3.0},{"damage":10.0,"enemies":"3 Cultists","floor":21.0,"turns":3.0},{"damage":14.0,"enemies":"Sentry and Sphere","floor":22.0,"turns":4.0},{"damage":10.0,"enemies":"Snake Plant","floor":24.0,"turns":4.0},{"damage":52.0,"enemies":"Slavers","floor":28.0,"turns":5.0},{"damage":26.0,"enemies":"Centurion and Healer","floor":29.0,"turns":9.0},{"damage":15.0,"enemies":"Cultist and Chosen","floor":31.0,"turns":4.0},{"damage":86,"enemies":"Automaton","floor":33,"turns":6}],"seed_played":"3506152172598300429","potions_obtained":[{"floor":1.0,"key":"SkillPotion"},{"floor":5.0,"key":"Dexterity Potion"},{"floor":8.0,"key":"Explosive Potion"},{"floor":13.0,"key":"Explosive Potion"},{"floor":22.0,"key":"SkillPotion"},{"floor":28.0,"key":"Regen Potion"},{"floor":29.0,"key":"FearPotion"}],"is_trial":false,"path_per_floor":["M","?","M","?","M","E","R","M","T","E","R","M","M","?","R","B",null,"M","?","M","M","M","R","M","?","T","R","E","M","$","M","R","B"],"character_chosen":"IRONCLAD","items_purchased":["Heavy Blade","Offering","Lantern","BloodPotion"],"campfire_rested":4,"item_purchase_floors":[30,30,30,30],"current_hp_per_floor":[74,67,73,73,75,39,61,46,46,46,46,35,41,41,63,44,67,40,40,26,22,14,36,39,39,39,61,15,26,26,35,35,0],"gold":42,"neow_bonus":"THREE_ENEMY_KILL","is_prod":false,"is_daily":false,"chose_seed":false,"campfire_upgraded":2,"win_rate":0,"timestamp":1567364112,"path_taken":["M","?","M","?","M","E","R","?","T","E","R","M","M","?","R","BOSS","M","?","M","M","M","R","M","?","T","R","E","M","$","?","R","BOSS"],"build_version":"2019-08-26","purchased_purges":0,"victory":false,"max_hp_per_floor":[75,75,75,75,75,75,75,75,75,75,75,75,75,75,75,75,75,75,75,75,75,75,75,75,75,75,75,75,75,75,75,75,75],"card_choices":[{"not_picked":["Disarm","Perfected Strike"],"picked":"Flame Barrier","floor":1.0},{"not_picked":["True Grit","Seeing Red","Havoc"],"picked":"SKIP","floor":3.0},{"not_picked":["Sword Boomerang","Clothesline"],"picked":"Immolate","floor":5.0},{"not_picked":["Armaments","Warcry"],"picked":"Clothesline","floor":6.0},{"not_picked":["Sword Boomerang","Iron Wave"],"picked":"Flame Barrier","floor":8.0},{"not_picked":["Seeing Red","Rupture"],"picked":"Sword Boomerang","floor":10.0},{"not_picked":["Feel No Pain","Bloodletting"],"picked":"Inflame","floor":12.0},{"not_picked":["Body Slam","Twin Strike"],"picked":"Headbutt","floor":13.0},{"not_picked":["Bludgeon","Impervious"],"picked":"Reaper","floor":16.0},{"not_picked":["Fire Breathing+1","Thunderclap","Searing Blow"],"picked":"SKIP","floor":18.0},{"not_picked":["Corruption","Sword Boomerang"],"picked":"Shockwave","floor":20.0},{"not_picked":["Anger","Body Slam"],"picked":"Shrug It Off","floor":21.0},{"not_picked":["Bloodletting","Corruption"],"picked":"Flame Barrier","floor":22.0},{"not_picked":["Warcry","Entrench","Inflame"],"picked":"SKIP","floor":24.0},{"not_picked":["Flex","Reckless Charge"],"picked":"Spot Weakness+1","floor":28.0},{"not_picked":["Headbutt","Dual Wield","Armaments"],"picked":"SKIP","floor":29.0},{"not_picked":["Wild Strike","Sever Soul","Perfected Strike"],"picked":"SKIP","floor":31.0}],"player_experience":1043874,"relics_obtained":[{"floor":6.0,"key":"War Paint"},{"floor":9.0,"key":"Bottled Lightning"},{"floor":10.0,"key":"Ancient Tea Set"},{"floor":26.0,"key":"Bronze Scales"},{"floor":28.0,"key":"Kunai"}],"event_choices":[{"cards_removed":["Strike_R"],"damage_healed":0.0,"max_hp_gain":0.0,"max_hp_loss":0.0,"gold_gain":0.0,"event_name":"Golden Wing","player_choice":"Card Removal","floor":2.0,"gold_loss":0.0,"damage_taken":7.0},{"damage_healed":0.0,"max_hp_gain":0.0,"max_hp_loss":0.0,"gold_gain":0.0,"event_name":"WeMeetAgain","player_choice":"Paid Gold","floor":4.0,"gold_loss":76.0,"damage_taken":0.0,"relics_obtained":["Du-Vu Doll"]},{"damage_healed":0.0,"max_hp_gain":0.0,"max_hp_loss":0.0,"gold_gain":0.0,"event_name":"Accursed Blacksmith","player_choice":"Rummage","floor":14.0,"gold_loss":0.0,"damage_taken":0.0,"relics_obtained":["WarpedTongs"],"cards_obtained":["Pain"]},{"damage_healed":0.0,"max_hp_gain":0.0,"max_hp_loss":0.0,"gold_gain":0.0,"event_name":"Forgotten Altar","player_choice":"Smashed Altar","floor":19.0,"gold_loss":0.0,"damage_taken":0.0,"cards_obtained":["Decay"]},{"damage_healed":0.0,"max_hp_gain":0.0,"max_hp_loss":0.0,"gold_gain":0.0,"event_name":"Match and Keep!","player_choice":"3 cards matched","floor":25.0,"gold_loss":0.0,"damage_taken":0.0,"cards_obtained":["Heavy Blade","Decay","Injury"]}],"is_beta":true,"boss_relics":[{"not_picked":["Pandora\u0027s Box","Lizard Tail"],"picked":"Astrolabe"}],"items_purged_floors":[],"is_endless":false,"potions_floor_spawned":[1,5,8,13,18,22,28,29],"killed_by":"Automaton","ascension_level":20}