{"gold_per_floor":[110,180,197,197,77,108,108,139,139,152,152,177,192,204,204,280,280,296,316,316,333,347,347,347],"floor_reached":24,"playtime":1435,"items_purged":["Strike_R"],"score":425,"play_id":"deda0099-b235-4ab1-a388-0995fd7c84f7","local_time":"20190830192820","is_ascension_mode":true,"campfire_choices":[{"data":"Uppercut","floor":7,"key":"SMITH"},{"data":"Shockwave","floor":11,"key":"SMITH"},{"data":"Havoc","floor":15,"key":"SMITH"},{"floor":23,"key":"RECALL"}],"neow_cost":"NONE","seed_source_timestamp":164916590877400,"circlet_count":0,"master_deck":["AscendersBane","Strike_R","Strike_R","Strike_R","Strike_R","Defend_R","Defend_R","Defend_R","Defend_R","Bash","Shockwave+1","Uppercut+1","Wild Strike","Immolate","Demon Form","Havoc+1","Ghostly Armor","Impervious","Ghostly Armor","Battle Trance","Shrug It Off+1","Battle Trance"],"relics":["Burning Blood","NeowsBlessing","Bottled Lightning","The Courier","Lantern","Meat on the Bone","Anchor","Fusion Hammer"],"potions_floor_usage":[],"damage_taken":[{"damage":0,"enemies":"Cultist","floor":1,"turns":1},{"damage":0,"enemies":"Jaw Worm","floor":3,"turns":1},{"damage":0,"enemies":"3 Sentries","floor":6,"turns":1},{"damage":20,"enemies":"Lagavulin","floor":8,"turns":6},{"damage":8,"enemies":"Small Slimes","floor":10,"turns":2},{"damage":17,"enemies":"3 Sentries","floor":12,"turns":4},{"damage":0,"enemies":"3 Louse","floor":13,"turns":2},{"damage":0,"enemies":"2 Fungi Beasts","floor":14,"turns":2},{"damage":41,"enemies":"Slime Boss","floor":16,"turns":13},{"damage":11,"enemies":"Shell Parasite","floor":18,"turns":5},{"damage":0,"enemies":"Chosen","floor":19,"turns":4},{"damage":0,"enemies":"Snake Plant","floor":21,"turns":3},{"damage":0,"enemies":"Snecko","floor":22,"turns":4},{"damage":79,"enemies":"Book of Stabbing","floor":24,"turns":8}],"seed_played":"-5151225570961321208","potions_obtained":[{"floor":1,"key":"BloodPotion"},{"floor":3,"key":"Regen Potion"}],"is_trial":false,"path_per_floor":["M","T","M","?","$","E","R","E","T","M","R","E","M","M","R","B",null,"M","M","?","M","M","R","E"],"character_chosen":"IRONCLAD","items_purchased":["Wild Strike"],"campfire_rested":0,"item_purchase_floors":[5],"current_hp_per_floor":[74,74,75,71,71,75,75,61,61,59,59,48,54,60,60,37,66,61,67,67,73,75,75,0],"gold":347,"neow_bonus":"THREE_ENEMY_KILL","is_prod":false,"is_daily":false,"chose_seed":false,"campfire_upgraded":3,"win_rate":0,"timestamp":1567211300,"path_taken":["M","?","?","?","$","E","R","E","T","?","R","E","M","M","R","BOSS","M","M","?","M","M","R","E"],"build_version":"2019-07-17","purchased_purges":1,"victory":false,"max_hp_per_floor":[75,75,75,75,75,75,75,75,75,75,75,75,75,75,75,75,75,75,75,75,75,75,75,75],"card_choices":[{"not_picked":["Ghostly Armor","Clash"],"picked":"Shockwave","floor":1},{"not_picked":["Clothesline","Havoc"],"picked":"Uppercut","floor":3},{"not_picked":["Uppercut","Reckless Charge"],"picked":"Immolate","floor":6},{"not_picked":["Heavy Blade","Warcry"],"picked":"Demon Form","floor":8},{"not_picked":["Body Slam","Thunderclap","Anger"],"picked":"SKIP","floor":10},{"not_picked":["Wild Strike","Pommel Strike"],"picked":"Havoc","floor":12},{"not_picked":["Entrench","Dropkick"],"picked":"Ghostly Armor","floor":13},{"not_picked":["Dual Wield","Sever Soul","Clash"],"picked":"SKIP","floor":14},{"not_picked":["Double Tap","Barricade"],"picked":"Impervious","floor":16},{"not_picked":["Rage+1","Warcry"],"picked":"Ghostly Armor","floor":18},{"not_picked":["Body Slam","Thunderclap"],"picked":"Battle Trance","floor":19},{"not_picked":["Rampage","Pommel Strike+1"],"picked":"Shrug It Off+1","floor":21},{"not_picked":["Power Through","Searing Blow"],"picked":"Battle Trance","floor":22}],"player_experience":693244,"relics_obtained":[{"floor":2,"key":"Bottled Lightning"},{"floor":6,"key":"The Courier"},{"floor":8,"key":"Lantern"},{"floor":9,"key":"Meat on the Bone"},{"floor":12,"key":"Anchor"}],"event_choices":[{"damage_healed":0,"gold_gain":0,"player_choice":"Bought 0 Potions","damage_taken":0,"max_hp_gain":0,"max_hp_loss":0,"event_name":"The Woman in Blue","floor":4,"gold_loss":0},{"damage_healed":0,"gold_gain":0,"player_choice":"Ignored","damage_taken":0,"max_hp_gain":0,"max_hp_loss":0,"event_name":"Vampires","floor":20,"gold_loss":0}],"is_beta":false,"boss_relics":[{"not_picked":["Cursed Key","Tiny House"],"picked":"Fusion Hammer"}],"items_purged_floors":[5],"is_endless":false,"potions_floor_spawned":[1,3,10,13,16,19,22],"killed_by":"Book of Stabbing","ascension_level":15}