{"gold_per_floor":[116,126,140,159,172,172,205,224,224,238,238],"floor_reached":11,"playtime":381,"items_purged":[],"score":87,"play_id":"cd6e0368-feb7-4fa6-991d-0a01b20e2466","local_time":"20190821135458","is_ascension_mode":true,"campfire_choices":[{"data":"Dagger Spray","floor":6,"key":"SMITH"}],"neow_cost":"NONE","seed_source_timestamp":488327747655113,"circlet_count":0,"master_deck":["Strike_G","Strike_G","Strike_G","Strike_G","Strike_G","Defend_G","Defend_G","Defend_G","Defend_G","Defend_G","Survivor","Neutralize","Bullet Time","Dagger Spray+1","Underhanded Strike","Distraction","Dagger Spray","Envenom","Dash","Distraction"],"relics":["Ring of the Snake","PreservedInsect","Dead Branch"],"potions_floor_usage":[11],"damage_taken":[{"damage":0,"enemies":"Cultist","floor":1,"turns":6},{"damage":5,"enemies":"2 Louse","floor":2,"turns":3},{"damage":6,"enemies":"Jaw Worm","floor":3,"turns":5},{"damage":7,"enemies":"3 Louse","floor":4,"turns":4},{"damage":0,"enemies":"Lots of Slimes","floor":5,"turns":1},{"damage":42,"enemies":"Gremlin Nob","floor":7,"turns":5},{"damage":9,"enemies":"Looter","floor":8,"turns":3},{"damage":0,"enemies":"Red Slaver","floor":10,"turns":3},{"damage":8,"enemies":"Exordium Wildlife","floor":11,"turns":1}],"seed_played":"-7921669792371712910","potions_obtained":[{"floor":4,"key":"SpeedPotion"},{"floor":7,"key":"Ancient Potion"},{"floor":10,"key":"Swift Potion"}],"is_trial":false,"path_per_floor":["M","M","M","M","M","R","E","M","T","M","M"],"character_chosen":"THE_SILENT","items_purchased":[],"campfire_rested":0,"item_purchase_floors":[],"current_hp_per_floor":[70,65,59,52,52,52,10,1,1,1,0],"gold":238,"neow_bonus":"ONE_RANDOM_RARE_CARD","is_prod":false,"is_daily":false,"chose_seed":false,"campfire_upgraded":1,"win_rate":0,"timestamp":1566384898,"path_taken":["M","M","M","M","M","R","E","M","T","M","M"],"build_version":"2019-07-17","purchased_purges":0,"victory":false,"max_hp_per_floor":[70,70,70,70,70,70,70,70,70,70,70],"card_choices":[{"not_picked":["Deflect","Setup"],"picked":"Dagger Spray","floor":1},{"not_picked":["Endless Agony","Dodge and Roll"],"picked":"Underhanded Strike","floor":2},{"not_picked":["Slice","Dodge and Roll"],"picked":"Distraction","floor":3},{"not_picked":["Flying Knee","Predator"],"picked":"Dagger Spray","floor":4},{"not_picked":["Outmaneuver","Dodge and Roll","Deflect"],"picked":"SKIP","floor":5},{"not_picked":["Heel Hook","Dagger Throw"],"picked":"Envenom","floor":7},{"not_picked":["Reflex","Sucker Punch"],"picked":"Dash","floor":8},{"not_picked":["Flying Knee","All Out Attack"],"picked":"Distraction","floor":10}],"player_experience":138528,"relics_obtained":[{"floor":7,"key":"PreservedInsect"},{"floor":9,"key":"Dead Branch"}],"event_choices":[],"is_beta":false,"boss_relics":[],"items_purged_floors":[],"is_endless":false,"potions_floor_spawned":[4,7,10],"killed_by":"Exordium Wildlife","ascension_level":2}