{"gold_per_floor":[115,115,131,131,150,177,177,207,232,232,245,245,260,287,287,365,365,375,6,6,6,20,30,63,40,85,39,39,55,55,65,65,140,140,156,256,256,267,267,267,292,292,371,371,388,89,106,138,138,138],"floor_reached":51,"playtime":3989,"items_purged":["Doubt","Normality"],"score":1288,"play_id":"a4a006c7-0e86-4917-a894-1feb75cd9140","local_time":"20190831043921","is_ascension_mode":true,"campfire_choices":[{"data":"Rupture","floor":7,"key":"SMITH"},{"data":"Uppercut","floor":10,"key":"SMITH"},{"data":"Feed","floor":12,"key":"SMITH"},{"floor":15,"key":"REST"},{"data":"Armaments","floor":28,"key":"SMITH"},{"data":"True Grit","floor":30,"key":"SMITH"},{"data":"Rupture","floor":32,"key":"SMITH"},{"floor":40,"key":"REST"},{"floor":42,"key":"REST"},{"floor":44,"key":"REST"},{"floor":49,"key":"REST"}],"neow_cost":"NONE","seed_source_timestamp":23210828006900,"circlet_count":0,"master_deck":["AscendersBane","Strike_R","Strike_R","Strike_R","Strike_R","Defend_R+1","Defend_R","Defend_R","Defend_R+1","Bash","Blind+1","Hemokinesis+1","Metallicize","Sword Boomerang","Rupture+1","Uppercut+1","Feed+1","True Grit+1","Shockwave","Brutality","Regret","Reaper","Rupture+1","Seeing Red","Dropkick","Cleave","True Grit+1","Shockwave+1","Shrug It Off","Armaments+1","Battle Trance+1","Impervious","Spot Weakness+1","Sentinel","Warcry+1","True Grit+1","Shrug It Off+1","Dual Wield+1"],"relics":["Burning Blood","Bag of Preparation","War Paint","Pantograph","Oddly Smooth Stone","Meat on the Bone","Calling Bell","Centennial Puzzle","Shuriken","Gambling Chip","Bag of Marbles","Happy Flower","Bronze Scales","Fusion Hammer","Incense Burner","Art of War","Smiling Mask","Toxic Egg 2","Anchor","Potion Belt"],"potions_floor_usage":[6,6,33,33,48,50],"damage_taken":[{"damage":5,"enemies":"2 Louse","floor":1,"turns":4},{"damage":9,"enemies":"Small Slimes","floor":3,"turns":3},{"damage":2,"enemies":"Cultist","floor":5,"turns":3},{"damage":27,"enemies":"Gremlin Nob","floor":6,"turns":6},{"damage":30,"enemies":"3 Sentries","floor":8,"turns":12},{"damage":0,"enemies":"Blue Slaver","floor":11,"turns":4},{"damage":0,"enemies":"Looter","floor":13,"turns":4},{"damage":23,"enemies":"Gremlin Nob","floor":14,"turns":4},{"damage":38,"enemies":"Slime Boss","floor":16,"turns":12},{"damage":15,"enemies":"Chosen","floor":18,"turns":4},{"damage":13,"enemies":"3 Byrds","floor":22,"turns":6},{"damage":47,"enemies":"Cultist and Chosen","floor":23,"turns":5},{"damage":39,"enemies":"Book of Stabbing","floor":24,"turns":7},{"damage":24,"enemies":"Centurion and Healer","floor":29,"turns":8},{"damage":23,"enemies":"Snake Plant","floor":31,"turns":4},{"damage":45,"enemies":"Automaton","floor":33,"turns":6},{"damage":23,"enemies":"Orb Walker","floor":35,"turns":3},{"damage":13,"enemies":"Mind Bloom Boss Battle","floor":36,"turns":6},{"damage":30,"enemies":"3 Darklings","floor":38,"turns":5},{"damage":61,"enemies":"Giant Head","floor":41,"turns":9},{"damage":31,"enemies":"Jaw Worm Horde","floor":45,"turns":6},{"damage":7,"enemies":"Sphere and 2 Shapes","floor":47,"turns":5},{"damage":118,"enemies":"Reptomancer","floor":48,"turns":10},{"damage":69,"enemies":"Donu and Deca","floor":50,"turns":11}],"seed_played":"8689359096643702463","potions_obtained":[{"floor":1,"key":"Regen Potion"},{"floor":3,"key":"Regen Potion"},{"floor":11,"key":"Dexterity Potion"},{"floor":18,"key":"Strength Potion"},{"floor":31,"key":"PowerPotion"},{"floor":33,"key":"BloodPotion"},{"floor":38,"key":"AttackPotion"},{"floor":41,"key":"Weak Potion"}],"is_trial":false,"path_per_floor":["M","?","M","?","M","E","R","E","T","R","M","R","M","E","R","B",null,"M","$","?","?","M","M","E","$","T","$","R","M","R","M","R","B",null,"M","?","?","M","?","R","E","R","T","R","M","$","M","E","R","B",null],"character_chosen":"IRONCLAD","items_purchased":["Rupture","Seeing Red","Bag of Marbles","Shrug It Off","Armaments","Anchor","Dexterity Potion","True Grit+1"],"campfire_rested":5,"item_purchase_floors":[19,19,19,25,27,46,46,46],"current_hp_per_floor":[69,64,61,38,42,50,50,26,26,26,32,32,38,25,48,53,73,68,68,68,68,83,57,36,36,36,36,36,34,34,39,39,37,81,64,86,86,80,80,99,60,90,90,103,82,82,111,44,77,80],"gold":138,"neow_bonus":"RANDOM_COLORLESS","is_prod":false,"is_daily":false,"chose_seed":false,"campfire_upgraded":6,"win_rate":0,"timestamp":1567244361,"path_taken":["M","?","M","?","M","E","R","E","T","R","M","R","M","E","R","BOSS","M","$","?","?","M","?","E","$","T","$","R","M","R","M","R","BOSS","M","?","?","M","?","R","E","R","T","R","M","$","?","E","R","BOSS"],"build_version":"2019-07-17","purchased_purges":2,"victory":true,"max_hp_per_floor":[75,75,75,75,75,75,75,75,75,75,75,75,75,79,79,79,79,83,83,83,83,87,87,87,87,87,87,87,91,91,95,95,95,95,95,99,99,99,99,99,103,103,103,103,107,107,111,111,111,111],"card_choices":[{"not_picked":["Sword Boomerang","Shockwave"],"picked":"Hemokinesis","floor":1},{"not_picked":["Warcry","Heavy Blade"],"picked":"Metallicize","floor":3},{"not_picked":["Flex","Body Slam"],"picked":"Sword Boomerang","floor":5},{"not_picked":["Clothesline","Entrench"],"picked":"Rupture","floor":6},{"not_picked":["Anger","Metallicize"],"picked":"Uppercut","floor":8},{"not_picked":["Infernal Blade","Shockwave"],"picked":"Feed","floor":11},{"not_picked":["Sentinel","Havoc"],"picked":"True Grit","floor":13},{"not_picked":["Pommel Strike","Sword Boomerang"],"picked":"Shockwave","floor":14},{"not_picked":["Fiend Fire","Juggernaut"],"picked":"Brutality","floor":16},{"not_picked":["Body Slam","Hemokinesis"],"picked":"Reaper","floor":18},{"not_picked":["Inflame","Burning Pact"],"picked":"Cleave","floor":22},{"not_picked":["Entrench","Heavy Blade"],"picked":"True Grit+1","floor":23},{"not_picked":["Sword Boomerang","Clothesline"],"picked":"Shockwave+1","floor":24},{"not_picked":["Bloodletting","Sever Soul+1"],"picked":"Battle Trance+1","floor":29},{"not_picked":["Anger","Perfected Strike","Warcry"],"picked":"SKIP","floor":31},{"not_picked":["Fiend Fire","Brutality"],"picked":"Impervious","floor":33},{"not_picked":["True Grit","Seeing Red"],"picked":"Spot Weakness+1","floor":35},{"not_picked":["Feed","True Grit"],"picked":"Sentinel","floor":38},{"not_picked":["Wild Strike+1","Entrench","Fiend Fire"],"picked":"SKIP","floor":41},{"not_picked":["Anger+1","Iron Wave+1"],"picked":"Warcry+1","floor":45},{"not_picked":["Wild Strike","Pummel"],"picked":"Shrug It Off+1","floor":47},{"not_picked":["True Grit+1","Twin Strike"],"picked":"Dual Wield+1","floor":48}],"player_experience":706624,"relics_obtained":[{"floor":6,"key":"War Paint"},{"floor":8,"key":"Pantograph"},{"floor":9,"key":"Oddly Smooth Stone"},{"floor":14,"key":"Meat on the Bone"},{"floor":17,"key":"Centennial Puzzle"},{"floor":17,"key":"Shuriken"},{"floor":17,"key":"Gambling Chip"},{"floor":24,"key":"Happy Flower"},{"floor":26,"key":"Bronze Scales"},{"floor":36,"key":"Incense Burner"},{"floor":41,"key":"Smiling Mask"},{"floor":43,"key":"Toxic Egg 2"},{"floor":48,"key":"Potion Belt"}],"event_choices":[{"damage_healed":0,"gold_gain":0,"player_choice":"Success","damage_taken":5,"relics_obtained":["Bag of Preparation"],"max_hp_gain":0,"max_hp_loss":0,"event_name":"Scrap Ooze","floor":2,"gold_loss":0},{"damage_healed":0,"gold_gain":0,"player_choice":"Entered Light","damage_taken":23,"max_hp_gain":0,"max_hp_loss":0,"event_name":"Shining Light","floor":4,"gold_loss":0,"cards_upgraded":["Blind","Hemokinesis"]},{"damage_healed":0,"gold_gain":0,"player_choice":"Ignored","damage_taken":0,"max_hp_gain":0,"max_hp_loss":0,"event_name":"Ghosts","floor":20,"gold_loss":0},{"damage_healed":0,"gold_gain":0,"player_choice":"1 cards matched","damage_taken":0,"max_hp_gain":0,"max_hp_loss":0,"event_name":"Match and Keep!","floor":21,"gold_loss":0,"cards_obtained":["Dropkick"]},{"damage_healed":0,"gold_gain":0,"player_choice":"1 cards matched","damage_taken":0,"max_hp_gain":0,"max_hp_loss":0,"event_name":"Match and Keep!","floor":21,"gold_loss":0,"cards_obtained":["Dropkick"]},{"damage_healed":0,"gold_gain":0,"player_choice":"Fight","damage_taken":0,"max_hp_gain":0,"max_hp_loss":0,"event_name":"MindBloom","floor":36,"gold_loss":0},{"cards_removed":["Strike_R"],"damage_healed":0,"gold_gain":0,"player_choice":"Removed Attack","damage_taken":0,"max_hp_gain":0,"max_hp_loss":0,"event_name":"Falling","floor":37,"gold_loss":0},{"damage_healed":0,"gold_gain":0,"player_choice":"Gave Potion","damage_taken":0,"relics_obtained":["Art of War"],"max_hp_gain":0,"max_hp_loss":0,"event_name":"WeMeetAgain","floor":39,"gold_loss":0}],"is_beta":false,"boss_relics":[{"not_picked":["Runic Dome","Runic Pyramid"],"picked":"Calling Bell"},{"not_picked":["Mark of Pain","Lizard Tail"],"picked":"Fusion Hammer"}],"items_purged_floors":[19,46],"is_endless":false,"potions_floor_spawned":[1,3,11,18,23,31,33,38,41,45],"ascension_level":15}