{"gold_per_floor":[111,111,124,199,216,216,250,267,267,282,298,40,69,88,88,190,190,203,217,142,142,162,162,162,66,66,79,98,49,59,59,59,59],"floor_reached":33,"playtime":1748,"items_purged":["Strike_R"],"score":261,"play_id":"349f7ed4-5782-45a6-9669-a4a80b82b673","local_time":"20190904230724","is_ascension_mode":false,"campfire_choices":[{"data":"Dual Wield","floor":6,"key":"SMITH"},{"data":"Infernal Blade","floor":15,"key":"SMITH"},{"floor":23,"key":"REST"},{"floor":32,"key":"REST"}],"neow_cost":"NONE","seed_source_timestamp":1899139781962844,"circlet_count":0,"master_deck":["Strike_R+1","Defend_R","Defend_R","Defend_R","Defend_R","Bash","Dual Wield+1","Clash+1","Armaments+1","Clash","Clothesline","Spot Weakness","True Grit","Disarm","Infernal Blade+1","Infernal Blade","Impervious","Demon Form","Sever Soul+1","Limit Break+1","Shrug It Off","True Grit"],"relics":["Burning Blood","Bag of Marbles","Whetstone","Potion Belt","Letter Opener","Astrolabe","Paper Frog"],"potions_floor_usage":[10,16,16,18,27,28,33],"damage_taken":[{"damage":5,"enemies":"Jaw Worm","floor":1,"turns":5},{"damage":0,"enemies":"Small Slimes","floor":3,"turns":2},{"damage":0,"enemies":"2 Louse","floor":5,"turns":1},{"damage":43,"enemies":"3 Sentries","floor":7,"turns":11},{"damage":0,"enemies":"2 Fungi Beasts","floor":8,"turns":1},{"damage":13,"enemies":"Lots of Slimes","floor":10,"turns":3},{"damage":8,"enemies":"Exordium Thugs","floor":11,"turns":3},{"damage":11,"enemies":"Lagavulin","floor":13,"turns":3},{"damage":7,"enemies":"Blue Slaver","floor":14,"turns":3},{"damage":23,"enemies":"The Guardian","floor":16,"turns":13},{"damage":25,"enemies":"Shell Parasite","floor":18,"turns":6},{"damage":5,"enemies":"3 Byrds","floor":19,"turns":4},{"damage":46,"enemies":"Shelled Parasite and Fungi","floor":22,"turns":10},{"damage":10,"enemies":"Chosen and Byrds","floor":27,"turns":8},{"damage":12,"enemies":"Snecko","floor":28,"turns":5},{"damage":16,"enemies":"3 Cultists","floor":30,"turns":6},{"damage":69,"enemies":"Collector","floor":33,"turns":8}],"seed_played":"817872950953445983","potions_obtained":[{"floor":5,"key":"BloodPotion"},{"floor":7,"key":"Explosive Potion"},{"floor":8,"key":"Swift Potion"},{"floor":11,"key":"PowerPotion"},{"floor":14,"key":"Fire Potion"},{"floor":27,"key":"Weak Potion"}],"is_trial":false,"path_per_floor":["M","?","M","?","M","R","E","M","T","M","M","$","E","M","R","B",null,"M","M","?","?","M","R","?","$","T","M","M","$","M","$","R","B"],"character_chosen":"IRONCLAD","items_purchased":["Infernal Blade","Potion Belt","Shrug It Off","SkillPotion","True Grit"],"campfire_rested":2,"item_purchase_floors":[12,12,25,25,29],"current_hp_per_floor":[80,80,80,69,75,75,38,44,44,57,55,55,50,49,49,32,80,61,62,62,62,22,46,46,46,46,42,36,36,26,26,50,0],"gold":59,"neow_bonus":"THREE_CARDS","is_prod":false,"is_daily":false,"chose_seed":false,"campfire_upgraded":2,"win_rate":0,"timestamp":1567631244,"path_taken":["M","?","M","?","M","R","E","M","T","M","M","$","E","M","R","BOSS","M","M","?","?","M","R","?","$","T","?","M","?","M","$","R","BOSS"],"build_version":"2019-07-17","purchased_purges":1,"victory":false,"max_hp_per_floor":[80,80,80,80,80,80,80,80,80,80,80,80,80,80,80,80,80,80,80,80,80,80,80,80,80,80,80,80,80,80,80,80,80],"card_choices":[{"not_picked":["Hemokinesis","Body Slam"],"picked":"Dual Wield","floor":0},{"not_picked":["Flex","Body Slam"],"picked":"Clash","floor":1},{"not_picked":["Dual Wield","Sword Boomerang"],"picked":"Armaments","floor":3},{"not_picked":["Rupture","Reckless Charge"],"picked":"Clash","floor":5},{"not_picked":["Dark Embrace","Thunderclap"],"picked":"Clothesline","floor":7},{"not_picked":["Rage","Flex"],"picked":"Spot Weakness","floor":8},{"not_picked":["Body Slam","Pommel Strike"],"picked":"True Grit","floor":10},{"not_picked":["Warcry","Clothesline"],"picked":"Disarm","floor":11},{"not_picked":["Anger","Fire Breathing"],"picked":"Infernal Blade","floor":13},{"not_picked":["Sword Boomerang","Power Through"],"picked":"Impervious","floor":14},{"not_picked":["Fiend Fire","Brutality"],"picked":"Demon Form","floor":16},{"not_picked":["Headbutt+1","Armaments","Combust+1"],"picked":"SKIP","floor":18},{"not_picked":["Iron Wave","Uppercut","Pommel Strike"],"picked":"SKIP","floor":19},{"not_picked":["Thunderclap","Power Through","Inflame+1"],"picked":"SKIP","floor":22},{"not_picked":["Thunderclap","Heavy Blade","Pommel Strike"],"picked":"SKIP","floor":27},{"not_picked":["Clothesline+1","Clash","Wild Strike+1"],"picked":"SKIP","floor":28},{"not_picked":["Rampage","Cleave","Headbutt"],"picked":"SKIP","floor":30}],"player_experience":157378,"relics_obtained":[{"floor":7,"key":"Bag of Marbles"},{"floor":9,"key":"Whetstone"},{"floor":13,"key":"Letter Opener"},{"floor":26,"key":"Paper Frog"}],"event_choices":[{"damage_healed":0,"gold_gain":0,"player_choice":"Leave","damage_taken":0,"max_hp_gain":0,"max_hp_loss":0,"event_name":"The Cleric","floor":2,"gold_loss":0},{"damage_healed":0,"gold_gain":75,"player_choice":"Gather Gold","damage_taken":11,"max_hp_gain":0,"max_hp_loss":0,"event_name":"World of Goop","floor":4,"gold_loss":0},{"cards_removed":["Burning Pact"],"damage_healed":0,"gold_gain":0,"player_choice":"Gave Gold","damage_taken":0,"max_hp_gain":0,"max_hp_loss":0,"event_name":"Beggar","floor":20,"gold_loss":75},{"damage_healed":0,"gold_gain":0,"player_choice":"Ignored","damage_taken":0,"max_hp_gain":0,"max_hp_loss":0,"event_name":"The Mausoleum","floor":21,"gold_loss":0},{"damage_healed":0,"gold_gain":0,"player_choice":"Forge","damage_taken":0,"max_hp_gain":0,"max_hp_loss":0,"event_name":"Accursed Blacksmith","floor":24,"gold_loss":0,"cards_upgraded":["Armaments"]}],"is_beta":false,"boss_relics":[{"not_picked":["Tiny House","Philosopher\u0027s Stone"],"picked":"Astrolabe"}],"items_purged_floors":[12],"is_endless":false,"potions_floor_spawned":[5,7,8,11,14,27],"killed_by":"Collector","ascension_level":0}