{"gold_per_floor":[110,110,110,110,14,45,55,55,79,99,115,135,135,170,170,170],"floor_reached":16,"playtime":327,"items_purged":[],"score":266,"play_id":"5489713b-0924-484e-a797-f11500cad862","local_time":"20190629180056","is_ascension_mode":true,"campfire_choices":[{"data":"Dagger Spray","floor":8,"key":"SMITH"},{"floor":13,"key":"REST"},{"data":"Endless Agony","floor":15,"key":"SMITH"}],"neow_cost":"NONE","seed_source_timestamp":276568195429813,"circlet_count":0,"master_deck":["AscendersBane","Strike_G","Strike_G","Strike_G","Strike_G","Defend_G+1","Defend_G","Defend_G","Defend_G","Defend_G+1","Survivor","Neutralize+1","Masterful Stab","Endless Agony+1","Dagger Spray+1","Backstab"],"relics":["Ring of the Snake","NeowsBlessing","Shuriken","Art of War","Odd Mushroom","Nunchaku"],"potions_floor_usage":[10,12,16,16],"damage_taken":[{"damage":0,"enemies":"2 Louse","floor":1,"turns":1},{"damage":0,"enemies":"Lagavulin","floor":6,"turns":1},{"damage":0,"enemies":"Jaw Worm","floor":7,"turns":1},{"damage":0,"enemies":"Small Slimes","floor":10,"turns":2},{"damage":5,"enemies":"3 Louse","floor":11,"turns":2},{"damage":0,"enemies":"The Mushroom Lair","floor":12,"turns":2},{"damage":4,"enemies":"3 Sentries","floor":14,"turns":6},{"damage":46,"enemies":"Hexaghost","floor":16,"turns":9}],"seed_played":"-1504384995235588528","potions_obtained":[{"floor":6,"key":"Explosive Potion"},{"floor":11,"key":"SpeedPotion"},{"floor":14,"key":"Poison Potion"}],"is_trial":false,"path_per_floor":["M","?","?","?","$","E","M","R","T","M","M","?","R","E","R","B"],"character_chosen":"THE_SILENT","items_purchased":["Masterful Stab","Explosive Potion"],"campfire_rested":1,"item_purchase_floors":[5,5],"current_hp_per_floor":[59,39,39,32,32,32,32,32,32,32,27,27,46,42,42,0],"gold":170,"neow_bonus":"THREE_ENEMY_KILL","is_prod":false,"is_daily":false,"chose_seed":false,"campfire_upgraded":2,"win_rate":0,"timestamp":1561845656,"path_taken":["M","?","?","?","$","E","M","R","T","M","M","?","R","E","R","BOSS"],"build_version":"2019-06-28","purchased_purges":0,"victory":false,"max_hp_per_floor":[66,66,66,66,66,66,66,66,66,66,66,66,66,66,66,66],"card_choices":[{"not_picked":["Backflip","Outmaneuver","Calculated Gamble"],"picked":"SKIP","floor":1},{"not_picked":["Sucker Punch","Underhanded Strike"],"picked":"Endless Agony","floor":6},{"not_picked":["Flechettes","Eviscerate"],"picked":"Dagger Spray","floor":7},{"not_picked":["Outmaneuver","Deadly Poison"],"picked":"Backstab","floor":10},{"not_picked":["Poisoned Stab","Sucker Punch","Acrobatics"],"picked":"SKIP","floor":11},{"not_picked":["Caltrops","Prepared","Burst"],"picked":"SKIP","floor":14}],"player_experience":993236,"relics_obtained":[{"floor":6,"key":"Shuriken"},{"floor":9,"key":"Art of War"},{"floor":12,"key":"Odd Mushroom"},{"floor":14,"key":"Nunchaku"}],"event_choices":[{"damage_healed":0,"gold_gain":0,"player_choice":"Entered Light","damage_taken":20,"max_hp_gain":0,"max_hp_loss":0,"event_name":"Shining Light","floor":2,"gold_loss":0,"cards_upgraded":["Defend_G","Defend_G"]},{"damage_healed":0,"gold_gain":0,"player_choice":"Grow","damage_taken":0,"max_hp_gain":0,"max_hp_loss":0,"event_name":"Living Wall","floor":3,"gold_loss":0,"cards_upgraded":["Neutralize"]},{"cards_removed":["Strike_G"],"damage_healed":0,"gold_gain":0,"player_choice":"Card Removal","damage_taken":7,"max_hp_gain":0,"max_hp_loss":0,"event_name":"Golden Wing","floor":4,"gold_loss":0},{"damage_healed":0,"gold_gain":0,"player_choice":"Fought Mushrooms","damage_taken":0,"max_hp_gain":0,"max_hp_loss":0,"event_name":"Mushrooms","floor":12,"gold_loss":0}],"is_beta":true,"boss_relics":[],"items_purged_floors":[],"is_endless":false,"potions_floor_spawned":[6,7,11,14],"killed_by":"Hexaghost","ascension_level":20}