{"gold_per_floor":[19,39,39,51,69,69,133,153,223,188,188,203,222,239,239,239],"floor_reached":16,"playtime":589,"items_purged":[],"score":111,"play_id":"066e23f3-0d38-45f8-a219-3e3b45ac81c8","local_time":"20190903101439","is_ascension_mode":true,"campfire_choices":[{"data":"Mayhem","floor":6,"key":"SMITH"},{"data":"Dramatic Entrance","floor":11,"key":"SMITH"},{"data":"Streamline","floor":15,"key":"SMITH"}],"neow_cost":"NO_GOLD","seed_source_timestamp":983856651750783,"circlet_count":0,"master_deck":["Strike_B","Strike_B","Strike_B","Defend_B","Defend_B","Defend_B","Defend_B","Zap","Dualcast","Mayhem+1","Dramatic Entrance+1","Conserve Battery","Lockon","Streamline+1","Coolheaded","Creative AI","Steam","Glacier","Storm"],"relics":["Cracked Core","Tiny Chest","Matryoshka"],"potions_floor_usage":[16,16,16],"damage_taken":[{"damage":1,"enemies":"Cultist","floor":1,"turns":3},{"damage":6,"enemies":"Jaw Worm","floor":2,"turns":3},{"damage":4,"enemies":"2 Louse","floor":4,"turns":2},{"damage":10,"enemies":"Looter","floor":5,"turns":3},{"damage":25,"enemies":"Gremlin Nob","floor":7,"turns":4},{"damage":13,"enemies":"Exordium Thugs","floor":8,"turns":4},{"damage":0,"enemies":"Exordium Wildlife","floor":12,"turns":2},{"damage":0,"enemies":"Large Slime","floor":13,"turns":6},{"damage":4,"enemies":"Red Slaver","floor":14,"turns":3},{"damage":23,"enemies":"Hexaghost","floor":16,"turns":16}],"seed_played":"4203418442528590851","potions_obtained":[{"floor":2,"key":"Fire Potion"},{"floor":5,"key":"EssenceOfSteel"},{"floor":8,"key":"SkillPotion"}],"is_trial":false,"path_per_floor":["M","M","?","M","M","R","E","M","T","?","R","M","M","M","R","B"],"character_chosen":"DEFECT","items_purchased":[],"campfire_rested":0,"item_purchase_floors":[],"current_hp_per_floor":[74,68,61,57,47,47,22,9,9,27,27,27,27,23,23,0],"gold":239,"neow_bonus":"RANDOM_COLORLESS_2","is_prod":false,"is_daily":false,"chose_seed":false,"campfire_upgraded":3,"win_rate":0,"timestamp":1567494879,"path_taken":["M","?","?","M","M","R","E","M","T","?","R","M","M","M","R","BOSS"],"build_version":"2019-07-17","purchased_purges":0,"victory":false,"max_hp_per_floor":[75,75,75,75,75,75,75,75,75,75,75,75,75,75,75,75],"card_choices":[{"not_picked":["Beam Cell","Rebound"],"picked":"Conserve Battery","floor":1},{"not_picked":["Recycle","Turbo"],"picked":"Lockon","floor":2},{"not_picked":["Steam","Ball Lightning"],"picked":"Streamline","floor":4},{"not_picked":["Static Discharge","Redo"],"picked":"Coolheaded","floor":5},{"not_picked":["Turbo","Darkness"],"picked":"Creative AI","floor":7},{"not_picked":["Recycle","Barrage"],"picked":"Steam","floor":8},{"not_picked":["Stack","Turbo"],"picked":"Glacier","floor":12},{"not_picked":["Turbo","Hologram"],"picked":"Storm","floor":13},{"not_picked":["Barrage","Steam Power","Gash"],"picked":"SKIP","floor":14}],"player_experience":250940,"relics_obtained":[{"floor":7,"key":"Tiny Chest"},{"floor":9,"key":"Matryoshka"}],"event_choices":[{"cards_removed":["Strike_B"],"damage_healed":0,"gold_gain":0,"player_choice":"Card Removal","damage_taken":7,"max_hp_gain":0,"max_hp_loss":0,"event_name":"Golden Wing","floor":3,"gold_loss":0},{"damage_healed":18,"gold_gain":0,"player_choice":"Healed","damage_taken":0,"max_hp_gain":0,"max_hp_loss":0,"event_name":"The Cleric","floor":10,"gold_loss":35}],"is_beta":false,"boss_relics":[],"items_purged_floors":[],"is_endless":false,"potions_floor_spawned":[2,5,8,12],"killed_by":"Hexaghost","ascension_level":1}