{"gold_per_floor":[117,67,242,255,274,302,302,316,365,378,35,14,14],"floor_reached":13,"playtime":540,"items_purged":["Doubt"],"score":85,"play_id":"d6fc609a-ec6c-4ff1-999e-1049904c1457","local_time":"20190905191822","is_ascension_mode":false,"campfire_choices":[{"data":"Compile Driver","floor":7,"key":"SMITH"}],"neow_cost":"NONE","seed_source_timestamp":44797525888602,"circlet_count":0,"master_deck":["Strike_B","Strike_B","Strike_B","Defend_B","Defend_B","Defend_B","Defend_B","Zap","Dualcast","Ball Lightning","Hologram","Compile Driver+1","Redo","Consume","Conserve Battery","Cold Snap","Leap"],"relics":["Cracked Core","NeowsBlessing","Sundial","Bronze Scales","PrismaticShard"],"potions_floor_usage":[6,13],"damage_taken":[{"damage":0,"enemies":"Jaw Worm","floor":1,"turns":1},{"damage":0,"enemies":"Small Slimes","floor":4,"turns":1},{"damage":0,"enemies":"2 Louse","floor":5,"turns":1},{"damage":44,"enemies":"3 Sentries","floor":6,"turns":6},{"damage":5,"enemies":"Looter","floor":8,"turns":3},{"damage":6,"enemies":"3 Louse","floor":10,"turns":2},{"damage":23,"enemies":"Gremlin Gang","floor":13,"turns":3}],"seed_played":"1344489183434995318","potions_obtained":[{"floor":1,"key":"Strength Potion"},{"floor":4,"key":"Swift Potion"},{"floor":5,"key":"FocusPotion"},{"floor":8,"key":"Strength Potion"}],"is_trial":false,"path_per_floor":["M","?","?","M","M","E","R","M","T","M","$","?","M"],"character_chosen":"DEFECT","items_purchased":["Cold Snap","PrismaticShard","Leap"],"campfire_rested":0,"item_purchase_floors":[11,11,11],"current_hp_per_floor":[75,75,75,75,75,31,31,26,26,20,20,20,0],"gold":14,"neow_bonus":"THREE_ENEMY_KILL","is_prod":false,"is_daily":false,"chose_seed":false,"campfire_upgraded":1,"win_rate":0.0,"timestamp":1567725502,"path_taken":["M","?","?","M","M","E","R","M","T","M","$","?","M"],"build_version":"2019-07-17","purchased_purges":1,"victory":false,"max_hp_per_floor":[75,75,75,75,75,75,75,75,75,75,75,75,75],"card_choices":[{"not_picked":["Blizzard","Lockon"],"picked":"Ball Lightning","floor":1},{"not_picked":["Gash","Steam"],"picked":"Hologram","floor":4},{"not_picked":["Skim","Beam Cell"],"picked":"Compile Driver","floor":5},{"not_picked":["Fission","Double Energy"],"picked":"Redo","floor":6},{"not_picked":["Hologram","Leap"],"picked":"Consume","floor":8},{"not_picked":["Consume","Ball Lightning"],"picked":"Conserve Battery","floor":10}],"player_experience":157115,"relics_obtained":[{"floor":6,"key":"Sundial"},{"floor":9,"key":"Bronze Scales"}],"event_choices":[{"cards_removed":["Strike_B"],"damage_healed":0,"gold_gain":0,"player_choice":"Card Removal","damage_taken":0,"max_hp_gain":0,"max_hp_loss":0,"event_name":"The Cleric","floor":2,"gold_loss":50},{"damage_healed":0,"gold_gain":175,"player_choice":"AGREE","damage_taken":0,"max_hp_gain":0,"max_hp_loss":0,"event_name":"Liars Game","floor":3,"gold_loss":0,"cards_obtained":["Doubt"]},{"damage_healed":0,"gold_gain":0,"player_choice":"Left Gold","damage_taken":0,"max_hp_gain":0,"max_hp_loss":0,"event_name":"World of Goop","floor":12,"gold_loss":21}],"is_beta":false,"boss_relics":[],"items_purged_floors":[11],"is_endless":false,"potions_floor_spawned":[1,4,5,8],"killed_by":"Gremlin Gang","ascension_level":0}