{"gold_per_floor":[116,131,131,209,52,83,83,95,148,166,166,179,179,196,196,294,294,309,309,322,339,168,198,212,212,212,60,91,6,6,24,24,128,128,140,140,362,377,392,446,174,174,174,174,174,192,204,11,11,11],"floor_reached":51,"playtime":3086,"items_purged":["Strike_B","Strike_B","Decay"],"score":694,"play_id":"d26753da-8936-4d6f-9557-6f3d0be69ab9","local_time":"20190906012324","is_ascension_mode":false,"campfire_choices":[{"data":"Dualcast","floor":7,"key":"SMITH"},{"data":"White Noise","floor":11,"key":"SMITH"},{"data":"Creative AI","floor":13,"key":"SMITH"},{"data":"Redo","floor":15,"key":"SMITH"},{"floor":25,"key":"REST"},{"data":"Buffer","floor":30,"key":"SMITH"},{"floor":32,"key":"REST"},{"data":"Leap","floor":42,"key":"SMITH"},{"floor":49,"key":"REST"}],"neow_cost":"NONE","seed_source_timestamp":1992353607967226,"circlet_count":0,"master_deck":["Strike_B","Strike_B","Defend_B","Defend_B+1","Defend_B","Defend_B","Zap+1","Dualcast+1","Amplify","Streamline","White Noise+1","Coolheaded","Genetic Algorithm","Redo+1","Coolheaded","Creative AI+1","Consume","Buffer+1","Chill","Defragment","Hologram","Leap+1","Parasite","Loop","Steam+1","Seek"],"relics":["Cracked Core","War Paint","Bag of Preparation","Cursed Key","Bag of Marbles","DataDisk","Red Mask","Vajra","Lizard Tail","Anchor","Art of War"],"potions_floor_usage":[14,16,20,33,45,47,50,50,50],"damage_taken":[{"damage":1,"enemies":"Cultist","floor":1,"turns":4},{"damage":0,"enemies":"Jaw Worm","floor":2,"turns":3},{"damage":14,"enemies":"3 Sentries","floor":6,"turns":7},{"damage":6,"enemies":"2 Louse","floor":8,"turns":2},{"damage":0,"enemies":"Exordium Wildlife","floor":10,"turns":2},{"damage":0,"enemies":"2 Fungi Beasts","floor":12,"turns":3},{"damage":2,"enemies":"Blue Slaver","floor":14,"turns":4},{"damage":37,"enemies":"The Guardian","floor":16,"turns":10},{"damage":0,"enemies":"Chosen","floor":18,"turns":7},{"damage":2,"enemies":"3 Byrds","floor":20,"turns":7},{"damage":26,"enemies":"Snake Plant","floor":21,"turns":4},{"damage":23,"enemies":"Book of Stabbing","floor":23,"turns":7},{"damage":0,"enemies":"Centurion and Healer","floor":24,"turns":4},{"damage":8,"enemies":"Masked Bandits","floor":28,"turns":7},{"damage":4,"enemies":"3 Cultists","floor":31,"turns":8},{"damage":0,"enemies":"Champ","floor":33,"turns":9},{"damage":0,"enemies":"Orb Walker","floor":35,"turns":4},{"damage":0,"enemies":"3 Shapes","floor":38,"turns":7},{"damage":0,"enemies":"Sphere and 2 Shapes","floor":39,"turns":5},{"damage":0,"enemies":"Writhing Mass","floor":45,"turns":4},{"damage":34,"enemies":"4 Shapes","floor":46,"turns":5},{"damage":0,"enemies":"Spire Growth","floor":47,"turns":5},{"damage":45,"enemies":"Time Eater","floor":50,"turns":9}],"seed_played":"-5444993635423421798","potions_obtained":[{"floor":1,"key":"SneckoOil"},{"floor":8,"key":"Weak Potion"},{"floor":10,"key":"Regen Potion"},{"floor":16,"key":"Energy Potion"},{"floor":21,"key":"Poison Potion"},{"floor":23,"key":"Fire Potion"},{"floor":24,"key":"Energy Potion"},{"floor":35,"key":"SmokeBomb"},{"floor":46,"key":"Ancient Potion"},{"floor":47,"key":"LiquidBronze"}],"is_trial":false,"path_per_floor":["M","M","?","?","$","E","R","M","T","M","R","M","R","M","R","B",null,"M","?","M","M","$","E","M","R","T","$","?","?","R","M","R","B",null,"M","?","?","M","M","T","$","R","T","?","M","M","M","$","R","B",null],"character_chosen":"DEFECT","items_purchased":["Coolheaded","Sunder","Defragment","DataDisk","Art of War","Seek","Energy Potion"],"campfire_rested":3,"item_purchase_floors":[5,5,22,27,41,48,48],"current_hp_per_floor":[74,74,79,79,79,65,65,59,59,59,59,59,59,57,57,35,80,80,80,78,52,52,29,29,53,53,53,45,45,45,41,65,65,80,80,80,80,80,80,80,80,80,80,80,80,46,46,46,70,25],"gold":11,"neow_bonus":"ONE_RANDOM_RARE_CARD","is_prod":false,"is_daily":false,"chose_seed":false,"campfire_upgraded":6,"win_rate":0,"timestamp":1567725804,"path_taken":["M","M","?","?","$","E","R","M","T","M","R","M","R","M","R","BOSS","M","?","M","M","$","E","?","R","T","?","?","?","R","M","R","BOSS","M","?","?","M","M","?","$","R","T","?","M","?","M","$","R","BOSS"],"build_version":"2019-07-17","purchased_purges":3,"victory":true,"max_hp_per_floor":[75,75,80,80,80,80,80,80,80,80,80,80,80,80,80,80,80,80,80,80,80,80,80,80,80,80,80,80,80,80,80,80,80,80,80,80,80,80,80,80,80,80,80,80,80,80,80,80,80,80],"card_choices":[{"not_picked":["Beam Cell","Stack"],"picked":"Streamline","floor":1},{"not_picked":["Heatsinks","Hologram"],"picked":"White Noise","floor":2},{"not_picked":["Chaos","Force Field"],"picked":"Genetic Algorithm","floor":6},{"not_picked":["Rebound","Reprogram"],"picked":"Redo","floor":8},{"not_picked":["Redo","Beam Cell"],"picked":"Coolheaded","floor":10},{"not_picked":["FTL","Cold Snap"],"picked":"Creative AI","floor":12},{"not_picked":["Static Discharge","Cold Snap"],"picked":"Consume","floor":14},{"not_picked":["Meteor Strike","Amplify"],"picked":"Buffer","floor":16},{"not_picked":["Cold Snap","Compile Driver+1"],"picked":"Chill","floor":18},{"not_picked":["Turbo","Gash","Stack"],"picked":"SKIP","floor":20},{"not_picked":["Stack","Aggregate+1","Tempest"],"picked":"SKIP","floor":21},{"not_picked":["Stack","Redo"],"picked":"Hologram","floor":23},{"not_picked":["Turbo","Creative AI","Gash"],"picked":"SKIP","floor":24},{"not_picked":["Compile Driver","Ball Lightning","Hologram"],"picked":"SKIP","floor":31},{"not_picked":["Go for the Eyes","Sweeping Beam"],"picked":"Leap","floor":35},{"not_picked":["Ball Lightning","Aggregate+1","Cold Snap+1"],"picked":"SKIP","floor":38},{"not_picked":["Rebound","Sweeping Beam+1","Self Repair"],"picked":"SKIP","floor":39},{"not_picked":["Reinforced Body+1","Reprogram+1"],"picked":"Loop","floor":46},{"not_picked":["Rebound+1","Cold Snap+1"],"picked":"Steam+1","floor":47}],"player_experience":167020,"relics_obtained":[{"floor":6,"key":"War Paint"},{"floor":9,"key":"Bag of Preparation"},{"floor":23,"key":"Bag of Marbles"},{"floor":28,"key":"Red Mask"},{"floor":40,"key":"Anchor"}],"event_choices":[{"damage_healed":0,"gold_gain":0,"player_choice":"Donut","damage_taken":0,"max_hp_gain":5,"max_hp_loss":0,"event_name":"Big Fish","floor":3,"gold_loss":0},{"damage_healed":0,"gold_gain":78,"player_choice":"Gained Gold","damage_taken":0,"max_hp_gain":0,"max_hp_loss":0,"event_name":"Golden Wing","floor":4,"gold_loss":0},{"damage_healed":0,"gold_gain":0,"player_choice":"Leave","damage_taken":0,"max_hp_gain":0,"max_hp_loss":0,"event_name":"FaceTrader","floor":19,"gold_loss":0},{"damage_healed":0,"gold_gain":0,"player_choice":"Fought Bandits","damage_taken":0,"max_hp_gain":0,"max_hp_loss":0,"event_name":"Masked Bandits","floor":28,"gold_loss":0},{"damage_healed":0,"gold_gain":0,"player_choice":"Obtained Relic","damage_taken":0,"relics_obtained":["Vajra"],"max_hp_gain":0,"max_hp_loss":0,"event_name":"Addict","floor":29,"gold_loss":85},{"damage_healed":0,"gold_gain":0,"player_choice":"Ignored","damage_taken":0,"max_hp_gain":0,"max_hp_loss":0,"event_name":"Mysterious Sphere","floor":36,"gold_loss":0},{"damage_healed":0,"gold_gain":222,"player_choice":"Wore Mask","damage_taken":0,"max_hp_gain":0,"max_hp_loss":0,"event_name":"Tomb of Lord Red Mask","floor":37,"gold_loss":0},{"cards_removed":["Sunder"],"damage_healed":0,"gold_gain":0,"player_choice":"Removed Attack","damage_taken":0,"max_hp_gain":0,"max_hp_loss":0,"event_name":"Falling","floor":44,"gold_loss":0}],"is_beta":false,"boss_relics":[{"not_picked":["Philosopher\u0027s Stone","Ectoplasm"],"picked":"Cursed Key"},{"not_picked":["Eternal Feather","Tiny House"],"picked":"Lizard Tail"}],"items_purged_floors":[5,22,41],"is_endless":false,"potions_floor_spawned":[1,8,10,16,21,23,24,28,35,46,47],"ascension_level":0}