{"gold_per_floor":[364,384,94,109,125,125,155,155,155,155,175,175,175,185,185,185],"floor_reached":16,"playtime":960,"items_purged":["Strike_R"],"score":179,"play_id":"9772f424-c4d5-4467-9b64-b3879de7b5ae","local_time":"20190831020708","is_ascension_mode":true,"campfire_choices":[{"data":"Uppercut","floor":6,"key":"SMITH"},{"data":"Whirlwind","floor":8,"key":"SMITH"},{"data":"Seeing Red","floor":10,"key":"SMITH"},{"data":"Wild Strike","floor":12,"key":"SMITH"},{"data":"Metallicize","floor":15,"key":"SMITH"}],"neow_cost":"TEN_PERCENT_HP_LOSS","seed_source_timestamp":17117432576100,"circlet_count":0,"master_deck":["AscendersBane","Strike_R","Strike_R","Strike_R","Strike_R","Defend_R","Defend_R","Defend_R","Defend_R","Bash","Uppercut+1","Shrug It Off","Whirlwind+1","Metallicize+1","Wild Strike+1","Headbutt","Seeing Red+1","Limit Break+1","Power Through+1","Thunderclap"],"relics":["Burning Blood","Strawberry","Toxic Egg 2"],"potions_floor_usage":[11,16],"damage_taken":[{"damage":1,"enemies":"Cultist","floor":1,"turns":3},{"damage":4,"enemies":"Small Slimes","floor":2,"turns":4},{"damage":0,"enemies":"Jaw Worm","floor":4,"turns":4},{"damage":37,"enemies":"Gremlin Gang","floor":5,"turns":7},{"damage":18,"enemies":"Lagavulin","floor":7,"turns":9},{"damage":11,"enemies":"Exordium Thugs","floor":11,"turns":6},{"damage":1,"enemies":"Exordium Wildlife","floor":14,"turns":5},{"damage":32,"enemies":"Slime Boss","floor":16,"turns":8}],"seed_played":"-2582930178125731323","potions_obtained":[{"floor":1,"key":"Dexterity Potion"},{"floor":7,"key":"LiquidBronze"},{"floor":11,"key":"Dexterity Potion"}],"is_trial":false,"path_per_floor":["M","M","$","M","M","R","E","R","T","R","M","R","?","M","R","B"],"character_chosen":"IRONCLAD","items_purchased":["Shrug It Off","Whirlwind","Metallicize","Wild Strike"],"campfire_rested":0,"item_purchase_floors":[3,3,3,3],"current_hp_per_floor":[68,68,68,68,37,37,32,32,32,32,27,27,27,32,32,0],"gold":185,"neow_bonus":"TWO_FIFTY_GOLD","is_prod":false,"is_daily":false,"chose_seed":false,"campfire_upgraded":5,"win_rate":0,"timestamp":1567235228,"path_taken":["M","?","$","M","?","R","E","R","T","R","M","R","?","M","R","BOSS"],"build_version":"2019-07-17","purchased_purges":1,"victory":false,"max_hp_per_floor":[68,68,68,68,68,68,75,75,75,75,75,75,75,75,75,75],"card_choices":[{"not_picked":["Dual Wield","Rage"],"picked":"Uppercut","floor":1},{"not_picked":["Wild Strike","Sword Boomerang","Thunderclap"],"picked":"SKIP","floor":2},{"not_picked":["Body Slam","Clothesline"],"picked":"Headbutt","floor":4},{"not_picked":["Wild Strike","Heavy Blade"],"picked":"Seeing Red","floor":5},{"not_picked":["Pommel Strike","Warcry"],"picked":"Limit Break","floor":7},{"not_picked":["Evolve","Iron Wave"],"picked":"Power Through+1","floor":11},{"not_picked":["Pummel","Warcry+1"],"picked":"Thunderclap","floor":14}],"player_experience":701972,"relics_obtained":[{"floor":7,"key":"Strawberry"},{"floor":9,"key":"Toxic Egg 2"}],"event_choices":[{"damage_healed":0,"gold_gain":0,"player_choice":"Forge","damage_taken":0,"max_hp_gain":0,"max_hp_loss":0,"event_name":"Accursed Blacksmith","floor":13,"gold_loss":0,"cards_upgraded":["Limit Break"]}],"is_beta":false,"boss_relics":[],"items_purged_floors":[3],"is_endless":false,"potions_floor_spawned":[1,7,11],"killed_by":"Slime Boss","ascension_level":15}