{"gold_per_floor":[118,118,130,130,150,150,210,210,210,135,235,247,247,197,197,295,295,314,214,139,139,150,150,150,165,212,224,224,67,94,112,112,216,216,227,102,102,122,222,222,15,15,15,34,0,0,24,40,40,40],"floor_reached":51,"playtime":983,"items_purged":["Defend_R","Strike_R","Strike_R+1"],"score":926,"play_id":"fbbf54c5-07a5-4f2d-80ed-f0c64f51ea50","local_time":"20190814204310","is_ascension_mode":false,"campfire_choices":[{"data":"Bash","floor":6.0,"key":"SMITH"},{"data":"Strike_R","floor":8.0,"key":"SMITH"},{"data":"Strike_R","floor":15.0,"key":"SMITH"},{"data":"Strike_R","floor":23.0,"key":"SMITH"},{"floor":28,"key":"REST"},{"data":"Offering","floor":32,"key":"SMITH"},{"data":"Searing Blow+122","floor":40,"key":"SMITH"},{"data":"The Bomb","floor":42,"key":"SMITH"},{"data":"Shrug It Off","floor":49,"key":"SMITH"}],"neow_cost":"NONE","seed_source_timestamp":0,"circlet_count":0,"master_deck":["Strike_R+1","Bash+1","Searing Blow+123","Shrug It Off+1","The Bomb+1"],"special_seed":0,"relics":["Burning Blood","NeowsBlessing","Red Skull","StoneCalendar","Paper Frog","Empty Cage","Orichalcum","Ornamental Fan","Velvet Choker","Mummified Hand","Red Mask","Vajra"],"potions_floor_usage":[],"damage_taken":[{"damage":0.0,"enemies":"Jaw Worm","floor":1.0,"turns":1.0},{"damage":0.0,"enemies":"2 Louse","floor":3.0,"turns":1.0},{"damage":0.0,"enemies":"Small Slimes","floor":5.0,"turns":1.0},{"damage":27.0,"enemies":"Gremlin Nob","floor":7.0,"turns":4.0},{"damage":26.0,"enemies":"Gremlin Gang","floor":12.0,"turns":6.0},{"damage":18.0,"enemies":"The Guardian","floor":16.0,"turns":8.0},{"damage":33.0,"enemies":"3 Byrds","floor":18.0,"turns":6.0},{"damage":30.0,"enemies":"Spheric Guardian","floor":22.0,"turns":4.0},{"damage":6,"enemies":"3 Cultists","floor":25,"turns":3},{"damage":0,"enemies":"Cultist and Chosen","floor":27,"turns":2},{"damage":0,"enemies":"Book of Stabbing","floor":30,"turns":1},{"damage":0,"enemies":"Snecko","floor":31,"turns":1},{"damage":0,"enemies":"Collector","floor":33,"turns":1},{"damage":0,"enemies":"Orb Walker","floor":35,"turns":1},{"damage":12,"enemies":"3 Darklings","floor":38,"turns":4},{"damage":0,"enemies":"Spire Growth","floor":44,"turns":1},{"damage":7,"enemies":"4 Shapes","floor":48,"turns":3},{"damage":0,"enemies":"Donu and Deca","floor":50,"turns":2}],"seed_played":"-7706222524717088324","potions_obtained":[{"floor":1.0,"key":"SteroidPotion"},{"floor":5.0,"key":"PowerPotion"},{"floor":7.0,"key":"EssenceOfSteel"},{"floor":12.0,"key":"Block Potion"},{"floor":22.0,"key":"Explosive Potion"},{"floor":25,"key":"LiquidBronze"}],"is_trial":false,"path_per_floor":["M","?","M","?","M","R","?","R","T","$","?","M","T","?","R","B",null,"M","$","?","?","M","R","?","M","T","M","R","$","E","M","R","B",null,"M","$","?","M","?","R","$","R","T","M","?","?","T","M","R","B",null],"character_chosen":"IRONCLAD","items_purchased":["Offering","Shrug It Off","The Bomb"],"campfire_rested":1,"item_purchase_floors":[29,41,41],"current_hp_per_floor":[80,80,80,85,85,85,64,64,64,64,64,44,44,44,44,32,85,58,58,58,58,34,34,34,34,34,40,65,65,71,77,77,83,85,85,85,85,79,79,79,79,79,79,85,85,85,85,84,84,85],"gold":40,"neow_bonus":"THREE_ENEMY_KILL","is_prod":false,"is_daily":false,"chose_seed":false,"campfire_upgraded":8,"win_rate":0,"timestamp":1565829790,"path_taken":["M","?","M","?","M","R","?","R","T","$","?","?","?","?","R","BOSS","M","$","?","?","M","R","?","M","T","?","R","$","E","M","R","BOSS","M","$","?","M","?","R","$","R","T","?","?","?","?","?","R","BOSS"],"build_version":"2019-07-18","purchased_purges":3,"victory":true,"max_hp_per_floor":[80,80,80,85,85,85,85,85,85,85,85,85,85,85,85,85,85,85,85,85,85,85,85,85,85,85,85,85,85,85,85,85,85,85,85,85,85,85,85,85,85,85,85,85,85,85,85,85,85,85],"card_choices":[{"not_picked":["Blood for Blood","Anger","Headbutt"],"picked":"SKIP","floor":1.0},{"not_picked":["Wild Strike","Anger","Warcry"],"picked":"SKIP","floor":3.0},{"not_picked":["Corruption","Sword Boomerang","Feel No Pain"],"picked":"SKIP","floor":5.0},{"not_picked":["Clothesline","Warcry","Dark Embrace"],"picked":"SKIP","floor":12.0},{"not_picked":["Warcry","Shrug It Off","Battle Trance+1"],"picked":"SKIP","floor":18.0},{"not_picked":["Evolve+1","True Grit","Second Wind"],"picked":"SKIP","floor":22.0},{"not_picked":["True Grit","Carnage","Pommel Strike"],"picked":"SKIP","floor":25},{"not_picked":["Clothesline","Dropkick","Wild Strike"],"picked":"SKIP","floor":27},{"not_picked":["Corruption+1","Pommel Strike","Thunderclap+1"],"picked":"SKIP","floor":30},{"not_picked":["Spot Weakness","Flex+1","Body Slam"],"picked":"SKIP","floor":31},{"not_picked":["Flex","Warcry","Perfected Strike+1"],"picked":"SKIP","floor":35},{"not_picked":["Cleave+1","Twin Strike","Fiend Fire"],"picked":"SKIP","floor":38},{"not_picked":["Clothesline","Perfected Strike","Shrug It Off+1"],"picked":"SKIP","floor":44},{"not_picked":["Rupture+1","Sword Boomerang","Iron Wave+1"],"picked":"SKIP","floor":48}],"player_experience":1014010,"relics_obtained":[{"floor":7.0,"key":"Red Skull"},{"floor":9.0,"key":"StoneCalendar"},{"floor":13.0,"key":"Paper Frog"},{"floor":26,"key":"Orichalcum"},{"floor":30,"key":"Ornamental Fan"},{"floor":43,"key":"Mummified Hand"},{"floor":47,"key":"Vajra"}],"event_choices":[{"damage_healed":0.0,"max_hp_gain":0.0,"max_hp_loss":0.0,"gold_gain":0.0,"event_name":"Liars Game","player_choice":"Ignored","floor":2.0,"gold_loss":0.0,"damage_taken":0.0},{"damage_healed":0.0,"max_hp_gain":5.0,"max_hp_loss":0.0,"gold_gain":0.0,"event_name":"Big Fish","player_choice":"Donut","floor":4.0,"gold_loss":0.0,"damage_taken":0.0},{"damage_healed":0.0,"max_hp_gain":0.0,"max_hp_loss":0.0,"gold_gain":0.0,"event_name":"Dead Adventurer","player_choice":"Searched \u00271\u0027 times","floor":7.0,"gold_loss":0.0,"damage_taken":0.0},{"damage_healed":0.0,"max_hp_gain":0.0,"max_hp_loss":0.0,"gold_gain":100.0,"event_name":"Wheel of Change","player_choice":"Gold","floor":11.0,"gold_loss":0.0,"damage_taken":0.0},{"cards_removed":["Defend_R"],"damage_healed":0.0,"max_hp_gain":0.0,"max_hp_loss":0.0,"gold_gain":0.0,"event_name":"The Cleric","player_choice":"Card Removal","floor":14.0,"gold_loss":50.0,"damage_taken":0.0},{"cards_removed":["Strike_R"],"damage_healed":0.0,"max_hp_gain":0.0,"max_hp_loss":0.0,"gold_gain":0.0,"event_name":"Beggar","player_choice":"Gave Gold","floor":20.0,"gold_loss":75.0,"damage_taken":0.0},{"damage_healed":0.0,"max_hp_gain":0.0,"max_hp_loss":0.0,"gold_gain":0.0,"event_name":"Ghosts","player_choice":"Ignored","floor":21.0,"gold_loss":0.0,"damage_taken":0.0},{"cards_removed":["Strike_R"],"damage_healed":0,"gold_gain":0,"player_choice":"Took Card","damage_taken":0,"max_hp_gain":0,"max_hp_loss":0,"event_name":"NoteForYourself","floor":24,"gold_loss":0,"cards_obtained":["Searing Blow"]},{"cards_removed":["Offering"],"damage_healed":0,"gold_gain":0,"player_choice":"Removed Skill","damage_taken":0,"max_hp_gain":0,"max_hp_loss":0,"event_name":"Falling","floor":37,"gold_loss":0},{"damage_healed":0,"gold_gain":100,"player_choice":"Pray","damage_taken":0,"max_hp_gain":0,"max_hp_loss":0,"event_name":"Golden Shrine","floor":39,"gold_loss":0},{"damage_healed":0,"gold_gain":0,"player_choice":"Paid","damage_taken":0,"relics_obtained":["Red Mask"],"max_hp_gain":0,"max_hp_loss":0,"event_name":"Tomb of Lord Red Mask","floor":45,"gold_loss":34},{"damage_healed":0,"gold_gain":0,"player_choice":"Memory 1","damage_taken":0,"max_hp_gain":0,"max_hp_loss":0,"event_name":"SensoryStone","floor":46,"gold_loss":0}],"is_beta":true,"boss_relics":[{"not_picked":["Runic Dome","Pandora\u0027s Box"],"picked":"Empty Cage"},{"not_picked":["White Beast Statue","Orrery"],"picked":"Velvet Choker"}],"items_purged_floors":[10,19,36],"is_endless":false,"potions_floor_spawned":[1,5,7,12,22,25,38,44],"ascension_level":0}