{"gold_per_floor":[211,68,88,105,105,105,134,134,205,230,230,230,258,3,3,102,102,115,115,135,135,135,168,168,181,229,229,229],"floor_reached":28,"playtime":997,"items_purged":[],"score":291,"play_id":"5d4621d6-8b83-4a53-840b-465af1e4c294","local_time":"20190829131822","is_ascension_mode":true,"campfire_choices":[{"data":"Streamline","floor":6,"key":"SMITH"},{"data":"Beam Cell","floor":8,"key":"SMITH"},{"data":"Dualcast","floor":15,"key":"SMITH"},{"data":"Biased Cognition","floor":24,"key":"SMITH"},{"data":"Hologram","floor":27,"key":"SMITH"}],"neow_cost":"NONE","seed_source_timestamp":562478135669152,"circlet_count":0,"master_deck":["Strike_B+1","Strike_B","Strike_B","Defend_B","Defend_B","Defend_B","Defend_B","Zap+1","Dualcast+1","Go for the Eyes+1","Streamline+1","Rip and Tear","Beam Cell+1","Conserve Battery","Biased Cognition+1","Writhe","Consume+1","Hologram+1","Pain"],"relics":["Cracked Core","Anchor","Juzu Bracelet","Blue Candle","Pocketwatch","Bronze Scales","Mummified Hand","Cursed Key","Oddly Smooth Stone","Kunai","Whetstone","Dream Catcher"],"potions_floor_usage":[28,28],"damage_taken":[{"damage":3,"enemies":"Jaw Worm","floor":1,"turns":4},{"damage":0,"enemies":"Cultist","floor":3,"turns":3},{"damage":0,"enemies":"2 Louse","floor":4,"turns":2},{"damage":6,"enemies":"Gremlin Nob","floor":7,"turns":3},{"damage":11,"enemies":"Lagavulin","floor":10,"turns":5},{"damage":0,"enemies":"Gremlin Nob","floor":13,"turns":2},{"damage":36,"enemies":"Slime Boss","floor":16,"turns":9},{"damage":2,"enemies":"Shell Parasite","floor":18,"turns":2},{"damage":10,"enemies":"2 Thieves","floor":20,"turns":4},{"damage":23,"enemies":"Gremlin Leader","floor":23,"turns":8},{"damage":8,"enemies":"Centurion and Healer","floor":25,"turns":4},{"damage":44,"enemies":"Slavers","floor":28,"turns":4}],"seed_played":"-1704042007857302552","potions_obtained":[{"floor":3,"key":"FocusPotion"},{"floor":4,"key":"Regen Potion"},{"floor":7,"key":"FearPotion"}],"is_trial":false,"path_per_floor":["M","$","M","M","?","R","E","R","T","E","?","?","E","$","R","B",null,"M","?","M","?","?","E","R","M","T","R","E"],"character_chosen":"DEFECT","items_purchased":["Anchor","Mummified Hand"],"campfire_rested":0,"item_purchase_floors":[2,14],"current_hp_per_floor":[72,72,72,72,72,72,66,66,66,55,48,41,41,41,41,5,75,73,73,63,63,63,40,40,32,32,32,0],"gold":229,"neow_bonus":"HUNDRED_GOLD","is_prod":false,"is_daily":false,"chose_seed":false,"campfire_upgraded":5,"win_rate":0,"timestamp":1567073902,"path_taken":["M","$","M","M","?","R","E","R","T","E","?","?","E","?","R","BOSS","M","?","M","?","?","E","R","M","T","R","E"],"build_version":"2019-07-17","purchased_purges":0,"victory":false,"max_hp_per_floor":[75,75,75,75,75,75,75,75,75,75,75,75,75,75,75,75,75,75,75,75,75,75,75,75,75,75,75,75],"card_choices":[{"not_picked":["Redo","Darkness"],"picked":"Go for the Eyes","floor":1},{"not_picked":["Reinforced Body","Cold Snap"],"picked":"Streamline","floor":3},{"not_picked":["Barrage","Auto Shields"],"picked":"Rip and Tear","floor":4},{"not_picked":["Rip and Tear","Compile Driver"],"picked":"Beam Cell","floor":7},{"not_picked":["Steam","Cold Snap"],"picked":"Conserve Battery","floor":10},{"not_picked":["Streamline","Reboot","Turbo"],"picked":"SKIP","floor":13},{"not_picked":["Rainbow","Seek"],"picked":"Biased Cognition","floor":16},{"not_picked":["Beam Cell+1","Turbo","Chaos"],"picked":"SKIP","floor":18},{"not_picked":["Cold Snap","Conserve Battery","Reboot"],"picked":"SKIP","floor":20},{"not_picked":["Cold Snap","Conserve Battery","Reboot"],"picked":"SKIP","floor":20},{"not_picked":["Thunder Strike","Redo"],"picked":"Consume+1","floor":23},{"not_picked":["Steam","Chaos"],"picked":"Hologram","floor":25}],"player_experience":222132,"relics_obtained":[{"floor":7,"key":"Juzu Bracelet"},{"floor":9,"key":"Blue Candle"},{"floor":10,"key":"Pocketwatch"},{"floor":13,"key":"Bronze Scales"},{"floor":23,"key":"Whetstone"},{"floor":26,"key":"Dream Catcher"}],"event_choices":[{"damage_healed":0,"gold_gain":0,"player_choice":"Upgraded","damage_taken":0,"max_hp_gain":0,"max_hp_loss":0,"event_name":"Upgrade Shrine","floor":5,"gold_loss":0,"cards_upgraded":["Zap"]},{"cards_removed":["Strike_B"],"damage_healed":0,"gold_gain":0,"player_choice":"Card Removal","damage_taken":7,"max_hp_gain":0,"max_hp_loss":0,"event_name":"Golden Wing","floor":11,"gold_loss":0},{"damage_healed":0,"gold_gain":0,"player_choice":"Damaged","damage_taken":7,"max_hp_gain":0,"max_hp_loss":0,"event_name":"Wheel of Change","floor":12,"gold_loss":0},{"damage_healed":0,"gold_gain":0,"player_choice":"Stole Relic","damage_taken":0,"relics_obtained":["Oddly Smooth Stone"],"max_hp_gain":0,"max_hp_loss":0,"event_name":"Addict","floor":19,"gold_loss":0,"cards_obtained":["Shame"]},{"cards_removed":["Shame"],"damage_healed":0,"gold_gain":0,"player_choice":"Elegance","damage_taken":0,"max_hp_gain":0,"max_hp_loss":0,"event_name":"Back to Basics","floor":21,"gold_loss":0},{"damage_healed":0,"gold_gain":0,"player_choice":"Opened","damage_taken":0,"relics_obtained":["Kunai"],"max_hp_gain":0,"max_hp_loss":0,"event_name":"The Mausoleum","floor":22,"gold_loss":0,"cards_obtained":["Writhe"]}],"is_beta":false,"boss_relics":[{"not_picked":["Runic Pyramid","Inserter"],"picked":"Cursed Key"}],"items_purged_floors":[],"is_endless":false,"potions_floor_spawned":[3,4,7,16,18],"killed_by":"Slavers","ascension_level":1}