{"gold_per_floor":[114,132,61,78,78,106,119,137,164,180,180,180,203,234,234,336,336,347,360,375,386,404,404,437,437,437,113,113,130,130,158,158,257,257,274,199,199,214,228,263,263,282,282,282,39,39,39,70,70,70],"floor_reached":51,"playtime":2329,"items_purged":["Strike_B"],"score":782,"play_id":"9ce91d58-d214-4c56-830a-c13c3480d2e3","local_time":"20190903201645","is_ascension_mode":false,"campfire_choices":[{"floor":11,"key":"REST"},{"data":"Barrage","floor":15,"key":"SMITH"},{"data":"Rainbow","floor":23,"key":"SMITH"},{"data":"Echo Form","floor":25,"key":"SMITH"},{"data":"Apotheosis","floor":28,"key":"SMITH"},{"floor":32,"key":"REST"},{"floor":41,"key":"REST"},{"floor":44,"key":"REST"},{"data":"Force Field","floor":47,"key":"SMITH"},{"data":"Defragment","floor":49,"key":"SMITH"}],"neow_cost":"NONE","seed_source_timestamp":1801907952213637,"circlet_count":0,"master_deck":["Strike_B","Strike_B","Defend_B","Defend_B","Defend_B","Defend_B","Zap+1","Dualcast","Machine Learning","Ball Lightning","FTL","Echo Form+1","Genetic Algorithm","Coolheaded","Barrage+1","Conserve Battery","Steam","Rainbow+1","Biased Cognition","Sunder+1","Ball Lightning+1","Melter","Self Repair+1","Sweeping Beam+1","Leap+1","Defragment+1","Force Field+1","Apotheosis+1","Electrodynamics","Auto Shields"],"relics":["Cracked Core","Nunchaku","Pen Nib","Ancient Tea Set","Strawberry","Velvet Choker","Bronze Scales","Blood Vial","MutagenicStrength","Du-Vu Doll","Lizard Tail","Anchor","Molten Egg 2","Lee\u0027s Waffle","Juzu Bracelet"],"potions_floor_usage":[14,20,21,29,33,40,40,50,50],"damage_taken":[{"damage":4,"enemies":"2 Louse","floor":1,"turns":3},{"damage":0,"enemies":"Cultist","floor":2,"turns":3},{"damage":12,"enemies":"Jaw Worm","floor":4,"turns":4},{"damage":11,"enemies":"Lagavulin","floor":6,"turns":7},{"damage":5,"enemies":"Exordium Wildlife","floor":7,"turns":3},{"damage":20,"enemies":"Exordium Thugs","floor":8,"turns":5},{"damage":0,"enemies":"Looter","floor":10,"turns":3},{"damage":13,"enemies":"Gremlin Nob","floor":14,"turns":4},{"damage":33,"enemies":"Slime Boss","floor":16,"turns":8},{"damage":0,"enemies":"Spheric Guardian","floor":18,"turns":3},{"damage":5,"enemies":"Shell Parasite","floor":19,"turns":3},{"damage":23,"enemies":"Snake Plant","floor":20,"turns":3},{"damage":5,"enemies":"Chosen and Byrds","floor":21,"turns":4},{"damage":14,"enemies":"3 Cultists","floor":22,"turns":5},{"damage":13,"enemies":"Gremlin Leader","floor":24,"turns":7},{"damage":7,"enemies":"Snake Plant","floor":29,"turns":2},{"damage":17,"enemies":"Book of Stabbing","floor":31,"turns":5},{"damage":35,"enemies":"Automaton","floor":33,"turns":9},{"damage":7,"enemies":"Orb Walker","floor":35,"turns":3},{"damage":13,"enemies":"3 Darklings","floor":38,"turns":4},{"damage":16,"enemies":"Spire Growth","floor":39,"turns":5},{"damage":38,"enemies":"Reptomancer","floor":40,"turns":7},{"damage":19,"enemies":"Jaw Worm Horde","floor":42,"turns":3},{"damage":0,"enemies":"Nemesis","floor":48,"turns":5},{"damage":24,"enemies":"Donu and Deca","floor":50,"turns":10}],"seed_played":"4358760387103282358","potions_obtained":[{"floor":1,"key":"FocusPotion"},{"floor":4,"key":"LiquidBronze"},{"floor":7,"key":"FearPotion"},{"floor":14,"key":"LiquidBronze"},{"floor":20,"key":"AttackPotion"},{"floor":22,"key":"Dexterity Potion"},{"floor":33,"key":"Swift Potion"},{"floor":38,"key":"SteroidPotion"},{"floor":40,"key":"Dexterity Potion"}],"is_trial":false,"path_per_floor":["M","M","$","M","?","E","M","M","T","M","R","?","T","E","R","B",null,"M","M","M","M","M","R","E","R","T","$","R","M","?","E","R","B",null,"M","$","?","M","M","E","R","M","T","R","$","?","R","E","R","B",null],"character_chosen":"DEFECT","items_purchased":["Echo Form","Defragment","Force Field","Apotheosis","Lee\u0027s Waffle","Dexterity Potion"],"campfire_rested":4,"item_purchase_floors":[3,27,27,27,45,45],"current_hp_per_floor":[71,71,71,59,59,48,43,23,23,23,45,45,45,39,39,6,82,82,77,54,49,45,45,42,42,42,42,42,47,47,42,66,43,82,75,75,75,64,50,24,48,31,31,55,89,85,85,85,85,71],"gold":70,"neow_bonus":"ONE_RANDOM_RARE_CARD","is_prod":false,"is_daily":false,"chose_seed":false,"campfire_upgraded":6,"win_rate":0,"timestamp":1567534605,"path_taken":["M","M","$","M","?","E","M","?","T","M","R","?","?","E","R","BOSS","M","M","M","M","M","R","E","R","T","$","R","M","?","E","R","BOSS","M","$","?","M","?","E","R","M","T","R","$","?","R","E","R","BOSS"],"build_version":"2019-07-17","purchased_purges":1,"victory":true,"max_hp_per_floor":[75,75,75,75,75,75,75,75,75,75,75,75,75,82,82,82,82,82,82,82,82,82,82,82,82,82,82,82,82,82,82,82,82,82,82,82,82,82,82,82,82,82,82,82,89,85,85,85,85,85],"card_choices":[{"not_picked":["Reprogram","Turbo"],"picked":"Ball Lightning","floor":1},{"not_picked":["Chill","Turbo"],"picked":"FTL","floor":2},{"not_picked":["Compile Driver","Cold Snap"],"picked":"Genetic Algorithm","floor":4},{"not_picked":["Steam Power","Rainbow"],"picked":"Coolheaded","floor":6},{"not_picked":["Hologram","Melter"],"picked":"Barrage","floor":7},{"not_picked":["Aggregate","Rebound"],"picked":"Conserve Battery","floor":8},{"not_picked":["Steam Power","Compile Driver"],"picked":"Steam","floor":10},{"not_picked":["Stack","Conserve Battery"],"picked":"Rainbow","floor":14},{"not_picked":["Fission","Machine Learning"],"picked":"Biased Cognition","floor":16},{"not_picked":["Cold Snap","Redo"],"picked":"Sunder+1","floor":18},{"not_picked":["Fusion","Steam"],"picked":"Ball Lightning+1","floor":19},{"not_picked":["Go for the Eyes","Beam Cell+1"],"picked":"Melter","floor":20},{"not_picked":["Ball Lightning","Steam"],"picked":"Self Repair+1","floor":21},{"not_picked":["Ball Lightning","Redo"],"picked":"Sweeping Beam+1","floor":22},{"not_picked":["Echo Form","Streamline"],"picked":"Leap+1","floor":24},{"not_picked":["Melter","Conserve Battery","Ball Lightning"],"picked":"SKIP","floor":29},{"not_picked":["Scrape","Streamline"],"picked":"Electrodynamics","floor":31},{"not_picked":["Redo+1","Conserve Battery+1"],"picked":"Auto Shields","floor":35},{"not_picked":["Redo","White Noise","Rebound"],"picked":"SKIP","floor":38},{"not_picked":["Streamline","Conserve Battery+1","Rebound"],"picked":"SKIP","floor":39},{"not_picked":["Hologram+1","Compile Driver","Meteor Strike"],"picked":"SKIP","floor":40},{"not_picked":["Gash","Coolheaded+1","Cold Snap+1"],"picked":"SKIP","floor":42},{"not_picked":["Reprogram+1","Rip and Tear+1","All For One+1"],"picked":"SKIP","floor":48}],"player_experience":140271,"relics_obtained":[{"floor":6,"key":"Nunchaku"},{"floor":9,"key":"Pen Nib"},{"floor":13,"key":"Ancient Tea Set"},{"floor":14,"key":"Strawberry"},{"floor":24,"key":"Bronze Scales"},{"floor":26,"key":"Blood Vial"},{"floor":31,"key":"Du-Vu Doll"},{"floor":40,"key":"Anchor"},{"floor":43,"key":"Molten Egg 2"},{"floor":48,"key":"Juzu Bracelet"}],"event_choices":[{"damage_healed":0,"gold_gain":0,"player_choice":"Upgraded","damage_taken":0,"max_hp_gain":0,"max_hp_loss":0,"event_name":"Upgrade Shrine","floor":5,"gold_loss":0,"cards_upgraded":["Zap"]},{"damage_healed":0,"gold_gain":0,"player_choice":"Ignored","damage_taken":0,"max_hp_gain":0,"max_hp_loss":0,"event_name":"Golden Idol","floor":12,"gold_loss":0},{"damage_healed":0,"gold_gain":0,"player_choice":"Inject Mutagens","damage_taken":0,"relics_obtained":["MutagenicStrength"],"max_hp_gain":0,"max_hp_loss":0,"event_name":"Drug Dealer","floor":30,"gold_loss":0},{"cards_removed":["Strike_B"],"damage_healed":0,"gold_gain":0,"player_choice":"Offered Basic","damage_taken":0,"max_hp_gain":0,"max_hp_loss":0,"event_name":"Bonfire Elementals","floor":37,"gold_loss":0},{"damage_healed":0,"gold_gain":0,"player_choice":"Max HP","damage_taken":0,"max_hp_gain":0,"max_hp_loss":4,"event_name":"Winding Halls","floor":46,"gold_loss":0}],"is_beta":false,"boss_relics":[{"not_picked":["Empty Cage","Philosopher\u0027s Stone"],"picked":"Velvet Choker"},{"not_picked":["Sozu","Coffee Dripper"],"picked":"Lizard Tail"}],"items_purged_floors":[36],"is_endless":false,"potions_floor_spawned":[1,4,7,8,10,14,18,20,22,33,38,40],"ascension_level":0}