{"gold_per_floor":[119,119,139,157,157,157,186,186,186,200,219,233,247,274,274,345,345,364,364,382,332,349,349,368,368,393,393,428,13,13],"floor_reached":30,"playtime":1944,"items_purged":["Strike_R"],"score":562,"play_id":"eb21abe7-b683-4b74-acfc-1e3f6a94ea38","local_time":"20190831153610","is_ascension_mode":true,"campfire_choices":[{"data":"Flex","floor":6,"key":"SMITH"},{"data":"Whirlwind","floor":8,"key":"SMITH"},{"data":"Feel No Pain","floor":15,"key":"SMITH"},{"floor":23,"key":"REST"},{"floor":25,"key":"REST"},{"floor":27,"key":"REST"}],"neow_cost":"NONE","seed_source_timestamp":64674122686900,"circlet_count":0,"master_deck":["AscendersBane","Strike_R","Strike_R","Defend_R","Defend_R","Defend_R","Bash","Flex+1","Shrug It Off","Pummel+1","Whirlwind+1","Headbutt","Pommel Strike","Feel No Pain+1","Sword Boomerang+1","Evolve","Battle Trance","Limit Break","Shrug It Off","Combust+1","Headbutt+1","Rage","Inflame","Purity"],"relics":["Burning Blood","Ornamental Fan","Art of War","Torii","Fusion Hammer","Nilry\u0027s Codex","Orichalcum","Oddly Smooth Stone","Lantern"],"potions_floor_usage":[4,16,28],"damage_taken":[{"damage":1,"enemies":"2 Louse","floor":1,"turns":4},{"damage":0,"enemies":"Cultist","floor":3,"turns":3},{"damage":0,"enemies":"Jaw Worm","floor":4,"turns":3},{"damage":26,"enemies":"3 Sentries","floor":7,"turns":8},{"damage":0,"enemies":"Large Slime","floor":10,"turns":3},{"damage":6,"enemies":"Gremlin Gang","floor":11,"turns":4},{"damage":2,"enemies":"3 Louse","floor":12,"turns":2},{"damage":10,"enemies":"Blue Slaver","floor":13,"turns":3},{"damage":10,"enemies":"Gremlin Nob","floor":14,"turns":3},{"damage":0,"enemies":"Slime Boss","floor":16,"turns":6},{"damage":13,"enemies":"Shell Parasite","floor":18,"turns":4},{"damage":10,"enemies":"3 Byrds","floor":20,"turns":3},{"damage":4,"enemies":"Cultist and Chosen","floor":22,"turns":6},{"damage":21,"enemies":"Centurion and Healer","floor":24,"turns":5},{"damage":76,"enemies":"Gremlin Leader","floor":28,"turns":6},{"damage":17,"enemies":"Snake Plant","floor":30,"turns":2}],"seed_played":"-4720825359284353042","potions_obtained":[{"floor":1,"key":"Strength Potion"},{"floor":3,"key":"Block Potion"},{"floor":11,"key":"SkillPotion"},{"floor":12,"key":"EssenceOfSteel"},{"floor":14,"key":"SteroidPotion"},{"floor":16,"key":"Regen Potion"}],"is_trial":false,"path_per_floor":["M","?","M","M","?","R","E","R","T","M","M","M","M","E","R","B",null,"M","?","M","?","M","R","M","R","T","R","E","$","M"],"character_chosen":"IRONCLAD","items_purchased":["Inflame","Lantern","Purity"],"campfire_rested":3,"item_purchase_floors":[29,29,29],"current_hp_per_floor":[73,66,72,75,75,75,55,55,55,61,61,65,61,57,57,63,72,65,44,40,40,42,64,49,71,71,75,17,17,0],"gold":13,"neow_bonus":"TRANSFORM_CARD","is_prod":false,"is_daily":false,"chose_seed":false,"campfire_upgraded":3,"win_rate":0,"timestamp":1567283770,"path_taken":["M","?","M","M","?","R","E","R","T","M","M","?","M","E","R","BOSS","M","?","M","?","M","R","?","R","T","R","E","$","M"],"build_version":"2019-07-17","purchased_purges":1,"victory":false,"max_hp_per_floor":[75,75,75,75,75,75,75,75,75,75,75,75,75,75,75,75,75,75,75,75,75,75,75,75,75,75,75,75,75,75],"card_choices":[{"not_picked":["True Grit","Twin Strike"],"picked":"Shrug It Off","floor":1},{"not_picked":["Perfected Strike","True Grit"],"picked":"Pummel","floor":3},{"not_picked":["Warcry","Heavy Blade"],"picked":"Whirlwind","floor":4},{"not_picked":["Anger","Iron Wave"],"picked":"Headbutt","floor":7},{"not_picked":["Sever Soul","Clash"],"picked":"Pommel Strike","floor":10},{"not_picked":["Sword Boomerang","Pummel"],"picked":"Feel No Pain","floor":11},{"not_picked":["Body Slam","Entrench"],"picked":"Sword Boomerang","floor":12},{"not_picked":["Shrug It Off","Juggernaut"],"picked":"Evolve","floor":13},{"not_picked":["Bloodletting","Twin Strike"],"picked":"Battle Trance","floor":14},{"not_picked":["Impervious","Feed"],"picked":"Limit Break","floor":16},{"not_picked":["Wild Strike","Rupture+1"],"picked":"Shrug It Off","floor":18},{"not_picked":["Rampage","Heavy Blade","Evolve"],"picked":"SKIP","floor":20},{"not_picked":["Headbutt","Perfected Strike"],"picked":"Combust+1","floor":22},{"not_picked":["Clothesline","Shrug It Off+1"],"picked":"Headbutt+1","floor":24},{"not_picked":["Clothesline","Body Slam"],"picked":"Rage","floor":28}],"player_experience":711804,"relics_obtained":[{"floor":7,"key":"Ornamental Fan"},{"floor":9,"key":"Art of War"},{"floor":14,"key":"Torii"},{"floor":19,"key":"Nilry\u0027s Codex"},{"floor":26,"key":"Orichalcum"},{"floor":28,"key":"Oddly Smooth Stone"}],"event_choices":[{"cards_removed":["Strike_R"],"damage_healed":0,"gold_gain":0,"player_choice":"Card Removal","damage_taken":7,"max_hp_gain":0,"max_hp_loss":0,"event_name":"Golden Wing","floor":2,"gold_loss":0},{"cards_removed":["Defend_R"],"damage_healed":0,"gold_gain":0,"player_choice":"Purged","damage_taken":0,"max_hp_gain":0,"max_hp_loss":0,"event_name":"Purifier","floor":5,"gold_loss":0},{"damage_healed":0,"gold_gain":0,"player_choice":"Obtained Book","damage_taken":21,"max_hp_gain":0,"max_hp_loss":0,"event_name":"Cursed Tome","floor":19,"gold_loss":0},{"damage_healed":0,"gold_gain":0,"player_choice":"Upgraded Two","damage_taken":0,"max_hp_gain":0,"max_hp_loss":0,"event_name":"Designer","floor":21,"gold_loss":50,"cards_upgraded":["Sword Boomerang","Pummel"]}],"is_beta":false,"boss_relics":[{"not_picked":["Coffee Dripper","Astrolabe"],"picked":"Fusion Hammer"}],"items_purged_floors":[29],"is_endless":false,"potions_floor_spawned":[1,3,11,12,14,16,20],"killed_by":"Snake Plant","ascension_level":16}