{"gold_per_floor":[109,34,48,64,83,110,110,12,12,12,46,196,216,235,235,235],"floor_reached":16,"playtime":505,"items_purged":["Decay"],"score":224,"play_id":"5ff26376-1dc6-4b18-aeed-f5ea658f424c","local_time":"20190813185751","is_ascension_mode":true,"campfire_choices":[{"floor":7,"key":"REST"},{"data":"Disarm","floor":10,"key":"SMITH"},{"data":"Heavy Blade","floor":15,"key":"SMITH"}],"neow_cost":"CURSE","seed_source_timestamp":174134253656639,"circlet_count":0,"master_deck":["AscendersBane","Strike_R","Strike_R","Strike_R","Strike_R","Strike_R","Defend_R","Defend_R","Defend_R","Defend_R","Bash","Disarm+1","Cleave","Twin Strike","Pommel Strike","Shrug It Off","Rampage","Heavy Blade+1","Doubt","Sword Boomerang","Havoc"],"relics":["Burning Blood","Calipers","Du-Vu Doll","Pantograph","Pear"],"potions_floor_usage":[6,11,16,16],"damage_taken":[{"damage":13,"enemies":"Jaw Worm","floor":1,"turns":5},{"damage":10,"enemies":"Cultist","floor":3,"turns":5},{"damage":0,"enemies":"Small Slimes","floor":4,"turns":4},{"damage":6,"enemies":"2 Fungi Beasts","floor":5,"turns":4},{"damage":49,"enemies":"Lagavulin","floor":6,"turns":8},{"damage":25,"enemies":"3 Sentries","floor":11,"turns":6},{"damage":5,"enemies":"Blue Slaver","floor":13,"turns":5},{"damage":13,"enemies":"Red Slaver","floor":14,"turns":4},{"damage":54,"enemies":"Hexaghost","floor":16,"turns":11}],"seed_played":"-1770966927276638797","potions_obtained":[{"floor":4,"key":"GamblersBrew"},{"floor":11,"key":"Swift Potion"},{"floor":14,"key":"EssenceOfSteel"}],"is_trial":false,"path_per_floor":["M","$","M","M","M","E","R","$","T","R","E","?","M","M","R","B"],"character_chosen":"IRONCLAD","items_purchased":["Rampage","Swift Potion"],"campfire_rested":1,"item_purchase_floors":[8,8],"current_hp_per_floor":[61,61,57,63,63,20,42,42,42,42,33,33,34,27,27,0],"gold":235,"neow_bonus":"ONE_RARE_RELIC","is_prod":false,"is_daily":false,"chose_seed":false,"campfire_upgraded":2,"win_rate":0,"timestamp":1565737071,"path_taken":["M","$","M","M","M","E","R","$","T","R","E","?","M","M","R","BOSS"],"build_version":"2019-07-18","purchased_purges":1,"victory":false,"max_hp_per_floor":[75,75,75,75,75,75,75,75,75,75,85,85,85,85,85,85],"card_choices":[{"not_picked":["Perfected Strike","Body Slam"],"picked":"Disarm","floor":1},{"not_picked":["Spot Weakness","Havoc"],"picked":"Cleave","floor":3},{"not_picked":["Dropkick","Spot Weakness"],"picked":"Twin Strike","floor":4},{"not_picked":["Clash","Body Slam"],"picked":"Pommel Strike","floor":5},{"not_picked":["Perfected Strike","Rage"],"picked":"Shrug It Off","floor":6},{"not_picked":["Immolate","Pommel Strike"],"picked":"Heavy Blade","floor":11},{"not_picked":["Flex","Feel No Pain"],"picked":"Sword Boomerang","floor":13},{"not_picked":["Perfected Strike","Infernal Blade"],"picked":"Havoc","floor":14}],"player_experience":1008716,"relics_obtained":[{"floor":6,"key":"Du-Vu Doll"},{"floor":9,"key":"Pantograph"},{"floor":11,"key":"Pear"}],"event_choices":[{"damage_healed":0,"gold_gain":150,"player_choice":"AGREE","damage_taken":0,"max_hp_gain":0,"max_hp_loss":0,"event_name":"Liars Game","floor":12,"gold_loss":0,"cards_obtained":["Doubt"]}],"is_beta":true,"boss_relics":[],"items_purged_floors":[2],"is_endless":false,"potions_floor_spawned":[4,11,14],"killed_by":"Hexaghost","ascension_level":20}