{"gold_per_floor":[119,44,44,44,62,62,62,62,88,88,100,125,125,200,200,301,351,367,386,412,20,20,20,53,64,64,79,79,107,122,122,122,122],"floor_reached":33,"playtime":1518,"items_purged":["Regret","Strike_G"],"score":337,"play_id":"83a8723e-6f8c-4d37-9eb0-1b60d2c67a5d","local_time":"20190820131208","is_ascension_mode":true,"campfire_choices":[{"data":"Neutralize","floor":6,"key":"SMITH"},{"data":"Backstab","floor":8,"key":"SMITH"},{"data":"Adrenaline","floor":10,"key":"SMITH"},{"data":"Venomology","floor":13,"key":"SMITH"},{"data":"Backflip","floor":15,"key":"SMITH"},{"data":"Crippling Poison","floor":23,"key":"SMITH"},{"floor":32,"key":"REST"}],"neow_cost":"CURSE","seed_source_timestamp":398217701393122,"circlet_count":0,"master_deck":["Strike_G+1","Strike_G+1","Strike_G+1","Defend_G+1","Defend_G","Defend_G+1","Defend_G","Survivor","Neutralize+1","Venomology+1","Backstab+1","Adrenaline+1","Backflip+1","Deadly Poison","Malaise","Crippling Poison+1","Infinite Blades","Outmaneuver+1","Dagger Spray","Catalyst","Footwork","Blade Dance","Footwork","Dagger Spray","Wraith Form v2","Terror"],"relics":["Ring of the Snake","Bag of Preparation","War Paint","Tiny House","Red Mask","Orichalcum","Bottled Flame","Centennial Puzzle","Question Card","Omamori"],"potions_floor_usage":[5,12,12,16,16,16,18,19,24,24,25,27,29,33,33,33],"damage_taken":[{"damage":1,"enemies":"2 Louse","floor":1,"turns":4},{"damage":0,"enemies":"Small Slimes","floor":5,"turns":2},{"damage":0,"enemies":"Cultist","floor":11,"turns":2},{"damage":0,"enemies":"Gremlin Nob","floor":12,"turns":3},{"damage":8,"enemies":"Hexaghost","floor":16,"turns":8},{"damage":0,"enemies":"3 Byrds","floor":18,"turns":4},{"damage":5,"enemies":"Shell Parasite","floor":19,"turns":5},{"damage":26,"enemies":"Masked Bandits","floor":20,"turns":6},{"damage":4,"enemies":"Slavers","floor":24,"turns":4},{"damage":20,"enemies":"Sentry and Sphere","floor":25,"turns":6},{"damage":5,"enemies":"3 Cultists","floor":27,"turns":4},{"damage":12,"enemies":"Book of Stabbing","floor":29,"turns":6},{"damage":1,"enemies":"Snecko","floor":30,"turns":5},{"damage":44,"enemies":"Collector","floor":33,"turns":10}],"seed_played":"-1935366772053379485","potions_obtained":[{"floor":1,"key":"PowerPotion"},{"floor":11,"key":"Explosive Potion"},{"floor":17,"key":"Regen Potion"},{"floor":20,"key":"Energy Potion"},{"floor":29,"key":"Block Potion"},{"floor":30,"key":"SpeedPotion"}],"is_trial":false,"path_per_floor":["M","$","?","?","M","R","$","R","T","R","M","E","R","?","R","B",null,"M","M","?","$","?","R","E","M","T","M","?","E","M","?","R","B"],"character_chosen":"THE_SILENT","items_purchased":["Catalyst","Footwork","Orichalcum"],"campfire_rested":1,"item_purchase_floors":[21,21,21],"current_hp_per_floor":[69,69,55,55,55,55,55,55,55,55,55,55,55,44,44,36,75,75,70,44,44,44,44,40,34,34,29,29,17,16,16,38,0],"gold":122,"neow_bonus":"THREE_RARE_CARDS","is_prod":false,"is_daily":false,"chose_seed":false,"campfire_upgraded":6,"win_rate":0,"timestamp":1566295928,"path_taken":["M","$","?","?","M","R","$","R","T","R","?","E","R","?","R","BOSS","M","M","?","$","?","R","E","M","T","M","?","E","?","?","R","BOSS"],"build_version":"2019-07-17","purchased_purges":2,"victory":false,"max_hp_per_floor":[70,70,70,70,70,70,70,70,70,70,70,70,70,70,70,70,75,75,75,75,75,75,75,75,75,75,75,75,75,75,75,75,75],"card_choices":[{"not_picked":["Tools of the Trade","Doppelganger"],"picked":"Venomology","floor":0},{"not_picked":["PiercingWail","Masterful Stab"],"picked":"Backstab","floor":1},{"not_picked":["Flechettes","Dagger Spray"],"picked":"Backflip","floor":5},{"not_picked":["Choke","Acrobatics"],"picked":"Deadly Poison","floor":11},{"not_picked":["Riddle With Holes","Calculated Gamble"],"picked":"Deadly Poison","floor":12},{"not_picked":["Unload","Bullet Time"],"picked":"Malaise","floor":16},{"not_picked":["Terror","Dagger Spray"],"picked":"Crippling Poison","floor":17},{"not_picked":["All Out Attack","Flying Knee+1"],"picked":"Infinite Blades","floor":18},{"not_picked":["Acrobatics","Eviscerate"],"picked":"Outmaneuver+1","floor":19},{"not_picked":["Bane","Masterful Stab"],"picked":"Dagger Spray","floor":20},{"not_picked":["Blade Dance","Eviscerate","Underhanded Strike"],"picked":"SKIP","floor":24},{"not_picked":["Eviscerate","Underhanded Strike"],"picked":"Blade Dance","floor":24},{"not_picked":["PiercingWail","A Thousand Cuts"],"picked":"Footwork","floor":25},{"not_picked":["Poisoned Stab","PiercingWail"],"picked":"Dagger Spray","floor":27},{"not_picked":["Calculated Gamble+1","Slice","Tactician+1"],"picked":"Wraith Form v2","floor":29},{"not_picked":["Dagger Spray+1","Underhanded Strike+1","Dodge and Roll"],"picked":"Terror","floor":30}],"player_experience":111524,"relics_obtained":[{"floor":9,"key":"Bag of Preparation"},{"floor":12,"key":"War Paint"},{"floor":20,"key":"Red Mask"},{"floor":24,"key":"Bottled Flame"},{"floor":26,"key":"Centennial Puzzle"},{"floor":29,"key":"Omamori"}],"event_choices":[{"damage_healed":0,"gold_gain":0,"player_choice":"Entered Light","damage_taken":14,"max_hp_gain":0,"max_hp_loss":0,"event_name":"Shining Light","floor":3,"gold_loss":0,"cards_upgraded":["Strike_G","Strike_G"]},{"damage_healed":0,"gold_gain":0,"cards_transformed":["Strike_G"],"player_choice":"Transformed","damage_taken":0,"max_hp_gain":0,"max_hp_loss":0,"event_name":"Transmorgrifier","floor":4,"gold_loss":0,"cards_obtained":["Adrenaline"]},{"damage_healed":0,"gold_gain":75,"player_choice":"Gather Gold","damage_taken":11,"max_hp_gain":0,"max_hp_loss":0,"event_name":"World of Goop","floor":14,"gold_loss":0},{"damage_healed":0,"gold_gain":0,"player_choice":"Fought Bandits","damage_taken":0,"max_hp_gain":0,"max_hp_loss":0,"event_name":"Masked Bandits","floor":20,"gold_loss":0},{"cards_removed":["Defend_G"],"damage_healed":0,"gold_gain":0,"player_choice":"Elegance","damage_taken":0,"max_hp_gain":0,"max_hp_loss":0,"event_name":"Back to Basics","floor":22,"gold_loss":0},{"cards_removed":["Deadly Poison"],"damage_healed":0,"gold_gain":0,"player_choice":"Gave Card","damage_taken":0,"relics_obtained":["Question Card"],"max_hp_gain":0,"max_hp_loss":0,"event_name":"WeMeetAgain","floor":28,"gold_loss":0},{"damage_healed":0,"gold_gain":0,"player_choice":"Ignored","damage_taken":0,"max_hp_gain":0,"max_hp_loss":0,"event_name":"Beggar","floor":31,"gold_loss":0}],"is_beta":false,"boss_relics":[{"not_picked":["Lizard Tail","Ring of the Serpent"],"picked":"Tiny House"}],"items_purged_floors":[2,21],"is_endless":false,"potions_floor_spawned":[1,11,20,29,30],"killed_by":"Collector","ascension_level":2}