{"gold_per_floor":[113,113,126,191,202,202,45,60,60,70,101,117,15,15,15,113,113,131,46,46,57,39,39,68,81,81,81,116,116,36,135,135,240,240,252,252,266,266,488,488,519,539,539,69,69,69,86,106,106,106],"floor_reached":51,"playtime":2438,"items_purged":["Strike_B","Strike_B","Fission"],"score":795,"play_id":"99b7d32e-d54f-4c68-a4c5-0d97acb136b1","local_time":"20190904202023","is_ascension_mode":false,"campfire_choices":[{"data":"Zap","floor":6,"key":"SMITH"},{"floor":15,"key":"REST"},{"floor":23,"key":"REST"},{"floor":27,"key":"REST"},{"floor":32,"key":"REST"},{"floor":40,"key":"REST"},{"floor":46,"key":"REST"},{"floor":49,"key":"REST"}],"neow_cost":"NONE","seed_source_timestamp":1888420002875445,"circlet_count":0,"master_deck":["Defend_B+1","Defend_B","Defend_B","Defend_B+1","Zap+1","Dualcast","Leap","Melter","Streamline","Multi-Cast","Self Repair","Chill","Sweeping Beam","Ball Lightning","Core Surge","Rip and Tear+1","Skim+1","Coolheaded","Creative AI","Undo","BootSequence","Recycle+1","Hologram","Glacier+1","Redo+1"],"relics":["Cracked Core","War Paint","The Courier","Bottled Lightning","Fusion Hammer","Dodecahedron","Enchiridion","Omamori","Nunchaku","Red Mask","Inserter","Happy Flower","Letter Opener","Shuriken","Lee\u0027s Waffle"],"potions_floor_usage":[10,12,29,33,41,48,50,50,50],"damage_taken":[{"damage":11,"enemies":"Jaw Worm","floor":1,"turns":5},{"damage":0,"enemies":"Small Slimes","floor":3,"turns":2},{"damage":0,"enemies":"2 Louse","floor":5,"turns":2},{"damage":4,"enemies":"2 Fungi Beasts","floor":8,"turns":4},{"damage":0,"enemies":"3 Louse","floor":10,"turns":3},{"damage":28,"enemies":"Gremlin Nob","floor":11,"turns":4},{"damage":15,"enemies":"Looter","floor":12,"turns":3},{"damage":52,"enemies":"Hexaghost","floor":16,"turns":10},{"damage":5,"enemies":"Chosen","floor":18,"turns":4},{"damage":2,"enemies":"Shell Parasite","floor":21,"turns":2},{"damage":35,"enemies":"Slavers","floor":24,"turns":7},{"damage":3,"enemies":"Chosen and Byrds","floor":25,"turns":5},{"damage":32,"enemies":"Masked Bandits","floor":28,"turns":5},{"damage":22,"enemies":"Snecko","floor":29,"turns":4},{"damage":57,"enemies":"Champ","floor":33,"turns":13},{"damage":5,"enemies":"3 Shapes","floor":35,"turns":7},{"damage":0,"enemies":"Orb Walker","floor":37,"turns":3},{"damage":46,"enemies":"Reptomancer","floor":41,"turns":8},{"damage":26,"enemies":"Writhing Mass","floor":42,"turns":9},{"damage":30,"enemies":"Spire Growth","floor":47,"turns":5},{"damage":19,"enemies":"Maw","floor":48,"turns":8},{"damage":17,"enemies":"Donu and Deca","floor":50,"turns":14}],"seed_played":"3440623809241400829","potions_obtained":[{"floor":8,"key":"AttackPotion"},{"floor":10,"key":"Dexterity Potion"},{"floor":12,"key":"Fruit Juice"},{"floor":16,"key":"SmokeBomb"},{"floor":21,"key":"Weak Potion"},{"floor":33,"key":"AttackPotion"},{"floor":37,"key":"EssenceOfSteel"},{"floor":47,"key":"SkillPotion"},{"floor":48,"key":"Swift Potion"}],"is_trial":false,"path_per_floor":["M","?","M","?","M","R","$","M","T","M","E","M","$","?","R","B",null,"M","?","?","M","$","R","E","M","T","R","?","M","$","?","R","B",null,"M","?","M","$","?","R","E","M","T","$","?","R","M","M","R","B",null],"character_chosen":"DEFECT","items_purchased":["War Paint","Ball Lightning","Coolheaded","Shuriken","Lee\u0027s Waffle"],"campfire_rested":7,"item_purchase_floors":[7,13,22,44,44],"current_hp_per_floor":[64,64,64,64,64,64,64,60,60,60,39,36,36,36,60,15,80,80,80,64,62,62,80,52,56,56,80,55,40,40,40,64,14,80,80,80,80,80,80,80,41,22,22,87,83,83,60,48,72,62],"gold":106,"neow_bonus":"REMOVE_CARD","is_prod":false,"is_daily":false,"chose_seed":false,"campfire_upgraded":1,"win_rate":0,"timestamp":1567621223,"path_taken":["M","?","M","?","M","R","$","M","T","M","E","M","$","?","R","BOSS","M","?","?","M","$","R","E","M","T","R","?","?","$","?","R","BOSS","M","?","?","$","?","R","E","M","T","$","?","R","M","M","R","BOSS"],"build_version":"2019-07-17","purchased_purges":3,"victory":true,"max_hp_per_floor":[75,75,75,75,75,75,75,75,75,75,75,80,80,80,80,80,80,80,80,80,80,80,80,80,80,80,80,80,80,80,80,80,80,80,80,80,80,80,80,80,80,80,80,87,83,83,83,83,83,83],"card_choices":[{"not_picked":["Steam","Conserve Battery"],"picked":"Leap","floor":1},{"not_picked":["Compile Driver","Turbo"],"picked":"Melter","floor":3},{"not_picked":["Cold Snap","Beam Cell"],"picked":"Streamline","floor":5},{"not_picked":["Compile Driver","Turbo"],"picked":"Multi-Cast","floor":8},{"not_picked":["Steam Power","Heatsinks"],"picked":"Self Repair","floor":10},{"not_picked":["Chill","Ball Lightning","Stack"],"picked":"SKIP","floor":11},{"not_picked":["Ball Lightning","Stack"],"picked":"Chill","floor":11},{"not_picked":["Gash","Compile Driver"],"picked":"Sweeping Beam","floor":12},{"not_picked":["All For One","Thunder Strike"],"picked":"Core Surge","floor":16},{"not_picked":["Force Field","Streamline+1"],"picked":"Rip and Tear+1","floor":18},{"not_picked":["Steam Power","Rebound"],"picked":"Skim+1","floor":21},{"not_picked":["Storm","Darkness+1"],"picked":"Creative AI","floor":24},{"not_picked":["Loop","Redo"],"picked":"Undo","floor":25},{"not_picked":["Go for the Eyes","Genetic Algorithm+1"],"picked":"BootSequence","floor":28},{"not_picked":["All For One","Thunder Strike"],"picked":"Fission","floor":33},{"not_picked":["Rebound+1","Lockon"],"picked":"Recycle+1","floor":35},{"not_picked":["Conserve Battery+1","Steam+1"],"picked":"Hologram","floor":37},{"not_picked":["All For One","Sweeping Beam+1"],"picked":"Glacier+1","floor":41},{"not_picked":["Lockon","Steam Power+1","Beam Cell"],"picked":"SKIP","floor":42},{"not_picked":["Skim+1","Gash","Static Discharge"],"picked":"SKIP","floor":47},{"not_picked":["Beam Cell","Gash"],"picked":"Redo+1","floor":48}],"player_experience":154940,"relics_obtained":[{"floor":9,"key":"The Courier"},{"floor":11,"key":"Bottled Lightning"},{"floor":20,"key":"Enchiridion"},{"floor":24,"key":"Omamori"},{"floor":26,"key":"Nunchaku"},{"floor":28,"key":"Red Mask"},{"floor":41,"key":"Happy Flower"},{"floor":43,"key":"Letter Opener"}],"event_choices":[{"damage_healed":0,"gold_gain":0,"player_choice":"Ignored","damage_taken":0,"max_hp_gain":0,"max_hp_loss":0,"event_name":"Liars Game","floor":2,"gold_loss":0},{"damage_healed":0,"gold_gain":65,"player_choice":"Gained Gold","damage_taken":0,"max_hp_gain":0,"max_hp_loss":0,"event_name":"Golden Wing","floor":4,"gold_loss":0},{"damage_healed":0,"gold_gain":0,"player_choice":"Fled","damage_taken":0,"max_hp_gain":0,"max_hp_loss":0,"event_name":"Scrap Ooze","floor":14,"gold_loss":0},{"damage_healed":0,"gold_gain":0,"player_choice":"Obtained Relic","damage_taken":0,"relics_obtained":["Dodecahedron"],"max_hp_gain":0,"max_hp_loss":0,"event_name":"Addict","floor":19,"gold_loss":85},{"damage_healed":0,"gold_gain":0,"player_choice":"Obtained Book","damage_taken":16,"max_hp_gain":0,"max_hp_loss":0,"event_name":"Cursed Tome","floor":20,"gold_loss":0},{"damage_healed":0,"gold_gain":0,"player_choice":"Fought Bandits","damage_taken":0,"max_hp_gain":0,"max_hp_loss":0,"event_name":"Masked Bandits","floor":28,"gold_loss":0},{"damage_healed":0,"gold_gain":99,"player_choice":"Stole From Cult","damage_taken":0,"max_hp_gain":0,"max_hp_loss":0,"event_name":"Nest","floor":31,"gold_loss":0},{"cards_removed":["Strike_B"],"damage_healed":0,"gold_gain":0,"player_choice":"Offered Basic","damage_taken":0,"max_hp_gain":0,"max_hp_loss":0,"event_name":"Bonfire Elementals","floor":36,"gold_loss":0},{"damage_healed":0,"gold_gain":222,"player_choice":"Wore Mask","damage_taken":0,"max_hp_gain":0,"max_hp_loss":0,"event_name":"Tomb of Lord Red Mask","floor":39,"gold_loss":0},{"damage_healed":0,"gold_gain":0,"player_choice":"Max HP","damage_taken":0,"max_hp_gain":0,"max_hp_loss":4,"event_name":"Winding Halls","floor":45,"gold_loss":0}],"is_beta":false,"boss_relics":[{"not_picked":["Busted Crown","Coffee Dripper"],"picked":"Fusion Hammer"},{"not_picked":["Tiny House","Nuclear Battery"],"picked":"Inserter"}],"items_purged_floors":[13,30,44],"is_endless":false,"potions_floor_spawned":[8,10,12,16,21,28,29,33,37,47,48],"ascension_level":0}