{"gold_per_floor":[112,112,128,93,111,111,146,146,146,157,39,65,11,39,39,39],"floor_reached":16,"playtime":428,"items_purged":["Strike_G"],"score":236,"play_id":"ffea608d-47df-4090-8547-07b84d6a6bad","local_time":"20190504104950","is_ascension_mode":true,"campfire_choices":[{"data":"Neutralize","floor":6.0,"key":"SMITH"},{"floor":8.0,"key":"REST"},{"data":"Footwork","floor":15.0,"key":"SMITH"}],"neow_cost":"NONE","seed_source_timestamp":1965933620377088,"circlet_count":0,"master_deck":["AscendersBane","Defend_G","Defend_G","Defend_G","Defend_G","Defend_G","Strike_G","Strike_G","Strike_G","Strike_G+1","Survivor+1","Neutralize+1","Noxious Fumes","Flying Knee","Predator","Bane","Terror","Footwork+1","Well Laid Plans","Deadly Poison","Poisoned Stab"],"special_seed":0,"relics":["Ring of the Snake","Mummified Hand","Darkstone Periapt","PreservedInsect","Bronze Scales"],"potions_floor_usage":[],"damage_taken":[{"damage":15.0,"enemies":"Jaw Worm","floor":1.0,"turns":5.0},{"damage":0.0,"enemies":"2 Louse","floor":3.0,"turns":3.0},{"damage":3.0,"enemies":"Small Slimes","floor":5.0,"turns":3.0},{"damage":15.0,"enemies":"Lagavulin","floor":7.0,"turns":6.0},{"damage":3.0,"enemies":"3 Louse","floor":10.0,"turns":4.0},{"damage":7.0,"enemies":"Gremlin Nob","floor":12.0,"turns":3.0},{"damage":8.0,"enemies":"Lagavulin","floor":14.0,"turns":4.0},{"damage":36,"enemies":"The Guardian","floor":16,"turns":2}],"seed_played":"1723785160611711854","potions_obtained":[{"floor":1.0,"key":"Dexterity Potion"},{"floor":5.0,"key":"Block Potion"},{"floor":14.0,"key":"EssenceOfSteel"}],"is_trial":false,"path_per_floor":["M","?","M","?","M","R","E","R","T","M","$","E","$","E","R","B"],"character_chosen":"THE_SILENT","items_purchased":["Well Laid Plans","Deadly Poison"],"campfire_rested":1,"item_purchase_floors":[11,13],"current_hp_per_floor":[44,24,24,40,37,37,22,41,41,38,38,31,31,23,23,0],"gold":39,"neow_bonus":"THREE_CARDS","is_prod":false,"is_daily":false,"chose_seed":false,"campfire_upgraded":2,"win_rate":0,"timestamp":1556981390,"path_taken":["M","?","M","?","M","R","E","R","T","M","?","E","$","E","R","BOSS"],"build_version":"2019-01-23","purchased_purges":1,"victory":false,"max_hp_per_floor":[66,66,66,66,66,66,66,66,66,66,66,66,66,66,66,66],"card_choices":[{"not_picked":["Cloak And Dagger","Tactician"],"picked":"Noxious Fumes","floor":0.0},{"not_picked":["Accuracy","Escape Plan"],"picked":"Flying Knee","floor":1.0},{"not_picked":["Acrobatics","Dagger Throw"],"picked":"Predator","floor":3.0},{"not_picked":["Skewer","Blade Dance"],"picked":"Bane","floor":5.0},{"not_picked":["Concentrate","Quick Slash"],"picked":"Terror","floor":7.0},{"not_picked":["Finisher","Masterful Stab"],"picked":"Footwork","floor":10.0},{"not_picked":["Slice","Flying Knee","Outmaneuver"],"picked":"SKIP","floor":12.0},{"not_picked":["Slice","Quick Slash"],"picked":"Poisoned Stab","floor":14.0}],"player_experience":957510,"relics_obtained":[{"floor":7.0,"key":"Mummified Hand"},{"floor":9.0,"key":"Darkstone Periapt"},{"floor":12.0,"key":"PreservedInsect"},{"floor":14.0,"key":"Bronze Scales"}],"event_choices":[{"damage_healed":0.0,"max_hp_gain":0.0,"max_hp_loss":0.0,"gold_gain":0.0,"event_name":"Shining Light","player_choice":"Entered Light","floor":2.0,"gold_loss":0.0,"damage_taken":20.0,"cards_upgraded":["Strike_G","Survivor"]},{"damage_healed":16.0,"max_hp_gain":0.0,"max_hp_loss":0.0,"gold_gain":0.0,"event_name":"The Cleric","player_choice":"Healed","floor":4.0,"gold_loss":35.0,"damage_taken":0.0}],"is_beta":false,"boss_relics":[],"items_purged_floors":[11],"is_endless":false,"potions_floor_spawned":[1,5,10,14],"killed_by":"The Guardian","ascension_level":20}