{"gold_per_floor":[110,35,9,9,0,30,30,65,65,65,79,99,99,24,24,101,101,117,136,59,72,91,91,122,65,65,65,65,65],"floor_reached":29,"playtime":1956,"items_purged":["Pain"],"score":473,"play_id":"92a0b642-05d3-4899-9826-02b5bc0fce03","local_time":"20190904133434","is_ascension_mode":true,"campfire_choices":[{"floor":7,"key":"REST"},{"floor":10,"key":"REST"},{"data":"Disarm","floor":15,"key":"SMITH"},{"data":"Rampage","floor":23,"key":"SMITH"}],"neow_cost":"TEN_PERCENT_HP_LOSS","seed_source_timestamp":323941444893400,"circlet_count":0,"master_deck":["AscendersBane","Strike_R+1","Strike_R","Strike_R","Strike_R","Defend_R","Defend_R","Defend_R","Defend_R","Bash+1","Disarm+1","Headbutt","Iron Wave","Armaments","Cleave","Metallicize","Feed","Rampage+1","Shockwave","True Grit","Offering","Metallicize","Battle Trance+1"],"relics":["Burning Blood","FossilizedHelix","Blood Vial","Bag of Marbles","Magic Flower","WarpedTongs","Orrery","Art of War","Gremlin Horn"],"potions_floor_usage":[6,21,29],"damage_taken":[{"damage":2,"enemies":"Jaw Worm","floor":1,"turns":4},{"damage":25,"enemies":"Gremlin Nob","floor":6,"turns":4},{"damage":45,"enemies":"Lagavulin","floor":8,"turns":9},{"damage":4,"enemies":"2 Louse","floor":11,"turns":4},{"damage":0,"enemies":"Cultist","floor":12,"turns":3},{"damage":15,"enemies":"Hexaghost","floor":16,"turns":14},{"damage":0,"enemies":"Chosen","floor":18,"turns":5},{"damage":15,"enemies":"Shell Parasite","floor":19,"turns":9},{"damage":6,"enemies":"Snake Plant","floor":21,"turns":6},{"damage":17,"enemies":"Sentry and Sphere","floor":22,"turns":10},{"damage":52,"enemies":"Slavers","floor":24,"turns":13},{"damage":30,"enemies":"Book of Stabbing","floor":29,"turns":8}],"seed_played":"-552405831026851673","potions_obtained":[{"floor":1,"key":"SkillPotion"},{"floor":19,"key":"Block Potion"},{"floor":22,"key":"Ancient Potion"}],"is_trial":false,"path_per_floor":["M","?","$","?","?","E","R","E","T","R","M","M","?","$","R","B",null,"M","M","$","M","M","R","E","$","T","?","$","E"],"character_chosen":"IRONCLAD","items_purchased":["Headbutt","Metallicize","Weak Potion"],"campfire_rested":2,"item_purchase_floors":[3,20,25],"current_hp_per_floor":[68,68,68,48,48,29,49,12,12,32,40,52,52,52,52,49,63,68,62,62,72,70,70,36,36,36,24,24,0],"gold":65,"neow_bonus":"ONE_RARE_RELIC","is_prod":false,"is_daily":false,"chose_seed":false,"campfire_upgraded":2,"win_rate":0,"timestamp":1567622074,"path_taken":["M","?","$","?","?","E","R","E","T","R","M","?","?","$","R","BOSS","M","?","?","?","M","R","E","$","T","?","?","E"],"build_version":"2019-07-17","purchased_purges":1,"victory":false,"max_hp_per_floor":[68,68,68,68,68,68,68,68,68,68,68,68,68,68,68,68,68,68,68,68,72,76,76,80,80,80,80,80,80],"card_choices":[{"not_picked":["Ghostly Armor","Clothesline"],"picked":"Disarm","floor":1},{"not_picked":["Clash","Clothesline"],"picked":"Iron Wave","floor":6},{"not_picked":["Clash","Searing Blow"],"picked":"Armaments","floor":8},{"not_picked":["Warcry","Twin Strike"],"picked":"Cleave","floor":11},{"not_picked":["Flex","Shockwave"],"picked":"Metallicize","floor":12},{"not_picked":["Exhume","Reaper"],"picked":"Feed","floor":16},{"not_picked":["Thunderclap","Cleave"],"picked":"Rampage","floor":17},{"not_picked":["Wild Strike","Entrench"],"picked":"Shockwave","floor":17},{"not_picked":["Cleave","Armaments"],"picked":"True Grit","floor":17},{"not_picked":["Body Slam+1","Warcry","Cleave"],"picked":"SKIP","floor":18},{"not_picked":["Havoc","Headbutt"],"picked":"Offering","floor":19},{"not_picked":["Wild Strike","Armaments"],"picked":"Battle Trance+1","floor":21},{"not_picked":["Anger","Cleave","Iron Wave"],"picked":"SKIP","floor":22},{"not_picked":["Battle Trance","Iron Wave","Wild Strike"],"picked":"SKIP","floor":24}],"player_experience":823122,"relics_obtained":[{"floor":6,"key":"Blood Vial"},{"floor":8,"key":"Bag of Marbles"},{"floor":9,"key":"Magic Flower"},{"floor":24,"key":"Art of War"},{"floor":26,"key":"Gremlin Horn"}],"event_choices":[{"cards_removed":["Strike_R"],"damage_healed":0,"gold_gain":0,"player_choice":"Card Removal","damage_taken":0,"max_hp_gain":0,"max_hp_loss":0,"event_name":"The Cleric","floor":2,"gold_loss":75},{"damage_healed":0,"gold_gain":0,"player_choice":"Entered Light","damage_taken":20,"max_hp_gain":0,"max_hp_loss":0,"event_name":"Shining Light","floor":4,"gold_loss":0,"cards_upgraded":["Strike_R","Bash"]},{"damage_healed":0,"gold_gain":0,"player_choice":"Left Gold","damage_taken":0,"max_hp_gain":0,"max_hp_loss":0,"event_name":"World of Goop","floor":5,"gold_loss":9},{"damage_healed":0,"gold_gain":0,"player_choice":"Rummage","damage_taken":0,"relics_obtained":["WarpedTongs"],"max_hp_gain":0,"max_hp_loss":0,"event_name":"Accursed Blacksmith","floor":13,"gold_loss":0,"cards_obtained":["Pain"]},{"damage_healed":0,"gold_gain":0,"player_choice":"Damaged","damage_taken":12,"max_hp_gain":0,"max_hp_loss":0,"event_name":"Wheel of Change","floor":27,"gold_loss":0}],"is_beta":false,"boss_relics":[{"not_picked":["White Beast Statue","Eternal Feather"],"picked":"Orrery"}],"items_purged_floors":[14],"is_endless":false,"potions_floor_spawned":[1,19,22],"killed_by":"Book of Stabbing","ascension_level":18}