{"gold_per_floor":[212,229,249,80,99,99,112,112,139,153,153,181,193,50,50,154,154,173,173,6,18,18,18,38,54,54,69,88,88,108,128,128,227,227,242,242,45,45,45,45,75,75,75,95,105,123,134,151,151,151],"floor_reached":50,"playtime":5162,"items_purged":["Strike_G","Strike_G","Strike_G"],"score":480,"play_id":"5ec8755c-dd5e-43ca-80d1-fe175fdcaffe","local_time":"20190826175406","is_ascension_mode":false,"campfire_choices":[{"data":"Flechettes","floor":6,"key":"SMITH"},{"floor":11,"key":"REST"},{"data":"Footwork","floor":15,"key":"SMITH"},{"data":"Flying Knee","floor":23,"key":"SMITH"},{"floor":29,"key":"REST"},{"data":"Deflect","floor":32,"key":"SMITH"},{"floor":40,"key":"REST"},{"floor":42,"key":"REST"},{"floor":49,"key":"REST"}],"neow_cost":"NONE","seed_source_timestamp":1099310206487967,"circlet_count":0,"master_deck":["Defend_G","Defend_G","Defend_G","Defend_G","Defend_G","Survivor+1","Neutralize","Flechettes+1","Deflect","Noxious Fumes","Caltrops","Deflect+1","Backflip+1","Dagger Throw","Acrobatics","Footwork+1","Blade Dance","Die Die Die","Noxious Fumes+1","Caltrops","Flying Knee+1","Escape Plan","Flying Knee","Poisoned Stab+1","Bullet Time","Outmaneuver+1","Burst","Well Laid Plans+1","Acrobatics+1","After Image","Skewer"],"relics":["Ring of the Snake","Dream Catcher","MawBank","Anchor","Cursed Key","Fusion Hammer","Orichalcum"],"potions_floor_usage":[47],"damage_taken":[{"damage":0,"enemies":"Small Slimes","floor":1,"turns":8},{"damage":3,"enemies":"Jaw Worm","floor":2,"turns":3},{"damage":0,"enemies":"Cultist","floor":3,"turns":4},{"damage":9,"enemies":"2 Fungi Beasts","floor":5,"turns":6},{"damage":5,"enemies":"Lots of Slimes","floor":7,"turns":3},{"damage":5,"enemies":"3 Louse","floor":10,"turns":4},{"damage":1,"enemies":"Lagavulin","floor":12,"turns":8},{"damage":15,"enemies":"The Guardian","floor":16,"turns":13},{"damage":0,"enemies":"Chosen","floor":18,"turns":5},{"damage":7,"enemies":"Shell Parasite","floor":21,"turns":5},{"damage":8,"enemies":"Snecko","floor":24,"turns":5},{"damage":11,"enemies":"Chosen and Byrds","floor":25,"turns":6},{"damage":8,"enemies":"Centurion and Healer","floor":27,"turns":5},{"damage":2,"enemies":"Shelled Parasite and Fungi","floor":28,"turns":5},{"damage":0,"enemies":"Snake Plant","floor":30,"turns":4},{"damage":0,"enemies":"Centurion and Healer","floor":31,"turns":5},{"damage":9,"enemies":"Automaton","floor":33,"turns":9},{"damage":18,"enemies":"Orb Walker","floor":35,"turns":4},{"damage":48,"enemies":"Giant Head","floor":41,"turns":10},{"damage":0,"enemies":"3 Shapes","floor":44,"turns":2},{"damage":15,"enemies":"Spire Growth","floor":45,"turns":8},{"damage":0,"enemies":"4 Shapes","floor":46,"turns":3},{"damage":20,"enemies":"Jaw Worm Horde","floor":47,"turns":5},{"damage":3,"enemies":"Maw","floor":48,"turns":10},{"damage":29,"enemies":"Time Eater","floor":50,"turns":5}],"seed_played":"4469218883170936740","potions_obtained":[{"floor":2,"key":"Poison Potion"},{"floor":7,"key":"Explosive Potion"},{"floor":16,"key":"PowerPotion"},{"floor":21,"key":"Dexterity Potion"},{"floor":31,"key":"Energy Potion"}],"is_trial":false,"path_per_floor":["M","M","M","$","M","R","M","?","T","M","R","E","?","$","R","B",null,"M","?","$","M","?","R","M","M","T","M","M","R","M","M","R","B",null,"M","?","$","?","$","R","E","R","T","M","M","M","M","M","R","B"],"character_chosen":"THE_SILENT","items_purchased":["Caltrops","Deflect","Anchor","Caltrops","Burst"],"campfire_rested":5,"item_purchase_floors":[4,4,14,20,37],"current_hp_per_floor":[70,67,67,67,58,58,53,39,39,34,55,54,47,47,47,32,70,70,70,70,63,63,63,55,44,44,36,34,55,55,55,55,46,70,52,52,52,52,52,70,22,43,43,43,28,28,8,5,26,0],"gold":151,"neow_bonus":"HUNDRED_GOLD","is_prod":false,"is_daily":false,"chose_seed":false,"campfire_upgraded":4,"win_rate":0.0,"timestamp":1566834846,"path_taken":["M","M","M","$","M","R","M","?","T","M","R","E","?","$","R","BOSS","M","?","$","M","?","R","M","M","T","M","M","R","M","M","R","BOSS","M","?","$","?","$","R","E","R","T","M","M","M","M","?","R","BOSS"],"build_version":"2019-07-17","purchased_purges":3,"victory":false,"max_hp_per_floor":[70,70,70,70,70,70,70,70,70,70,70,70,70,70,70,70,70,70,70,70,70,70,70,70,70,70,70,70,70,70,70,70,70,70,70,70,70,70,70,70,70,70,70,70,70,70,70,70,70,70],"card_choices":[{"not_picked":["Deflect","Poisoned Stab"],"picked":"Flechettes","floor":1},{"not_picked":["Bane","Finisher"],"picked":"Deflect","floor":2},{"not_picked":["Dodge and Roll","Bane"],"picked":"Noxious Fumes","floor":3},{"not_picked":["Dagger Spray","Dagger Throw"],"picked":"Backflip","floor":5},{"not_picked":["Catalyst","Doppelganger"],"picked":"Dagger Throw","floor":7},{"not_picked":["Finisher","Riddle With Holes"],"picked":"Acrobatics","floor":10},{"not_picked":["Underhanded Strike","PiercingWail"],"picked":"Footwork","floor":11},{"not_picked":["Terror","Expertise"],"picked":"Blade Dance","floor":12},{"not_picked":["After Image","Venomology"],"picked":"Die Die Die","floor":16},{"not_picked":["Poisoned Stab","Blade Dance"],"picked":"Noxious Fumes+1","floor":18},{"not_picked":["Bane","PiercingWail"],"picked":"Flying Knee","floor":21},{"not_picked":["Acrobatics","Prepared","Poisoned Stab"],"picked":"SKIP","floor":24},{"not_picked":["Acrobatics","Malaise"],"picked":"Escape Plan","floor":25},{"not_picked":["Dodge and Roll","Slice"],"picked":"Flying Knee","floor":27},{"not_picked":["Dagger Spray","Dash","Backflip"],"picked":"SKIP","floor":28},{"not_picked":["Blade Dance+1","Dagger Throw"],"picked":"Poisoned Stab+1","floor":30},{"not_picked":["PiercingWail","Distraction","Catalyst"],"picked":"SKIP","floor":31},{"not_picked":["Corpse Explosion","Unload"],"picked":"Bullet Time","floor":33},{"not_picked":["Quick Slash","Slice+1"],"picked":"Outmaneuver+1","floor":35},{"not_picked":["Footwork+1","Blade Dance"],"picked":"Well Laid Plans+1","floor":40},{"not_picked":["Heel Hook+1","Bane","Infinite Blades"],"picked":"SKIP","floor":41},{"not_picked":["Crippling Poison+1","Distraction+1"],"picked":"Acrobatics+1","floor":42},{"not_picked":["Dagger Spray+1","Deflect+1"],"picked":"After Image","floor":44},{"not_picked":["Backflip","Underhanded Strike+1","Reflex"],"picked":"SKIP","floor":45},{"not_picked":["Acrobatics+1","Prepared","PiercingWail"],"picked":"SKIP","floor":46},{"not_picked":["Unload","Crippling Poison+1","Prepared"],"picked":"SKIP","floor":47},{"not_picked":["Underhanded Strike","Eviscerate","Prepared+1"],"picked":"SKIP","floor":48},{"not_picked":["Riddle With Holes","Underhanded Strike+1"],"picked":"Skewer","floor":49}],"player_experience":20217,"relics_obtained":[{"floor":9,"key":"Dream Catcher"},{"floor":12,"key":"MawBank"},{"floor":41,"key":"Orichalcum"}],"event_choices":[{"damage_healed":0,"gold_gain":0,"player_choice":"Entered Light","damage_taken":14,"max_hp_gain":0,"max_hp_loss":0,"event_name":"Shining Light","floor":8,"gold_loss":0,"cards_upgraded":["Survivor","Backflip"]},{"cards_removed":["Strike_G"],"damage_healed":0,"gold_gain":0,"player_choice":"Card Removal","damage_taken":7,"max_hp_gain":0,"max_hp_loss":0,"event_name":"Golden Wing","floor":13,"gold_loss":0},{"damage_healed":0,"gold_gain":0,"player_choice":"Ignored","damage_taken":0,"max_hp_gain":0,"max_hp_loss":0,"event_name":"Ghosts","floor":19,"gold_loss":0},{"cards_removed":["Strike_G"],"damage_healed":0,"gold_gain":0,"player_choice":"Offered Basic","damage_taken":0,"max_hp_gain":0,"max_hp_loss":0,"event_name":"Bonfire Elementals","floor":22,"gold_loss":0},{"damage_healed":0,"gold_gain":0,"player_choice":"Ignored","damage_taken":0,"max_hp_gain":0,"max_hp_loss":0,"event_name":"Tomb of Lord Red Mask","floor":36,"gold_loss":0},{"damage_healed":0,"gold_gain":0,"player_choice":"Ignored","damage_taken":0,"max_hp_gain":0,"max_hp_loss":0,"event_name":"Duplicator","floor":38,"gold_loss":0}],"is_beta":false,"boss_relics":[{"not_picked":["Snecko Eye","Black Star"],"picked":"Cursed Key"},{"not_picked":["Lizard Tail","Eternal Feather"],"picked":"Fusion Hammer"}],"items_purged_floors":[4,20,37],"is_endless":false,"potions_floor_spawned":[2,7,16,21,25,27,31,35,41,45,48],"killed_by":"Time Eater","ascension_level":0}