{"gold_per_floor":[119,139,139,157,157,157,36,70,70,70,70,70,87,106,106,211,211,231,131,230,230,230,230,280,290,317,317,317,192,220,70,70,167,167,180,193,193,193,193,218,231,56,83,101,101,113,123,50,50,50],"floor_reached":51,"playtime":1183,"items_purged":["Strike_R","Strike_R","Strike_R","Defend_R","Entrench"],"score":791,"play_id":"04d5dfd8-8c57-4901-adc0-7caa30cab80e","local_time":"20190814195159","is_ascension_mode":false,"campfire_choices":[{"data":"Searing Blow","floor":6.0,"key":"SMITH"},{"data":"Searing Blow+1","floor":10.0,"key":"SMITH"},{"data":"Searing Blow+2","floor":12.0,"key":"SMITH"},{"data":"Searing Blow+3","floor":15.0,"key":"SMITH"},{"data":"Searing Blow+4","floor":23.0,"key":"SMITH"},{"data":"Searing Blow+5","floor":28.0,"key":"SMITH"},{"data":"Searing Blow+6","floor":32.0,"key":"SMITH"},{"data":"Armaments","floor":49,"key":"SMITH"}],"neow_cost":"NONE","seed_source_timestamp":43633571927263,"circlet_count":0,"master_deck":["Bash","Searing Blow+7","Armaments+1","Metallicize","Rampage","Battle Trance","Searing Blow"],"special_seed":0,"relics":["Burning Blood","NeowsBlessing","Nunchaku","Ginger","Gremlin Horn","Velvet Choker","Happy Flower","Anchor","MutagenicStrength","Darkstone Periapt","Pandora\u0027s Box","Turnip","Orichalcum"],"potions_floor_usage":[],"damage_taken":[{"damage":0.0,"enemies":"Small Slimes","floor":1.0,"turns":1.0},{"damage":0.0,"enemies":"Jaw Worm","floor":2.0,"turns":1.0},{"damage":0.0,"enemies":"Cultist","floor":4.0,"turns":1.0},{"damage":36.0,"enemies":"3 Sentries","floor":8.0,"turns":12.0},{"damage":0.0,"enemies":"Red Slaver","floor":13.0,"turns":5.0},{"damage":7.0,"enemies":"2 Fungi Beasts","floor":14.0,"turns":2.0},{"damage":26.0,"enemies":"Slime Boss","floor":16.0,"turns":8.0},{"damage":0.0,"enemies":"Chosen","floor":18.0,"turns":3.0},{"damage":5.0,"enemies":"Spheric Guardian","floor":25.0,"turns":3.0},{"damage":19.0,"enemies":"Book of Stabbing","floor":30.0,"turns":4.0},{"damage":36.0,"enemies":"Collector","floor":33.0,"turns":4.0},{"damage":3,"enemies":"3 Darklings","floor":35,"turns":5},{"damage":0,"enemies":"Orb Walker","floor":36,"turns":1},{"damage":14,"enemies":"Nemesis","floor":40,"turns":3},{"damage":6,"enemies":"Writhing Mass","floor":41,"turns":2},{"damage":20,"enemies":"Maw","floor":44,"turns":3},{"damage":0,"enemies":"Sphere and 2 Shapes","floor":46,"turns":2},{"damage":0,"enemies":"Transient","floor":47,"turns":5},{"damage":19,"enemies":"Time Eater","floor":50,"turns":3}],"seed_played":"4120474138867551841","potions_obtained":[{"floor":1.0,"key":"SmokeBomb"},{"floor":2.0,"key":"BloodPotion"},{"floor":4.0,"key":"Block Potion"},{"floor":11.0,"key":"FairyPotion"},{"floor":11.0,"key":"Block Potion"},{"floor":11.0,"key":"Explosive Potion"},{"floor":18.0,"key":"Fire Potion"}],"is_trial":false,"path_per_floor":["M","M","?","M","?","R","$","E","T","R","?","R","M","M","R","B",null,"M","$","?","?","?","R","?","M","T","?","R","$","E","$","R","B",null,"M","M","?","?","?","E","M","$","T","M","$","M","M","$","R","B",null],"character_chosen":"IRONCLAD","items_purchased":["Armaments","Searing Blow"],"campfire_rested":0,"item_purchase_floors":[7,48],"current_hp_per_floor":[80,80,68,74,79,79,79,70,70,70,70,70,76,75,75,55,85,85,85,85,85,85,85,85,85,85,85,85,85,72,72,72,42,85,85,85,81,81,81,73,73,73,73,59,59,65,71,71,71,58],"gold":50,"neow_bonus":"THREE_ENEMY_KILL","is_prod":false,"is_daily":false,"chose_seed":false,"campfire_upgraded":8,"win_rate":0,"timestamp":1565826719,"path_taken":["M","M","?","M","?","R","$","E","T","R","?","R","M","?","R","BOSS","M","$","?","?","?","R","?","?","T","?","R","?","E","$","R","BOSS","M","M","?","?","?","E","M","$","T","M","?","M","?","$","R","BOSS"],"build_version":"2019-07-18","purchased_purges":5,"victory":true,"max_hp_per_floor":[80,80,80,80,85,85,85,85,85,85,85,85,85,85,85,85,85,85,85,85,85,85,85,85,85,85,85,85,85,85,85,85,85,85,85,85,81,81,81,81,81,81,81,81,81,81,81,81,81,81],"card_choices":[{"not_picked":["Wild Strike","Spot Weakness","Rupture"],"picked":"SKIP","floor":1.0},{"not_picked":["Warcry","Uppercut","Body Slam"],"picked":"SKIP","floor":2.0},{"not_picked":["Reckless Charge","True Grit"],"picked":"Searing Blow","floor":4.0},{"not_picked":["True Grit","Cleave","Disarm"],"picked":"SKIP","floor":8.0},{"not_picked":["Clash","Headbutt","Rampage"],"picked":"SKIP","floor":13.0},{"not_picked":["Sentinel","Perfected Strike","Rage"],"picked":"SKIP","floor":14.0},{"not_picked":["Sword Boomerang","Iron Wave","Wild Strike+1"],"picked":"SKIP","floor":18.0},{"not_picked":["Flex","Burning Pact+1","Feel No Pain"],"picked":"SKIP","floor":25.0},{"not_picked":["Iron Wave","Pummel+1","Limit Break"],"picked":"SKIP","floor":30.0},{"not_picked":["Pummel","Infernal Blade+1","Headbutt"],"picked":"SKIP","floor":35},{"not_picked":["Feel No Pain","Burning Pact","Pommel Strike"],"picked":"SKIP","floor":36},{"not_picked":["Rampage","Searing Blow","Spot Weakness"],"picked":"SKIP","floor":40},{"not_picked":["Thunderclap","Flex+1","Body Slam+1"],"picked":"SKIP","floor":41},{"not_picked":["Clothesline+1","Second Wind","Shrug It Off+1"],"picked":"SKIP","floor":44},{"not_picked":["Warcry","Clash+1","Pommel Strike"],"picked":"SKIP","floor":46},{"not_picked":["Clothesline+1","Twin Strike+1","Flex+1"],"picked":"SKIP","floor":47}],"player_experience":1010984,"relics_obtained":[{"floor":8.0,"key":"Ginger"},{"floor":9.0,"key":"Gremlin Horn"},{"floor":26.0,"key":"Anchor"},{"floor":30.0,"key":"Darkstone Periapt"},{"floor":40,"key":"Turnip"},{"floor":43,"key":"Orichalcum"}],"event_choices":[{"damage_healed":0.0,"max_hp_gain":0.0,"max_hp_loss":0.0,"gold_gain":0.0,"event_name":"Scrap Ooze","player_choice":"Success","floor":3.0,"gold_loss":0.0,"damage_taken":12.0,"relics_obtained":["Nunchaku"]},{"damage_healed":0.0,"max_hp_gain":5.0,"max_hp_loss":0.0,"gold_gain":0.0,"event_name":"Big Fish","player_choice":"Donut","floor":5.0,"gold_loss":0.0,"damage_taken":0.0},{"damage_healed":0.0,"max_hp_gain":0.0,"max_hp_loss":0.0,"gold_gain":0.0,"event_name":"Lab","player_choice":"Got Potions","floor":11.0,"gold_loss":0.0,"damage_taken":0.0},{"damage_healed":0.0,"max_hp_gain":0.0,"max_hp_loss":0.0,"gold_gain":99.0,"event_name":"Nest","player_choice":"Stole From Cult","floor":20.0,"gold_loss":0.0,"damage_taken":0.0},{"damage_healed":0.0,"max_hp_gain":0.0,"max_hp_loss":0.0,"gold_gain":0.0,"event_name":"The Mausoleum","player_choice":"Opened","floor":21.0,"gold_loss":0.0,"damage_taken":0.0,"relics_obtained":["Happy Flower"]},{"damage_healed":28.0,"max_hp_gain":0.0,"max_hp_loss":0.0,"gold_gain":0.0,"event_name":"The Library","player_choice":"Heal","floor":22.0,"gold_loss":0.0,"damage_taken":0.0},{"damage_healed":0.0,"max_hp_gain":0.0,"max_hp_loss":0.0,"gold_gain":100.0,"event_name":"The Joust","player_choice":"Bet on Murderer","floor":24.0,"gold_loss":50.0,"damage_taken":0.0},{"damage_healed":0.0,"max_hp_gain":0.0,"max_hp_loss":0.0,"gold_gain":0.0,"event_name":"Drug Dealer","player_choice":"Inject Mutagens","floor":27.0,"gold_loss":0.0,"damage_taken":0.0,"relics_obtained":["MutagenicStrength"]},{"damage_healed":0,"gold_gain":0,"player_choice":"Max HP","damage_taken":0,"max_hp_gain":0,"max_hp_loss":4,"event_name":"Winding Halls","floor":37,"gold_loss":0},{"cards_removed":["Demon Form"],"damage_healed":0,"gold_gain":0,"player_choice":"Removed Power","damage_taken":0,"max_hp_gain":0,"max_hp_loss":0,"event_name":"Falling","floor":38,"gold_loss":0},{"damage_healed":0,"gold_gain":0,"player_choice":"Memory 1","damage_taken":0,"max_hp_gain":0,"max_hp_loss":0,"event_name":"SensoryStone","floor":39,"gold_loss":0}],"is_beta":true,"boss_relics":[{"not_picked":["Empty Cage","Busted Crown"],"picked":"Velvet Choker"},{"not_picked":["White Beast Statue","Calling Bell"],"picked":"Pandora\u0027s Box"}],"items_purged_floors":[7,19,29,31,42],"is_endless":false,"potions_floor_spawned":[1,2,4,14,18,30,36,44],"ascension_level":0}