{"gold_per_floor":[111,111,111,111,111,151,151,185,185,204,218,234,247,1,1,91,91,111,11,11,35,35,99,24,24,49,49,49,90,90,35,35,134,134,150,173,298,356,380,380,411,411,483,522,0,0,0,19,19,19,19],"floor_reached":51,"playtime":1848,"items_purged":["Strike_G","Strike_G","Strike_G"],"score":1569,"play_id":"39ea2d06-cf5e-4893-8204-d122c45587e1","local_time":"20190106203027","is_ascension_mode":true,"campfire_choices":[{"data":"Deadly Poison","floor":7.0,"key":"SMITH"},{"data":"Caltrops","floor":15.0,"key":"SMITH"},{"data":"Noxious Fumes","floor":25.0,"key":"SMITH"},{"floor":27.0,"key":"REST"},{"floor":32.0,"key":"REST"},{"floor":40.0,"key":"REST"},{"data":"Footwork","floor":42.0,"key":"SMITH"},{"data":"Footwork","floor":47.0,"key":"SMITH"},{"data":"PiercingWail","floor":49.0,"key":"SMITH"}],"neow_cost":"NONE","seed_source_timestamp":0,"circlet_count":0,"master_deck":["AscendersBane","Defend_G","Defend_G","Defend_G","Defend_G","Strike_G+1","Survivor","Neutralize+1","Deadly Poison+1","Dodge and Roll","Poisoned Stab","Backstab","Poisoned Stab","Caltrops+1","PiercingWail","Corpse Explosion","Unload","PiercingWail+1","Noxious Fumes+1","Footwork+1","PiercingWail","Adrenaline","Catalyst+1","Backstab","Corpse Explosion","PiercingWail+1","Footwork+1","Dodge and Roll+1","Dodge and Roll"],"special_seed":0,"relics":["Ring of the Snake","NeowsBlessing","Golden Idol","Blue Candle","Bag of Preparation","Centennial Puzzle","Sozu","Darkstone Periapt","Tiny Chest","Juzu Bracelet","Paper Crane","Orrery","Thread and Needle","Bird Faced Urn","Sundial","Kunai","Gremlin Horn","FossilizedHelix"],"potions_floor_usage":[],"damage_taken":[{"damage":0.0,"enemies":"Small Slimes","floor":1.0,"turns":1.0},{"damage":0.0,"enemies":"Gremlin Nob","floor":6.0,"turns":1.0},{"damage":0.0,"enemies":"3 Sentries","floor":8.0,"turns":2.0},{"damage":0.0,"enemies":"2 Louse","floor":10.0,"turns":3.0},{"damage":0.0,"enemies":"Jaw Worm","floor":11.0,"turns":2.0},{"damage":0.0,"enemies":"Lots of Slimes","floor":12.0,"turns":1.0},{"damage":0.0,"enemies":"3 Louse","floor":13.0,"turns":3.0},{"damage":4.0,"enemies":"Hexaghost","floor":16.0,"turns":7.0},{"damage":7.0,"enemies":"Shell Parasite","floor":18.0,"turns":5.0},{"damage":17.0,"enemies":"Chosen","floor":21.0,"turns":4.0},{"damage":11.0,"enemies":"Gremlin Leader","floor":23.0,"turns":6.0},{"damage":6.0,"enemies":"Slavers","floor":29.0,"turns":3.0},{"damage":46.0,"enemies":"Automaton","floor":33.0,"turns":11.0},{"damage":1.0,"enemies":"3 Shapes","floor":35.0,"turns":3.0},{"damage":1.0,"enemies":"Orb Walker","floor":36.0,"turns":3.0},{"damage":1.0,"enemies":"Mind Bloom Boss Battle","floor":37.0,"turns":5.0},{"damage":13.0,"enemies":"2 Orb Walkers","floor":38.0,"turns":3.0},{"damage":5.0,"enemies":"Writhing Mass","floor":39.0,"turns":5.0},{"damage":11.0,"enemies":"Nemesis","floor":41.0,"turns":7.0},{"damage":11.0,"enemies":"Reptomancer","floor":44.0,"turns":6.0},{"damage":0.0,"enemies":"Jaw Worm Horde","floor":48.0,"turns":1.0},{"damage":38.0,"enemies":"Time Eater","floor":50.0,"turns":15.0},{"damage":28,"enemies":"Awakened One","floor":51,"turns":14}],"seed_played":"-7088705360396811212","potions_obtained":[{"floor":1.0,"key":"Dexterity Potion"},{"floor":6.0,"key":"FearPotion"},{"floor":8.0,"key":"Explosive Potion"},{"floor":16.0,"key":"Strength Potion"}],"is_trial":false,"path_per_floor":["M","?","?","?","?","E","R","E","T","M","M","M","M","$","R","B",null,"M","$","T","M","?","E","?","R","T","R","?","E","?","$","R","B",null,"M","M","?","?","M","R","E","R","T","E","$","?","R","M","R","B","B"],"character_chosen":"THE_SILENT","items_purchased":["Corpse Explosion","PiercingWail","FossilizedHelix","Dodge and Roll"],"campfire_rested":3,"item_purchase_floors":[14,31,45,45],"current_hp_per_floor":[59,39,39,44,37,37,37,37,37,37,37,37,37,37,37,33,57,50,50,50,33,33,22,22,22,22,41,41,35,35,35,54,8,51,50,49,48,35,38,57,54,54,54,51,51,51,51,51,51,21,0],"gold":19,"neow_bonus":"THREE_ENEMY_KILL","is_prod":false,"is_daily":false,"chose_seed":false,"campfire_upgraded":6,"win_rate":0,"timestamp":1546824627,"path_taken":["M","?","?","?","?","E","R","E","T","M","?","M","M","$","R","BOSS","M","$","?","M","?","E","?","R","T","R","?","E","?","?","R","BOSS","M","M","?","?","M","R","E","R","T","E","$","?","R","M","R","BOSS","BOSS"],"build_version":"2019-01-03v4","purchased_purges":3,"victory":false,"max_hp_per_floor":[66,66,60,65,65,65,65,65,65,65,65,65,65,65,65,65,65,65,65,65,65,65,65,65,65,65,65,65,65,65,65,65,65,65,65,65,65,65,65,65,65,65,65,65,65,62,62,62,62,62,62],"card_choices":[{"not_picked":["Flying Knee","Cloak And Dagger"],"picked":"Deadly Poison","floor":1.0},{"not_picked":["Underhanded Strike","Finisher"],"picked":"Dodge and Roll","floor":6.0},{"not_picked":["Underhanded Strike","Deflect"],"picked":"Poisoned Stab","floor":8.0},{"not_picked":["Quick Slash","Poisoned Stab"],"picked":"Backstab","floor":10.0},{"not_picked":["Doppelganger","Deflect"],"picked":"Poisoned Stab","floor":11.0},{"not_picked":["Blur","Heel Hook"],"picked":"Caltrops","floor":12.0},{"not_picked":["Flying Knee","Acrobatics"],"picked":"PiercingWail","floor":13.0},{"not_picked":["Bullet Time","After Image"],"picked":"Unload","floor":16.0},{"not_picked":["Prepared","Skewer+1"],"picked":"PiercingWail","floor":18.0},{"not_picked":["Concentrate","Flying Knee"],"picked":"Noxious Fumes","floor":21.0},{"not_picked":["Deadly Poison","Quick Slash","Dodge and Roll"],"picked":"SKIP","floor":23.0},{"not_picked":["Dagger Throw","Cloak And Dagger","Underhanded Strike"],"picked":"SKIP","floor":29.0},{"not_picked":["A Thousand Cuts","Unload"],"picked":"Adrenaline","floor":33.0},{"not_picked":["Dagger Throw","Outmaneuver"],"picked":"Catalyst+1","floor":34.0},{"not_picked":["Quick Slash","Reflex"],"picked":"Backstab","floor":34.0},{"not_picked":["Dodge and Roll","PiercingWail"],"picked":"Corpse Explosion","floor":34.0},{"not_picked":["Setup","Quick Slash","Finisher"],"picked":"SKIP","floor":35.0},{"not_picked":["Calculated Gamble+1","Quick Slash"],"picked":"PiercingWail+1","floor":36.0},{"not_picked":["Deadly Poison","Dodge and Roll+1"],"picked":"Footwork","floor":38.0},{"not_picked":["Dagger Spray","Tactician+1","Skewer"],"picked":"SKIP","floor":39.0},{"not_picked":["After Image","Heel Hook"],"picked":"Dodge and Roll+1","floor":41.0},{"not_picked":["Underhanded Strike","Flying Knee","Heel Hook"],"picked":"SKIP","floor":44.0},{"not_picked":["Dagger Spray+1","Concentrate","Slice+1"],"picked":"SKIP","floor":48.0}],"player_experience":899566,"relics_obtained":[{"floor":6.0,"key":"Blue Candle"},{"floor":8.0,"key":"Bag of Preparation"},{"floor":9.0,"key":"Centennial Puzzle"},{"floor":20.0,"key":"Darkstone Periapt"},{"floor":23.0,"key":"Tiny Chest"},{"floor":26.0,"key":"Juzu Bracelet"},{"floor":29.0,"key":"Paper Crane"},{"floor":37.0,"key":"Thread and Needle"},{"floor":38.0,"key":"Bird Faced Urn"},{"floor":41.0,"key":"Sundial"},{"floor":43.0,"key":"Kunai"},{"floor":44.0,"key":"Gremlin Horn"}],"event_choices":[{"damage_healed":0.0,"max_hp_gain":0.0,"max_hp_loss":0.0,"gold_gain":0.0,"event_name":"Shining Light","player_choice":"Entered Light","floor":2.0,"gold_loss":0.0,"damage_taken":20.0,"cards_upgraded":["Strike_G","Neutralize"]},{"damage_healed":0.0,"max_hp_gain":0.0,"max_hp_loss":6.0,"gold_gain":0.0,"event_name":"Golden Idol","player_choice":"Lose Max HP","floor":3.0,"gold_loss":0.0,"damage_taken":0.0,"relics_obtained":["Golden Idol"]},{"damage_healed":0.0,"max_hp_gain":5.0,"max_hp_loss":0.0,"gold_gain":0.0,"event_name":"Big Fish","player_choice":"Donut","floor":4.0,"gold_loss":0.0,"damage_taken":0.0},{"cards_removed":["Strike_G"],"damage_healed":0.0,"max_hp_gain":0.0,"max_hp_loss":0.0,"gold_gain":0.0,"event_name":"Golden Wing","player_choice":"Card Removal","floor":5.0,"gold_loss":0.0,"damage_taken":7.0},{"damage_healed":0.0,"max_hp_gain":0.0,"max_hp_loss":0.0,"gold_gain":0.0,"event_name":"Vampires","player_choice":"Ignored","floor":22.0,"gold_loss":0.0,"damage_taken":0.0},{"cards_removed":["Defend_G"],"damage_healed":0.0,"max_hp_gain":0.0,"max_hp_loss":0.0,"gold_gain":0.0,"event_name":"Beggar","player_choice":"Gave Gold","floor":24.0,"gold_loss":75.0,"damage_taken":0.0},{"damage_healed":0.0,"max_hp_gain":0.0,"max_hp_loss":0.0,"gold_gain":0.0,"event_name":"The Library","player_choice":"Read","floor":30.0,"gold_loss":0.0,"damage_taken":0.0,"cards_obtained":["Footwork"]},{"damage_healed":0.0,"max_hp_gain":0.0,"max_hp_loss":0.0,"gold_gain":0.0,"event_name":"MindBloom","player_choice":"Fight","floor":37.0,"gold_loss":0.0,"damage_taken":0.0},{"damage_healed":0.0,"max_hp_gain":0.0,"max_hp_loss":0.0,"gold_gain":0.0,"event_name":"Mysterious Sphere","player_choice":"Fight","floor":38.0,"gold_loss":0.0,"damage_taken":0.0},{"damage_healed":0.0,"max_hp_gain":0.0,"max_hp_loss":3.0,"gold_gain":0.0,"event_name":"Winding Halls","player_choice":"Max HP","floor":46.0,"gold_loss":0.0,"damage_taken":0.0}],"is_beta":true,"boss_relics":[{"not_picked":["Velvet Choker","Black Star"],"picked":"Sozu"},{"not_picked":["Lizard Tail","White Beast Statue"],"picked":"Orrery"}],"items_purged_floors":[14,19,45],"is_endless":false,"potions_floor_spawned":[1,6,8,11,16,18,21,36,39,44,48],"killed_by":"Awakened One","ascension_level":20}