{"gold_per_floor":[111,111,127,50,65,65,94,8,33,88,88,106,106,135,135,206,206,225,150,163,178,178,209,219,245,245,262,262,262,262,292,292,367,367,378,378,391,391],"floor_reached":38,"playtime":1137,"items_purged":["Strike_R"],"score":1104,"play_id":"8214e933-dde9-4611-ba16-9d639217298d","local_time":"20190606161859","is_ascension_mode":true,"campfire_choices":[{"data":"Clothesline","floor":6.0,"key":"SMITH"},{"data":"Carnage","floor":11.0,"key":"SMITH"},{"data":"Immolate","floor":13.0,"key":"SMITH"},{"data":"Bash","floor":15.0,"key":"SMITH"},{"floor":28.0,"key":"REST"},{"floor":30.0,"key":"REST"},{"floor":32.0,"key":"RECALL"}],"neow_cost":"NONE","seed_source_timestamp":175018941108038,"circlet_count":0,"master_deck":["AscendersBane","Strike_R","Strike_R","Strike_R","Strike_R","Defend_R","Defend_R","Defend_R","Defend_R","Bash+1","Sword Boomerang","Clothesline+1","Carnage+1","Cleave","Iron Wave","Offering","Shrug It Off","Immolate+1","Battle Trance","Double Tap","Thunderclap","Headbutt+1","Limit Break","Necronomicurse","Heavy Blade","Offering"],"special_seed":0,"relics":["Burning Blood","PreservedInsect","Oddly Smooth Stone","Tiny Chest","Dream Catcher","Fusion Hammer","Orichalcum","Shuriken","Bronze Scales","Necronomicon","Paper Frog","Runic Dome"],"potions_floor_usage":[38],"damage_taken":[{"damage":12.0,"enemies":"Cultist","floor":1.0,"turns":5.0},{"damage":12.0,"enemies":"Jaw Worm","floor":3.0,"turns":5.0},{"damage":2.0,"enemies":"2 Louse","floor":5.0,"turns":2.0},{"damage":30.0,"enemies":"3 Sentries","floor":7.0,"turns":6.0},{"damage":11.0,"enemies":"Gremlin Nob","floor":10.0,"turns":3.0},{"damage":2.0,"enemies":"Looter","floor":12.0,"turns":4.0},{"damage":0.0,"enemies":"3 Sentries","floor":14.0,"turns":2.0},{"damage":6.0,"enemies":"Slime Boss","floor":16.0,"turns":6.0},{"damage":6.0,"enemies":"Spheric Guardian","floor":18.0,"turns":2.0},{"damage":6.0,"enemies":"Chosen","floor":20.0,"turns":2.0},{"damage":6.0,"enemies":"3 Cultists","floor":21.0,"turns":3.0},{"damage":6.0,"enemies":"Gremlin Leader","floor":23.0,"turns":3.0},{"damage":6.0,"enemies":"Cultist and Chosen","floor":24.0,"turns":3.0},{"damage":26.0,"enemies":"Book of Stabbing","floor":25.0,"turns":4.0},{"damage":23.0,"enemies":"Centurion and Healer","floor":27.0,"turns":2.0},{"damage":15.0,"enemies":"Slavers","floor":31.0,"turns":2.0},{"damage":24.0,"enemies":"Automaton","floor":33.0,"turns":4.0},{"damage":8.0,"enemies":"Orb Walker","floor":35.0,"turns":2.0},{"damage":26,"enemies":"3 Shapes","floor":37,"turns":2},{"damage":52,"enemies":"Jaw Worm Horde","floor":38,"turns":3}],"seed_played":"5919587788362087577","potions_obtained":[{"floor":0.0,"key":"Fruit Juice"},{"floor":0.0,"key":"Weak Potion"},{"floor":0.0,"key":"Weak Potion"},{"floor":1.0,"key":"FearPotion"},{"floor":3.0,"key":"Poison Potion"},{"floor":10.0,"key":"PowerPotion"},{"floor":16.0,"key":"BloodPotion"},{"floor":25.0,"key":"PowerPotion"},{"floor":33.0,"key":"PowerPotion"}],"is_trial":false,"path_per_floor":["M","?","M","$","M","R","E","$","T","E","R","M","R","E","R","B",null,"M","$","M","M","?","E","M","E","T","M","R","?","R","E","R","B",null,"M","?","M","M"],"character_chosen":"IRONCLAD","items_purchased":["Carnage","Offering"],"campfire_rested":2,"item_purchase_floors":[4,8],"current_hp_per_floor":[67,67,61,61,65,65,41,41,41,36,36,40,40,46,46,46,72,72,72,72,72,72,72,72,72,72,55,79,58,80,71,71,53,73,71,71,51,0],"gold":391,"neow_bonus":"THREE_SMALL_POTIONS","is_prod":false,"is_daily":false,"chose_seed":false,"campfire_upgraded":4,"win_rate":0,"timestamp":1559852339,"path_taken":["M","?","M","?","M","R","E","$","T","E","R","M","R","E","R","BOSS","M","$","M","M","?","E","M","E","T","M","R","?","R","E","R","BOSS","M","?","M","M"],"build_version":"2019-06-05","purchased_purges":1,"victory":false,"max_hp_per_floor":[80,80,80,80,80,80,80,80,80,80,80,80,80,80,80,80,80,80,80,80,80,80,80,80,80,80,80,80,80,80,80,80,80,80,80,76,76,76],"card_choices":[{"not_picked":["Wild Strike","Heavy Blade"],"picked":"Sword Boomerang","floor":1.0},{"not_picked":["Shrug It Off","Entrench"],"picked":"Clothesline","floor":3.0},{"not_picked":["Clash","True Grit"],"picked":"Cleave","floor":5.0},{"not_picked":["Heavy Blade","Feel No Pain"],"picked":"Iron Wave","floor":7.0},{"not_picked":["Ghostly Armor","Iron Wave"],"picked":"Shrug It Off","floor":10.0},{"not_picked":["Uppercut","Flex"],"picked":"Immolate","floor":12.0},{"not_picked":["Shrug It Off","Second Wind"],"picked":"Battle Trance","floor":14.0},{"not_picked":["Limit Break","Berserk"],"picked":"Double Tap","floor":16.0},{"not_picked":["Hemokinesis","Warcry"],"picked":"Thunderclap","floor":18.0},{"not_picked":["Warcry","Rage","Havoc"],"picked":"SKIP","floor":20.0},{"not_picked":["Pommel Strike","Thunderclap+1","Infernal Blade"],"picked":"SKIP","floor":21.0},{"not_picked":["Shrug It Off","Thunderclap"],"picked":"Headbutt+1","floor":23.0},{"not_picked":["Seeing Red","Entrench","Wild Strike+1"],"picked":"SKIP","floor":24.0},{"not_picked":["Thunderclap","Limit Break","Second Wind"],"picked":"SKIP","floor":25.0},{"not_picked":["Thunderclap","Second Wind"],"picked":"Limit Break","floor":25.0},{"not_picked":["Shrug It Off","Flex","Power Through+1"],"picked":"SKIP","floor":27.0},{"not_picked":["Infernal Blade+1","Armaments"],"picked":"Heavy Blade","floor":30.0},{"not_picked":["Searing Blow","Headbutt","Pommel Strike"],"picked":"SKIP","floor":31.0},{"not_picked":["Bludgeon","Feed"],"picked":"Offering","floor":33.0},{"not_picked":["Clash","Wild Strike","Twin Strike"],"picked":"SKIP","floor":35},{"not_picked":["Heavy Blade+1","Feel No Pain","Flex+1"],"picked":"SKIP","floor":37}],"player_experience":986497,"relics_obtained":[{"floor":7.0,"key":"PreservedInsect"},{"floor":9.0,"key":"Oddly Smooth Stone"},{"floor":10.0,"key":"Tiny Chest"},{"floor":14.0,"key":"Dream Catcher"},{"floor":23.0,"key":"Orichalcum"},{"floor":25.0,"key":"Shuriken"},{"floor":26.0,"key":"Bronze Scales"},{"floor":29.0,"key":"Necronomicon"},{"floor":31.0,"key":"Paper Frog"}],"event_choices":[{"damage_healed":0.0,"max_hp_gain":0.0,"max_hp_loss":0.0,"gold_gain":0.0,"event_name":"Lab","player_choice":"Got Potions","floor":2.0,"gold_loss":0.0,"damage_taken":0.0},{"damage_healed":0.0,"max_hp_gain":0.0,"max_hp_loss":0.0,"gold_gain":0.0,"event_name":"Vampires","player_choice":"Ignored","floor":22.0,"gold_loss":0.0,"damage_taken":0.0},{"damage_healed":0.0,"max_hp_gain":0.0,"max_hp_loss":0.0,"gold_gain":0.0,"event_name":"Cursed Tome","player_choice":"Obtained Book","floor":29.0,"gold_loss":0.0,"damage_taken":21.0},{"damage_healed":0,"gold_gain":0,"player_choice":"Max HP","damage_taken":0,"max_hp_gain":0,"max_hp_loss":4,"event_name":"Winding Halls","floor":36,"gold_loss":0}],"is_beta":true,"boss_relics":[{"not_picked":["Ectoplasm","Snecko Eye"],"picked":"Fusion Hammer"},{"not_picked":["Black Star","Runic Cube"],"picked":"Runic Dome"}],"items_purged_floors":[19],"is_endless":false,"potions_floor_spawned":[1,3,10,16,20,21,25,33,35],"killed_by":"Jaw Worm Horde","ascension_level":20}