{"gold_per_floor":[112,112,124,124,49,84,84,119,170,170,183,183,211,221,221,323,323,335,345,345,345,197,228,239,272,272,272,272,306,17,28,28,123,173,192,192,207,207,167,200,200,212,266,266,266,281,300,311,311,311],"floor_reached":51,"playtime":2882,"items_purged":["Strike_B"],"score":867,"play_id":"f553977b-b204-4bce-bc08-6da20d4d70a3","local_time":"20190904081953","is_ascension_mode":true,"campfire_choices":[{"data":"Zap","floor":7.0,"key":"SMITH"},{"data":"Dualcast","floor":12.0,"key":"SMITH"},{"floor":15.0,"key":"REST"},{"data":"Hologram","floor":28.0,"key":"SMITH"},{"floor":32.0,"key":"REST"},{"floor":41.0,"key":"REST"},{"floor":44.0,"key":"REST"},{"data":"FTL","floor":49,"key":"SMITH"}],"neow_cost":"NONE","seed_source_timestamp":0,"circlet_count":0,"master_deck":["Defend_B+1","Defend_B+1","Zap+1","Dualcast+1","Gash+1","Gash","FTL+1","Leap","Sweeping Beam+1","Hologram+1","Defragment+1","Leap+1","Fusion+1","Rebound+1","Self Repair+1","All For One+1","Doom and Gloom+1","Streamline+1","FTL+1","Conserve Battery+1","Reprogram+1","Amplify+1","Hologram+1","Conserve Battery+1","Lockon+1","Steam+1","Madness+1","Madness+1","Beam Cell+1"],"special_seed":0,"relics":["Cracked Core","Pen Nib","WarpedTongs","Art of War","Molten Egg 2","Happy Flower","Darkstone Periapt","Astrolabe","Enchiridion","Bag of Preparation","Symbiotic Virus","Toxic Egg 2","Cables","DataDisk","FossilizedHelix","Tiny House","Anchor"],"potions_floor_usage":[],"damage_taken":[{"damage":1.0,"enemies":"Jaw Worm","floor":1.0,"turns":3.0},{"damage":5.0,"enemies":"Cultist","floor":3.0,"turns":3.0},{"damage":6.0,"enemies":"3 Sentries","floor":6.0,"turns":6.0},{"damage":15.0,"enemies":"Lagavulin","floor":8.0,"turns":5.0},{"damage":0.0,"enemies":"2 Louse","floor":11.0,"turns":2.0},{"damage":19.0,"enemies":"Gremlin Nob","floor":13.0,"turns":4.0},{"damage":5.0,"enemies":"Large Slime","floor":14.0,"turns":4.0},{"damage":0.0,"enemies":"Slime Boss","floor":16.0,"turns":6.0},{"damage":2.0,"enemies":"Shell Parasite","floor":18.0,"turns":5.0},{"damage":0.0,"enemies":"Chosen","floor":19.0,"turns":4.0},{"damage":22.0,"enemies":"Slavers","floor":23.0,"turns":3.0},{"damage":20.0,"enemies":"Centurion and Healer","floor":24.0,"turns":3.0},{"damage":21.0,"enemies":"Book of Stabbing","floor":25.0,"turns":3.0},{"damage":20.0,"enemies":"Slavers","floor":29.0,"turns":3.0},{"damage":0.0,"enemies":"Chosen and Byrds","floor":31.0,"turns":2.0},{"damage":7.0,"enemies":"Automaton","floor":33.0,"turns":5.0},{"damage":0.0,"enemies":"3 Darklings","floor":35.0,"turns":2.0},{"damage":0.0,"enemies":"3 Shapes","floor":37.0,"turns":2.0},{"damage":74.0,"enemies":"Nemesis","floor":40.0,"turns":7.0},{"damage":0.0,"enemies":"3 Darklings","floor":42.0,"turns":3.0},{"damage":0.0,"enemies":"Spire Growth","floor":46.0,"turns":4.0},{"damage":0,"enemies":"Transient","floor":47,"turns":5},{"damage":0,"enemies":"Maw","floor":48,"turns":5},{"damage":3,"enemies":"Awakened One","floor":50,"turns":8}],"seed_played":"-6549758615959323697","potions_obtained":[{"floor":6.0,"key":"Regen Potion"},{"floor":8.0,"key":"SpeedPotion"},{"floor":10.0,"key":"Explosive Potion"},{"floor":16.0,"key":"Explosive Potion"},{"floor":31.0,"key":"Dexterity Potion"},{"floor":33.0,"key":"SkillPotion"},{"floor":34.0,"key":"EntropicBrew"},{"floor":40.0,"key":"Weak Potion"}],"is_trial":false,"path_per_floor":["M","?","M","?","$","E","R","E","T","?","M","R","E","M","R","B",null,"M","M","?","?","$","E","M","E","T","?","R","E","$","M","R","B",null,"M","?","M","?","?","E","R","M","T","R","?","M","M","M","R","B",null],"character_chosen":"DEFECT","items_purchased":["Bag of Preparation","FossilizedHelix"],"campfire_rested":4,"item_purchase_floors":[22,30],"current_hp_per_floor":[74,74,69,62,62,56,56,41,41,41,41,41,22,17,39,39,75,73,73,73,57,57,54,44,33,33,33,33,23,23,23,45,48,80,80,80,80,80,80,16,40,40,40,64,54,64,74,80,80,80],"gold":311,"neow_bonus":"RANDOM_COMMON_RELIC","is_prod":false,"is_daily":false,"chose_seed":false,"campfire_upgraded":4,"win_rate":0,"timestamp":1567574393,"path_taken":["M","?","?","?","$","E","R","E","T","?","M","R","E","?","R","BOSS","M","M","?","?","$","E","?","E","T","?","R","E","$","M","R","BOSS","M","?","?","?","?","E","R","?","T","R","?","M","M","M","R","BOSS"],"build_version":"2019-07-17","purchased_purges":1,"victory":true,"max_hp_per_floor":[75,75,75,75,75,75,75,75,75,75,75,75,75,75,75,75,75,75,75,75,75,75,75,75,75,75,75,75,75,75,75,75,75,80,80,80,80,80,80,80,80,80,80,80,80,80,80,80,80,80],"card_choices":[{"not_picked":["Compile Driver","Turbo"],"picked":"Gash","floor":1.0},{"not_picked":["Stack","Force Field"],"picked":"Gash","floor":3.0},{"not_picked":["Rip and Tear","Aggregate"],"picked":"FTL","floor":6.0},{"not_picked":["Consume","Redo"],"picked":"Leap","floor":8.0},{"not_picked":["Aggregate","Stack","Chaos"],"picked":"SKIP","floor":11.0},{"not_picked":["Conserve Battery","Melter+1"],"picked":"Sweeping Beam+1","floor":13.0},{"not_picked":["White Noise","Static Discharge"],"picked":"Hologram","floor":14.0},{"not_picked":["Thunder Strike+1","Biased Cognition"],"picked":"Rainbow","floor":16.0},{"not_picked":["Hologram+1","Turbo"],"picked":"Rebound+1","floor":18.0},{"not_picked":["Conserve Battery+1","Reprogram"],"picked":"Self Repair+1","floor":19.0},{"not_picked":["Undo+1","Turbo+1"],"picked":"Streamline+1","floor":23.0},{"not_picked":["Ball Lightning+1","Rip and Tear+1"],"picked":"FTL+1","floor":24.0},{"not_picked":["Cold Snap+1","Recycle"],"picked":"Conserve Battery","floor":25.0},{"not_picked":["Streamline+1","Tempest+1"],"picked":"Biased Cognition","floor":29.0},{"not_picked":["Stack+1","Streamline+1"],"picked":"Reprogram+1","floor":31.0},{"not_picked":["Hyperbeam+1","Electrodynamics"],"picked":"Amplify+1","floor":33.0},{"not_picked":["Coolheaded+1","Barrage+1"],"picked":"Hologram+1","floor":34.0},{"not_picked":["Redo+1","Coolheaded+1"],"picked":"Conserve Battery+1","floor":35.0},{"not_picked":["Turbo+1","Scrape+1"],"picked":"Steam+1","floor":37.0},{"not_picked":["Rebound+1","Leap+1","Chaos+1"],"picked":"SKIP","floor":40.0},{"not_picked":["Heatsinks","Stack+1","Chaos+1"],"picked":"SKIP","floor":42.0},{"not_picked":["Doom and Gloom+1","Reprogram+1","Conserve Battery+1"],"picked":"SKIP","floor":46.0},{"not_picked":["Reprogram+1","Tempest+1","Ball Lightning+1"],"picked":"SKIP","floor":47},{"not_picked":["Streamline+1","Glacier+1"],"picked":"Beam Cell+1","floor":48}],"player_experience":254411,"relics_obtained":[{"floor":6.0,"key":"Art of War"},{"floor":8.0,"key":"Molten Egg 2"},{"floor":9.0,"key":"Happy Flower"},{"floor":13.0,"key":"Darkstone Periapt"},{"floor":21.0,"key":"Enchiridion"},{"floor":23.0,"key":"Symbiotic Virus"},{"floor":25.0,"key":"Toxic Egg 2"},{"floor":26.0,"key":"Cables"},{"floor":29.0,"key":"DataDisk"},{"floor":40.0,"key":"Anchor"}],"event_choices":[{"damage_healed":0.0,"max_hp_gain":0.0,"max_hp_loss":0.0,"gold_gain":0.0,"event_name":"Accursed Blacksmith","player_choice":"Rummage","floor":2.0,"gold_loss":0.0,"damage_taken":0.0,"relics_obtained":["WarpedTongs"],"cards_obtained":["Pain"]},{"cards_removed":["Pain"],"damage_healed":0.0,"max_hp_gain":0.0,"max_hp_loss":0.0,"gold_gain":0.0,"event_name":"Golden Wing","player_choice":"Card Removal","floor":4.0,"gold_loss":0.0,"damage_taken":7.0},{"damage_healed":0.0,"max_hp_gain":0.0,"max_hp_loss":0.0,"gold_gain":0.0,"event_name":"Lab","player_choice":"Got Potions","floor":10.0,"gold_loss":0.0,"damage_taken":0.0},{"damage_healed":0.0,"max_hp_gain":0.0,"max_hp_loss":0.0,"gold_gain":0.0,"cards_transformed":["Rainbow","Defend_B"],"event_name":"Drug Dealer","player_choice":"Became Test Subject","floor":20.0,"gold_loss":0.0,"damage_taken":0.0,"cards_obtained":["All For One","Doom and Gloom"]},{"damage_healed":0.0,"max_hp_gain":0.0,"max_hp_loss":0.0,"gold_gain":0.0,"event_name":"Cursed Tome","player_choice":"Obtained Book","floor":21.0,"gold_loss":0.0,"damage_taken":16.0},{"damage_healed":0.0,"max_hp_gain":0.0,"max_hp_loss":0.0,"gold_gain":0.0,"event_name":"Beggar","player_choice":"Ignored","floor":27.0,"gold_loss":0.0,"damage_taken":0.0},{"damage_healed":0.0,"max_hp_gain":0.0,"max_hp_loss":0.0,"gold_gain":0.0,"cards_transformed":["Defend_B"],"event_name":"Transmorgrifier","player_choice":"Transformed","floor":36.0,"gold_loss":0.0,"damage_taken":0.0,"cards_obtained":["Lockon"]},{"cards_removed":["Biased Cognition"],"damage_healed":0.0,"max_hp_gain":0.0,"max_hp_loss":0.0,"gold_gain":0.0,"event_name":"Falling","player_choice":"Removed Power","floor":38.0,"gold_loss":0.0,"damage_taken":0.0},{"damage_healed":0.0,"max_hp_gain":0.0,"max_hp_loss":0.0,"gold_gain":0.0,"event_name":"Designer","player_choice":"Upgraded Two","floor":39.0,"gold_loss":40.0,"damage_taken":0.0,"cards_upgraded":["Gash","Defend_B"]},{"damage_healed":0.0,"max_hp_gain":0.0,"max_hp_loss":0.0,"gold_gain":0.0,"event_name":"Winding Halls","player_choice":"Embrace Madness","floor":45.0,"gold_loss":0.0,"damage_taken":10.0,"cards_obtained":["Madness","Madness"]}],"is_beta":false,"boss_relics":[{"not_picked":["Black Star","Lizard Tail"],"picked":"Astrolabe"},{"not_picked":["Runic Dome","Orrery"],"picked":"Tiny House"}],"items_purged_floors":[5],"is_endless":false,"potions_floor_spawned":[6,8,11,13,16,19,31,33,40,47],"ascension_level":1}