{"gold_per_floor":[116,116,135,135,149,149,176,176,176,206,206,231,251,66,66,140,140,160,160,140,153,168,168],"floor_reached":23,"playtime":1174,"items_purged":[],"score":448,"play_id":"30b89812-0006-4669-acd6-66dc69b7bade","local_time":"20190729122758","is_ascension_mode":true,"campfire_choices":[{"data":"All Out Attack","floor":6.0,"key":"SMITH"},{"floor":8.0,"key":"REST"},{"data":"Footwork","floor":11.0,"key":"SMITH"},{"data":"Noxious Fumes","floor":15.0,"key":"SMITH"}],"neow_cost":"NONE","seed_source_timestamp":669092687294602,"circlet_count":0,"master_deck":["AscendersBane","Strike_G","Strike_G","Strike_G","Strike_G","Strike_G","Defend_G","Defend_G+1","Defend_G","Defend_G","Defend_G+1","Survivor","Neutralize+1","All Out Attack+1","Blade Dance","Masterful Stab","Footwork+1","Quick Slash","Poisoned Stab","Noxious Fumes+1","Leg Sweep","PiercingWail","Glass Knife","Bouncing Flask"],"special_seed":0,"relics":["Ring of the Snake","Dead Branch","War Paint","Pocketwatch","Matryoshka","Odd Mushroom","Snecko Eye","MutagenicStrength"],"potions_floor_usage":[21,22,23],"damage_taken":[{"damage":18.0,"enemies":"Cultist","floor":1.0,"turns":7.0},{"damage":0.0,"enemies":"2 Louse","floor":3.0,"turns":3.0},{"damage":2.0,"enemies":"Small Slimes","floor":5.0,"turns":2.0},{"damage":7.0,"enemies":"Gremlin Nob","floor":7.0,"turns":5.0},{"damage":0.0,"enemies":"Lagavulin","floor":10.0,"turns":8.0},{"damage":4.0,"enemies":"The Mushroom Lair","floor":12.0,"turns":4.0},{"damage":0.0,"enemies":"Looter","floor":13.0,"turns":3.0},{"damage":11.0,"enemies":"The Guardian","floor":16.0,"turns":9.0},{"damage":14.0,"enemies":"2 Thieves","floor":18.0,"turns":4.0},{"damage":6,"enemies":"3 Byrds","floor":21,"turns":4},{"damage":20,"enemies":"Sentry and Sphere","floor":22,"turns":6},{"damage":26,"enemies":"Slavers","floor":23,"turns":2}],"seed_played":"550357536009115466","potions_obtained":[{"floor":1.0,"key":"LiquidBronze"},{"floor":7.0,"key":"Regen Potion"},{"floor":12.0,"key":"Fire Potion"},{"floor":16.0,"key":"Weak Potion"},{"floor":20,"key":"PowerPotion"},{"floor":22,"key":"Strength Potion"}],"is_trial":false,"path_per_floor":["M","?","M","?","M","R","E","R","T","E","R","?","M","$","R","B",null,"M","?","?","M","M","E"],"character_chosen":"THE_SILENT","items_purchased":["Noxious Fumes","Leg Sweep","PiercingWail"],"campfire_rested":1,"item_purchase_floors":[14,14,14],"current_hp_per_floor":[47,36,36,36,34,34,27,48,48,63,63,59,59,59,59,48,66,52,52,52,46,26,0],"gold":168,"neow_bonus":"TEN_PERCENT_HP_BONUS","is_prod":false,"is_daily":false,"chose_seed":false,"campfire_upgraded":3,"win_rate":0,"timestamp":1564417678,"path_taken":["M","?","M","?","M","R","E","R","T","E","R","?","M","$","R","BOSS","M","?","?","M","?","E"],"build_version":"2019-07-18","purchased_purges":0,"victory":false,"max_hp_per_floor":[72,72,72,72,72,72,72,72,72,72,72,72,72,72,72,72,72,72,72,72,72,72,72],"card_choices":[{"not_picked":["Escape Plan","Deflect"],"picked":"All Out Attack","floor":1.0},{"not_picked":["Slice","Choke"],"picked":"Blade Dance","floor":3.0},{"not_picked":["Escape Plan","Blade Dance"],"picked":"Masterful Stab","floor":5.0},{"not_picked":["Choke","Backstab"],"picked":"Footwork","floor":7.0},{"not_picked":["Underhanded Strike","Riddle With Holes","Eviscerate"],"picked":"SKIP","floor":10.0},{"not_picked":["Eviscerate","Prepared"],"picked":"Quick Slash","floor":12.0},{"not_picked":["Flechettes","Prepared"],"picked":"Poisoned Stab","floor":13.0},{"not_picked":["Night Terror","A Thousand Cuts"],"picked":"Glass Knife","floor":16.0},{"not_picked":["Flying Knee","Blur+1","Quick Slash"],"picked":"SKIP","floor":18.0},{"not_picked":["Bane+1","Blade Dance","Poisoned Stab"],"picked":"SKIP","floor":21},{"not_picked":["Bane","Flying Knee"],"picked":"Bouncing Flask","floor":22}],"player_experience":1004432,"relics_obtained":[{"floor":7.0,"key":"War Paint"},{"floor":9.0,"key":"Pocketwatch"},{"floor":10.0,"key":"Matryoshka"},{"floor":12.0,"key":"Odd Mushroom"}],"event_choices":[{"damage_healed":0.0,"max_hp_gain":0.0,"max_hp_loss":0.0,"gold_gain":0.0,"event_name":"Scrap Ooze","player_choice":"Success","floor":2.0,"gold_loss":0.0,"damage_taken":11.0,"relics_obtained":["Dead Branch"]},{"damage_healed":0.0,"max_hp_gain":0.0,"max_hp_loss":0.0,"gold_gain":0.0,"event_name":"Living Wall","player_choice":"Grow","floor":4.0,"gold_loss":0.0,"damage_taken":0.0,"cards_upgraded":["Neutralize"]},{"damage_healed":0.0,"max_hp_gain":0.0,"max_hp_loss":0.0,"gold_gain":0.0,"event_name":"Mushrooms","player_choice":"Fought Mushrooms","floor":12.0,"gold_loss":0.0,"damage_taken":0.0},{"damage_healed":0.0,"max_hp_gain":0.0,"max_hp_loss":0.0,"gold_gain":0.0,"event_name":"Drug Dealer","player_choice":"Inject Mutagens","floor":19.0,"gold_loss":0.0,"damage_taken":0.0,"relics_obtained":["MutagenicStrength"]},{"damage_healed":0,"gold_gain":0,"player_choice":"Bought 1 Potion","damage_taken":0,"max_hp_gain":0,"max_hp_loss":0,"event_name":"The Woman in Blue","floor":20,"gold_loss":0}],"is_beta":true,"boss_relics":[{"not_picked":["Ring of the Serpent","Runic Dome"],"picked":"Snecko Eye"}],"items_purged_floors":[],"is_endless":false,"potions_floor_spawned":[1,7,12,16,22],"killed_by":"Slavers","ascension_level":20}