{"gold_per_floor":[116,81,81,93,103,103,135,147,159,200,212,224,269,291,303,386,448,476,363,363,390,390,390,402,402,402,55,55,70,88,106,106,184,184,195,213,213,263,275,300,69,69,69,69,85,35,70,70,70,70,70],"floor_reached":52,"playtime":2794,"items_purged":["Strike_G","Writhe"],"score":1832,"play_id":"a0537a6d-25a1-4821-bf44-30797aa83ad6","local_time":"20190824173550","is_ascension_mode":true,"campfire_choices":[{"data":"Neutralize","floor":6.0,"key":"SMITH"},{"floor":8.0,"key":"REST"},{"data":"Dagger Spray","floor":12.0,"key":"SMITH"},{"data":"Caltrops","floor":15.0,"key":"SMITH"},{"data":"Poisoned Stab","floor":23.0,"key":"SMITH"},{"data":"Footwork","floor":25.0,"key":"SMITH"},{"data":"Deadly Poison","floor":28.0,"key":"SMITH"},{"data":"Sucker Punch","floor":32.0,"key":"SMITH"},{"floor":44.0,"key":"REST"},{"floor":49.0,"key":"REST"}],"neow_cost":"PERCENT_DAMAGE","seed_source_timestamp":897533161433887,"circlet_count":0,"master_deck":["AscendersBane","Strike_G+1","Strike_G+1","Strike_G+1","Defend_G+1","Defend_G+1","Defend_G+1","Defend_G+1","Defend_G+1","Survivor","Neutralize+1","Footwork+1","Dagger Spray+1","Sucker Punch+1","Caltrops+1","Corpse Explosion","Dash","Backflip","Backflip","Poisoned Stab+1","Deadly Poison+1","Caltrops+1","Backflip","Bouncing Flask+1","Predator","Deflect","Die Die Die","Deflect","Dodge and Roll","Noxious Fumes+1","Well Laid Plans+1","Footwork+1","Adrenaline+1","Discovery"],"special_seed":0,"relics":["Ring of the Serpent","The Specimen","Meat on the Bone","MawBank","Ancient Tea Set","Anchor","Odd Mushroom","Tiny House","Red Mask","Pocketwatch","Frozen Egg 2","Lee\u0027s Waffle","Lantern","Smiling Mask","Shuriken"],"potions_floor_usage":[],"damage_taken":[{"damage":9.0,"enemies":"Small Slimes","floor":1.0,"turns":5.0},{"damage":0.0,"enemies":"2 Louse","floor":4.0,"turns":3.0},{"damage":0.0,"enemies":"Cultist","floor":5.0,"turns":5.0},{"damage":42.0,"enemies":"Gremlin Nob","floor":7.0,"turns":5.0},{"damage":16.0,"enemies":"3 Sentries","floor":10.0,"turns":10.0},{"damage":6.0,"enemies":"The Mushroom Lair","floor":13.0,"turns":4.0},{"damage":11.0,"enemies":"Large Slime","floor":14.0,"turns":7.0},{"damage":34.0,"enemies":"The Guardian","floor":16.0,"turns":17.0},{"damage":35.0,"enemies":"Spheric Guardian","floor":18.0,"turns":8.0},{"damage":0.0,"enemies":"Masked Bandits","floor":21.0,"turns":2.0},{"damage":0.0,"enemies":"Shell Parasite","floor":24.0,"turns":8.0},{"damage":24.0,"enemies":"Cultist and Chosen","floor":29.0,"turns":8.0},{"damage":0.0,"enemies":"Centurion and Healer","floor":30.0,"turns":5.0},{"damage":2.0,"enemies":"Snake Plant","floor":31.0,"turns":4.0},{"damage":37.0,"enemies":"Automaton","floor":33.0,"turns":11.0},{"damage":10.0,"enemies":"Orb Walker","floor":35.0,"turns":4.0},{"damage":0.0,"enemies":"3 Shapes","floor":36.0,"turns":3.0},{"damage":18.0,"enemies":"Spire Growth","floor":39.0,"turns":9.0},{"damage":46.0,"enemies":"Nemesis","floor":40.0,"turns":10.0},{"damage":13.0,"enemies":"Maw","floor":45.0,"turns":8.0},{"damage":22.0,"enemies":"Reptomancer","floor":47.0,"turns":7.0},{"damage":11.0,"enemies":"Time Eater","floor":50.0,"turns":13.0},{"damage":45,"enemies":"Donu and Deca","floor":51,"turns":13}],"seed_played":"-7658404027607322626","potions_obtained":[{"floor":4.0,"key":"SpeedPotion"},{"floor":5.0,"key":"Dexterity Potion"},{"floor":7.0,"key":"EssenceOfSteel"},{"floor":16.0,"key":"Explosive Potion"},{"floor":17.0,"key":"PowerPotion"},{"floor":29.0,"key":"Poison Potion"},{"floor":35.0,"key":"SteroidPotion"},{"floor":36.0,"key":"Block Potion"},{"floor":45.0,"key":"Poison Potion"}],"is_trial":false,"path_per_floor":["M","?","?","M","M","R","E","R","T","E","?","R","?","M","R","B",null,"M","$","?","?","?","R","M","R","T","$","R","M","M","M","R","B",null,"M","M","?","?","M","E","$","?","T","R","M","$","E","?","R","B","B",null],"character_chosen":"THE_SILENT","items_purchased":["Backflip","Lee\u0027s Waffle","Caltrops+1","Backflip","Footwork+1","Adrenaline"],"campfire_rested":3,"item_purchase_floors":[19,27,27,27,41,41],"current_hp_per_floor":[35,51,51,51,51,51,21,40,40,36,36,36,42,43,43,21,60,37,37,37,37,37,37,37,37,37,78,78,54,54,52,52,27,65,55,55,55,55,49,15,15,15,15,38,37,37,27,27,50,51,18],"gold":70,"neow_bonus":"ONE_RARE_RELIC","is_prod":false,"is_daily":false,"chose_seed":false,"campfire_upgraded":7,"win_rate":0,"timestamp":1566682550,"path_taken":["M","?","?","M","?","R","E","R","T","E","?","R","?","M","R","BOSS","M","$","?","?","?","R","M","R","T","$","R","?","M","M","R","BOSS","M","M","?","?","?","E","$","?","T","R","?","?","E","?","R","BOSS","BOSS"],"build_version":"2019-08-23","purchased_purges":2,"victory":true,"max_hp_per_floor":[66,66,66,66,66,66,66,66,66,66,66,66,66,66,66,66,71,71,71,71,71,71,71,71,71,71,78,78,78,78,78,78,78,78,78,78,78,78,78,78,78,78,78,78,78,78,78,78,78,78,78],"card_choices":[{"not_picked":["Underhanded Strike","Concentrate"],"picked":"Footwork","floor":1.0},{"not_picked":["Heel Hook","Deflect"],"picked":"Dagger Spray","floor":4.0},{"not_picked":["PiercingWail","Dodge and Roll"],"picked":"Sucker Punch","floor":5.0},{"not_picked":["Blade Dance","Prepared","Bane"],"picked":"SKIP","floor":7.0},{"not_picked":["Underhanded Strike","Doppelganger","Reflex"],"picked":"SKIP","floor":10.0},{"not_picked":["Acrobatics","Quick Slash"],"picked":"Caltrops","floor":13.0},{"not_picked":["Infinite Blades","Concentrate","Endless Agony"],"picked":"SKIP","floor":14.0},{"not_picked":["Malaise","Tools of the Trade"],"picked":"Corpse Explosion","floor":16.0},{"not_picked":["Cloak And Dagger","Prepared"],"picked":"Dash","floor":17.0},{"not_picked":["All Out Attack+1","Bane"],"picked":"Backflip","floor":18.0},{"not_picked":["Dodge and Roll+1","Endless Agony"],"picked":"Poisoned Stab","floor":21.0},{"not_picked":["Dagger Spray","Venomology"],"picked":"Deadly Poison","floor":24.0},{"not_picked":["Backflip","Slice"],"picked":"Bouncing Flask+1","floor":29.0},{"not_picked":["Prepared","Flying Knee"],"picked":"Predator","floor":30.0},{"not_picked":["Dagger Throw","Slice"],"picked":"Deflect","floor":31.0},{"not_picked":["Unload","Phantasmal Killer"],"picked":"Die Die Die","floor":33.0},{"not_picked":["Skewer+1","Flying Knee"],"picked":"Deflect","floor":35.0},{"not_picked":["Flying Knee","Quick Slash"],"picked":"Dodge and Roll","floor":36.0},{"not_picked":["Setup","Calculated Gamble+1"],"picked":"Noxious Fumes+1","floor":39.0},{"not_picked":["All Out Attack","Choke+1"],"picked":"Well Laid Plans+1","floor":40.0},{"not_picked":["Acrobatics+1","Infinite Blades+1","Quick Slash+1"],"picked":"SKIP","floor":45.0},{"not_picked":["Heel Hook","Poisoned Stab+1","Phantasmal Killer"],"picked":"SKIP","floor":47.0},{"not_picked":["Mind Blast","Thinking Ahead"],"picked":"Discovery","floor":48.0}],"player_experience":1023779,"relics_obtained":[{"floor":3.0,"key":"Meat on the Bone"},{"floor":7.0,"key":"MawBank"},{"floor":9.0,"key":"Ancient Tea Set"},{"floor":10.0,"key":"Anchor"},{"floor":13.0,"key":"Odd Mushroom"},{"floor":21.0,"key":"Red Mask"},{"floor":26.0,"key":"Frozen Egg 2"},{"floor":40.0,"key":"Lantern"},{"floor":43.0,"key":"Smiling Mask"},{"floor":47.0,"key":"Shuriken"}],"event_choices":[{"damage_healed":16.0,"max_hp_gain":0.0,"max_hp_loss":0.0,"gold_gain":0.0,"event_name":"The Cleric","player_choice":"Healed","floor":2.0,"gold_loss":35.0,"damage_taken":0.0},{"damage_healed":0.0,"max_hp_gain":0.0,"max_hp_loss":0.0,"gold_gain":0.0,"event_name":"Wheel of Change","player_choice":"Relic","floor":3.0,"gold_loss":0.0,"damage_taken":0.0},{"damage_healed":0.0,"max_hp_gain":0.0,"max_hp_loss":0.0,"gold_gain":0.0,"event_name":"Golden Idol","player_choice":"Ignored","floor":11.0,"gold_loss":0.0,"damage_taken":0.0},{"damage_healed":0.0,"max_hp_gain":0.0,"max_hp_loss":0.0,"gold_gain":0.0,"event_name":"Mushrooms","player_choice":"Fought Mushrooms","floor":13.0,"gold_loss":0.0,"damage_taken":0.0},{"damage_healed":0.0,"max_hp_gain":0.0,"max_hp_loss":0.0,"gold_gain":0.0,"event_name":"Back to Basics","player_choice":"Simplicity","floor":20.0,"gold_loss":0.0,"damage_taken":0.0,"cards_upgraded":["Strike_G","Strike_G","Strike_G","Defend_G","Defend_G","Defend_G","Defend_G","Defend_G"]},{"damage_healed":0.0,"max_hp_gain":0.0,"max_hp_loss":0.0,"gold_gain":0.0,"event_name":"Masked Bandits","player_choice":"Fought Bandits","floor":21.0,"gold_loss":0.0,"damage_taken":0.0},{"damage_healed":0.0,"max_hp_gain":0.0,"max_hp_loss":0.0,"gold_gain":0.0,"event_name":"The Mausoleum","player_choice":"Opened","floor":22.0,"gold_loss":0.0,"damage_taken":0.0,"relics_obtained":["Pocketwatch"],"cards_obtained":["Writhe"]},{"cards_removed":["Strike_G"],"damage_healed":0.0,"max_hp_gain":0.0,"max_hp_loss":0.0,"gold_gain":0.0,"event_name":"Falling","player_choice":"Removed Attack","floor":37.0,"gold_loss":0.0,"damage_taken":0.0},{"damage_healed":0.0,"max_hp_gain":0.0,"max_hp_loss":0.0,"gold_gain":50.0,"event_name":"Golden Shrine","player_choice":"Pray","floor":38.0,"gold_loss":0.0,"damage_taken":0.0},{"damage_healed":0.0,"max_hp_gain":0.0,"max_hp_loss":0.0,"gold_gain":0.0,"event_name":"Accursed Blacksmith","player_choice":"Forge","floor":42.0,"gold_loss":0.0,"damage_taken":0.0,"cards_upgraded":["Adrenaline"]},{"damage_healed":0.0,"max_hp_gain":0.0,"max_hp_loss":0.0,"gold_gain":0.0,"event_name":"SensoryStone","player_choice":"Memory 1","floor":48.0,"gold_loss":0.0,"damage_taken":0.0}],"is_beta":true,"boss_relics":[{"not_picked":["Eternal Feather","White Beast Statue"],"picked":"Tiny House"},{"not_picked":["Orrery","Runic Pyramid"],"picked":"Ring of the Serpent"}],"items_purged_floors":[19,46],"is_endless":false,"potions_floor_spawned":[4,5,7,16,18,29,30,31,35,36,45],"ascension_level":20}