{"gold_per_floor":[119,132,6,18,18,44,44,56,56,56,11,11,31,43,43,141,141,161,179,33,52,71,101,101,101,101,101,113,113,124,154,154,251,251,261,277,105,125,145,145,155,155,181,194,194,208,208,224,224,224],"floor_reached":50,"playtime":4329,"items_purged":["Dualcast","Zap","Defend_B"],"score":515,"play_id":"c8988de3-1623-4496-b4f1-c4b66397f0c3","local_time":"20190806203122","is_ascension_mode":false,"campfire_choices":[{"data":"Machine Learning","floor":7.0,"key":"SMITH"},{"data":"Defragment","floor":10.0,"key":"SMITH"},{"floor":15.0,"key":"REST"},{"data":"Reboot","floor":24.0,"key":"SMITH"},{"floor":29.0,"key":"REST"},{"floor":32.0,"key":"REST"},{"data":"Scrape","floor":40,"key":"SMITH"},{"data":"Double Energy","floor":42,"key":"SMITH"},{"floor":47,"key":"REST"},{"floor":49,"key":"REST"}],"neow_cost":"TEN_PERCENT_HP_LOSS","seed_source_timestamp":0,"circlet_count":0,"master_deck":["Strike_B","Strike_B","Strike_B","Strike_B","Defend_B","Defend_B","Machine Learning+1","Cold Snap","Hologram","Turbo","Go for the Eyes","Scrape+1","Defragment+1","Leap","Ball Lightning","Rip and Tear","Go for the Eyes","Reboot+1","Tempest+1","Coolheaded","Ball Lightning","Gash","Gash","Beam Cell","Scrape","Steam Power+1","Sweeping Beam","Gash","Multi-Cast+1","Sweeping Beam+1","Leap","Gash","Go for the Eyes","Double Energy+1"],"special_seed":0,"relics":["Cracked Core","Happy Flower","Oddly Smooth Stone","Sozu","Darkstone Periapt","Anchor","Pocketwatch","Runic Pyramid","Boot"],"potions_floor_usage":[50],"damage_taken":[{"damage":1.0,"enemies":"Jaw Worm","floor":1.0,"turns":3.0},{"damage":0.0,"enemies":"Cultist","floor":2.0,"turns":4.0},{"damage":1.0,"enemies":"2 Louse","floor":4.0,"turns":2.0},{"damage":8.0,"enemies":"Lagavulin","floor":6.0,"turns":5.0},{"damage":13.0,"enemies":"Lots of Slimes","floor":8.0,"turns":5.0},{"damage":7.0,"enemies":"Exordium Wildlife","floor":13.0,"turns":4.0},{"damage":9.0,"enemies":"Exordium Thugs","floor":14.0,"turns":4.0},{"damage":28.0,"enemies":"Hexaghost","floor":16.0,"turns":8.0},{"damage":4.0,"enemies":"Chosen","floor":18.0,"turns":3.0},{"damage":0.0,"enemies":"Spheric Guardian","floor":19.0,"turns":3.0},{"damage":2.0,"enemies":"3 Cultists","floor":21.0,"turns":4.0},{"damage":10.0,"enemies":"Shelled Parasite and Fungi","floor":22.0,"turns":5.0},{"damage":20.0,"enemies":"Book of Stabbing","floor":23.0,"turns":5.0},{"damage":0.0,"enemies":"Cultist and Chosen","floor":28.0,"turns":4.0},{"damage":0.0,"enemies":"Centurion and Healer","floor":30.0,"turns":4.0},{"damage":17.0,"enemies":"Gremlin Leader","floor":31.0,"turns":5.0},{"damage":38.0,"enemies":"Automaton","floor":33.0,"turns":10.0},{"damage":2.0,"enemies":"3 Shapes","floor":35.0,"turns":5.0},{"damage":0.0,"enemies":"Orb Walker","floor":36.0,"turns":3.0},{"damage":2.0,"enemies":"Transient","floor":38.0,"turns":5.0},{"damage":10,"enemies":"Spire Growth","floor":39,"turns":4},{"damage":16,"enemies":"Jaw Worm Horde","floor":41,"turns":4},{"damage":16,"enemies":"Maw","floor":44,"turns":6},{"damage":3,"enemies":"Sphere and 2 Shapes","floor":46,"turns":3},{"damage":8,"enemies":"3 Darklings","floor":48,"turns":4},{"damage":51,"enemies":"Awakened One","floor":50,"turns":8}],"seed_played":"5066852483242950251","potions_obtained":[{"floor":1.0,"key":"EssenceOfSteel"},{"floor":2.0,"key":"PowerPotion"},{"floor":4.0,"key":"Dexterity Potion"},{"floor":16.0,"key":"SpeedPotion"}],"is_trial":false,"path_per_floor":["M","M","$","M","?","E","R","M","T","R","$","?","M","M","R","B",null,"M","M","$","M","M","E","R","?","T","$","M","R","M","E","R","B",null,"M","M","$","M","M","R","M","R","T","M","?","M","R","M","R","B"],"character_chosen":"DEFECT","items_purchased":["Turbo","Ball Lightning","Ball Lightning","Gash"],"campfire_rested":5,"item_purchase_floors":[3,11,20,37],"current_hp_per_floor":[67,67,67,66,66,58,58,45,45,45,45,45,38,29,49,21,68,64,64,64,62,52,32,32,32,32,32,32,52,52,35,55,17,68,66,66,66,64,54,54,38,38,38,22,22,19,39,31,51,0],"gold":224,"neow_bonus":"THREE_RARE_CARDS","is_prod":false,"is_daily":false,"chose_seed":false,"campfire_upgraded":5,"win_rate":0.0,"timestamp":1565137882,"path_taken":["M","M","$","M","?","E","R","?","T","R","$","?","M","M","R","BOSS","M","?","$","M","?","E","R","?","T","?","M","R","M","E","R","BOSS","M","?","$","M","M","R","M","R","T","M","?","M","R","?","R","BOSS"],"build_version":"2019-07-17","purchased_purges":3,"victory":false,"max_hp_per_floor":[68,68,68,68,68,68,68,68,68,68,68,68,68,68,68,68,68,68,68,68,68,68,68,68,68,68,68,68,68,68,68,68,68,68,68,68,68,68,68,68,68,68,68,68,68,68,68,68,68,68],"card_choices":[{"not_picked":["Seek","Hyperbeam"],"picked":"Machine Learning","floor":0.0},{"not_picked":["White Noise","Glacier"],"picked":"Cold Snap","floor":1.0},{"not_picked":["Aggregate","Darkness"],"picked":"Hologram","floor":2.0},{"not_picked":["Coolheaded","Capacitor"],"picked":"Go for the Eyes","floor":4.0},{"not_picked":["Creative AI","Reinforced Body"],"picked":"Defragment","floor":6.0},{"not_picked":["Loop","Glacier"],"picked":"Leap","floor":8.0},{"not_picked":["White Noise","Redo"],"picked":"Rip and Tear","floor":13.0},{"not_picked":["Lockon","Stack"],"picked":"Go for the Eyes","floor":14.0},{"not_picked":["Buffer","Core Surge"],"picked":"Reboot","floor":16.0},{"not_picked":["Blizzard","Conserve Battery"],"picked":"Tempest+1","floor":18.0},{"not_picked":["Glacier+1","Reinforced Body"],"picked":"Coolheaded","floor":19.0},{"not_picked":["Sweeping Beam","Hologram"],"picked":"Gash","floor":21.0},{"not_picked":["Steam Power+1","Chill"],"picked":"Gash","floor":22.0},{"not_picked":["Streamline+1","Loop"],"picked":"Beam Cell","floor":23.0},{"not_picked":["Coolheaded","Sunder"],"picked":"Steam Power+1","floor":28.0},{"not_picked":["Lockon+1","Storm+1"],"picked":"Sweeping Beam","floor":30.0},{"not_picked":["Rebound","Go for the Eyes"],"picked":"Gash","floor":31.0},{"not_picked":["Rainbow","Reboot"],"picked":"Multi-Cast","floor":33.0},{"not_picked":["Rebound+1","Cold Snap"],"picked":"Sweeping Beam+1","floor":35.0},{"not_picked":["Sweeping Beam+1","Stack"],"picked":"Leap","floor":36.0},{"not_picked":["White Noise","Capacitor","Steam"],"picked":"SKIP","floor":38},{"not_picked":["Barrage+1","Sweeping Beam+1"],"picked":"Go for the Eyes","floor":39},{"not_picked":["Consume+1","Barrage"],"picked":"Double Energy","floor":41},{"not_picked":["Stack+1","Leap","Hello World+1"],"picked":"SKIP","floor":44},{"not_picked":["Chaos+1","White Noise+1","Rebound+1"],"picked":"SKIP","floor":46},{"not_picked":["Sweeping Beam","Rebound+1","Self Repair+1"],"picked":"SKIP","floor":48}],"player_experience":90799,"relics_obtained":[{"floor":6.0,"key":"Happy Flower"},{"floor":9.0,"key":"Oddly Smooth Stone"},{"floor":23.0,"key":"Darkstone Periapt"},{"floor":26.0,"key":"Anchor"},{"floor":31.0,"key":"Pocketwatch"},{"floor":43,"key":"Boot"}],"event_choices":[{"damage_healed":0.0,"max_hp_gain":0.0,"max_hp_loss":0.0,"gold_gain":0.0,"event_name":"Match and Keep!","player_choice":"1 cards matched","floor":5.0,"gold_loss":0.0,"damage_taken":0.0,"cards_obtained":["Scrape"]},{"cards_removed":["Defend_B"],"damage_healed":0.0,"max_hp_gain":0.0,"max_hp_loss":0.0,"gold_gain":0.0,"event_name":"Purifier","player_choice":"Purged","floor":12.0,"gold_loss":0.0,"damage_taken":0.0},{"damage_healed":0.0,"max_hp_gain":0.0,"max_hp_loss":0.0,"gold_gain":0.0,"event_name":"Duplicator","player_choice":"Copied","floor":25.0,"gold_loss":0.0,"damage_taken":0.0,"cards_obtained":["Scrape"]},{"damage_healed":0,"gold_gain":0,"player_choice":"Upgraded","damage_taken":0,"max_hp_gain":0,"max_hp_loss":0,"event_name":"Upgrade Shrine","floor":45,"gold_loss":0,"cards_upgraded":["Multi-Cast"]}],"is_beta":false,"boss_relics":[{"not_picked":["Eternal Feather","Tiny House"],"picked":"Sozu"},{"not_picked":["Cursed Key","Lizard Tail"],"picked":"Runic Pyramid"}],"items_purged_floors":[3,20,37],"is_endless":false,"potions_floor_spawned":[1,2,4,16,22,30,31,33,36,41,44,48],"killed_by":"Awakened One","ascension_level":0}