{"gold_per_floor":[119,119,130,144,157,157,6,36,61,74,89,122,122,141,141,241,241,253,269,279,279],"floor_reached":21,"playtime":808,"items_purged":["Strike_B"],"score":215,"play_id":"f586733e-1ffe-4b23-aec6-b2f14e9b0522","local_time":"20190821150749","is_ascension_mode":true,"campfire_choices":[{"data":"Hyperbeam","floor":6,"key":"SMITH"},{"data":"Sunder","floor":15,"key":"SMITH"}],"neow_cost":"PERCENT_DAMAGE","seed_source_timestamp":492271535363657,"circlet_count":0,"master_deck":["Strike_B","Strike_B","Strike_B","Defend_B","Defend_B","Defend_B","Defend_B","Zap","Dualcast","Hyperbeam+1","Gash","Conserve Battery","Sweeping Beam","Sunder+1","Sunder","Sweeping Beam","Self Repair","FTL","Decay","Rip and Tear","Echo Form","Gash","Auto Shields+1"],"relics":["Cracked Core","Vajra","PreservedInsect","DataDisk","Black Star"],"potions_floor_usage":[8,12,16,16,21],"damage_taken":[{"damage":0,"enemies":"2 Louse","floor":1,"turns":1},{"damage":0,"enemies":"Cultist","floor":3,"turns":2},{"damage":0,"enemies":"Small Slimes","floor":4,"turns":1},{"damage":0,"enemies":"Gremlin Gang","floor":5,"turns":1},{"damage":26,"enemies":"Gremlin Nob","floor":8,"turns":4},{"damage":0,"enemies":"2 Fungi Beasts","floor":10,"turns":2},{"damage":6,"enemies":"Large Slime","floor":11,"turns":3},{"damage":4,"enemies":"3 Sentries","floor":12,"turns":3},{"damage":1,"enemies":"Looter","floor":14,"turns":2},{"damage":26,"enemies":"Slime Boss","floor":16,"turns":5},{"damage":1,"enemies":"Spheric Guardian","floor":18,"turns":3},{"damage":65,"enemies":"Shell Parasite","floor":19,"turns":7},{"damage":10,"enemies":"3 Cultists","floor":20,"turns":3},{"damage":21,"enemies":"Centurion and Healer","floor":21,"turns":2}],"seed_played":"4770535957815568911","potions_obtained":[{"floor":4,"key":"Fruit Juice"},{"floor":5,"key":"SteroidPotion"},{"floor":8,"key":"PowerPotion"},{"floor":10,"key":"AttackPotion"},{"floor":11,"key":"Explosive Potion"},{"floor":20,"key":"Strength Potion"}],"is_trial":false,"path_per_floor":["M","?","M","M","M","R","$","E","T","M","M","E","?","M","R","B",null,"M","M","M","M"],"character_chosen":"DEFECT","items_purchased":["Sunder"],"campfire_rested":0,"item_purchase_floors":[7],"current_hp_per_floor":[54,54,54,54,54,54,54,33,33,33,27,30,30,29,29,3,80,79,21,11,0],"gold":279,"neow_bonus":"THREE_RARE_CARDS","is_prod":false,"is_daily":false,"chose_seed":false,"campfire_upgraded":2,"win_rate":0,"timestamp":1566389269,"path_taken":["M","?","M","M","M","R","$","E","T","?","M","E","?","M","R","BOSS","M","M","M","?"],"build_version":"2019-07-17","purchased_purges":1,"victory":false,"max_hp_per_floor":[75,75,75,75,75,75,75,80,80,80,80,80,80,80,80,80,80,80,80,80,80],"card_choices":[{"not_picked":["Thunder Strike","Fission"],"picked":"Hyperbeam","floor":0},{"not_picked":["Skim","Sweeping Beam"],"picked":"Gash","floor":1},{"not_picked":["Compile Driver","Blizzard"],"picked":"Conserve Battery","floor":3},{"not_picked":["Fusion","Auto Shields"],"picked":"Sweeping Beam","floor":4},{"not_picked":["Scrape","Aggregate","Hello World"],"picked":"SKIP","floor":5},{"not_picked":["Reprogram","Rip and Tear"],"picked":"Sunder","floor":8},{"not_picked":["Barrage","Chill"],"picked":"Sweeping Beam","floor":10},{"not_picked":["Cold Snap","Genetic Algorithm"],"picked":"Self Repair","floor":11},{"not_picked":["Turbo","Core Surge"],"picked":"FTL","floor":12},{"not_picked":["Sweeping Beam","Coolheaded"],"picked":"Rip and Tear","floor":14},{"not_picked":["Core Surge","Biased Cognition"],"picked":"Echo Form","floor":16},{"not_picked":["Streamline","Chill"],"picked":"Gash","floor":18},{"not_picked":["Hologram","Rebound"],"picked":"Auto Shields+1","floor":19},{"not_picked":["Loop+1","Redo","Defragment"],"picked":"SKIP","floor":20}],"player_experience":140536,"relics_obtained":[{"floor":8,"key":"Vajra"},{"floor":9,"key":"PreservedInsect"},{"floor":12,"key":"DataDisk"}],"event_choices":[{"damage_healed":0,"gold_gain":0,"player_choice":"Bought 0 Potions","damage_taken":0,"max_hp_gain":0,"max_hp_loss":0,"event_name":"The Woman in Blue","floor":2,"gold_loss":0},{"damage_healed":0,"gold_gain":0,"player_choice":"Cursed","damage_taken":0,"max_hp_gain":0,"max_hp_loss":0,"event_name":"Wheel of Change","floor":13,"gold_loss":0,"cards_obtained":["Decay"]}],"is_beta":false,"boss_relics":[{"not_picked":["Sozu","Pandora\u0027s Box"],"picked":"Black Star"}],"items_purged_floors":[7],"is_endless":false,"potions_floor_spawned":[4,5,8,10,11,20],"killed_by":"Centurion and Healer","ascension_level":2}