{"gold_per_floor":[114,132,148,158,173,173,199,219,219,219,238,248,93,103,103,103,103,116,131,144,144,144],"floor_reached":22,"playtime":1153,"items_purged":[],"score":244,"play_id":"65decd1a-96aa-4d7d-bd03-9da0564a2b78","local_time":"20190819115625","is_ascension_mode":false,"campfire_choices":[{"data":"Dualcast","floor":6,"key":"SMITH"},{"data":"Sunder","floor":10,"key":"SMITH"},{"floor":15,"key":"REST"}],"neow_cost":"NONE","seed_source_timestamp":307636661044154,"circlet_count":0,"master_deck":["Strike_B","Strike_B","Strike_B","Strike_B","Defend_B","Defend_B","Defend_B","Defend_B","Zap","Dualcast+1","Impatience","Lockon","Machine Learning","Gash","Ball Lightning","Sunder+1","Electrodynamics","Sweeping Beam","Beam Cell","Glacier","Multi-Cast","Doom and Gloom","Echo Form","Rebound","Turbo","Leap+1"],"relics":["Cracked Core","Orichalcum","StoneCalendar","Inserter"],"potions_floor_usage":[16,16,18,22,22],"damage_taken":[{"damage":0,"enemies":"Cultist","floor":1,"turns":4},{"damage":0,"enemies":"2 Louse","floor":2,"turns":2},{"damage":5,"enemies":"Small Slimes","floor":3,"turns":3},{"damage":9,"enemies":"2 Fungi Beasts","floor":4,"turns":3},{"damage":9,"enemies":"Exordium Wildlife","floor":5,"turns":4},{"damage":13,"enemies":"3 Sentries","floor":7,"turns":5},{"damage":0,"enemies":"3 Louse","floor":8,"turns":2},{"damage":8,"enemies":"Lots of Slimes","floor":11,"turns":3},{"damage":2,"enemies":"Blue Slaver","floor":12,"turns":2},{"damage":5,"enemies":"Looter","floor":14,"turns":3},{"damage":0,"enemies":"Hexaghost","floor":16,"turns":7},{"damage":5,"enemies":"Chosen","floor":18,"turns":3},{"damage":26,"enemies":"2 Thieves","floor":19,"turns":4},{"damage":42,"enemies":"Chosen and Byrds","floor":20,"turns":7},{"damage":24,"enemies":"Shelled Parasite and Fungi","floor":22,"turns":2}],"seed_played":"2232278183700613594","potions_obtained":[{"floor":2,"key":"SmokeBomb"},{"floor":7,"key":"EntropicBrew"},{"floor":8,"key":"GamblersBrew"},{"floor":11,"key":"Block Potion"},{"floor":12,"key":"Block Potion"},{"floor":20,"key":"PowerPotion"},{"floor":21,"key":"Regen Potion"},{"floor":21,"key":"FocusPotion"}],"is_trial":false,"path_per_floor":["M","M","M","M","M","R","E","M","T","R","M","M","$","M","R","B",null,"M","M","M","?","M"],"character_chosen":"DEFECT","items_purchased":["Multi-Cast"],"campfire_rested":1,"item_purchase_floors":[13],"current_hp_per_floor":[75,75,70,61,52,52,39,39,39,39,31,29,29,24,46,46,75,70,44,2,2,0],"gold":144,"neow_bonus":"RANDOM_COLORLESS","is_prod":false,"is_daily":false,"chose_seed":false,"campfire_upgraded":2,"win_rate":0,"timestamp":1566204985,"path_taken":["M","M","M","M","M","R","E","M","T","R","M","?","$","M","R","BOSS","M","M","?","?","?"],"build_version":"2019-07-17","purchased_purges":0,"victory":false,"max_hp_per_floor":[75,75,75,75,75,75,75,75,75,75,75,75,75,75,75,75,75,75,75,75,75,75],"card_choices":[{"not_picked":["Stack","Barrage"],"picked":"Lockon","floor":1},{"not_picked":["Hologram","Streamline"],"picked":"Machine Learning","floor":2},{"not_picked":["Hello World","Skim"],"picked":"Gash","floor":3},{"not_picked":["Hologram","Fusion"],"picked":"Ball Lightning","floor":4},{"not_picked":["Go for the Eyes","Rip and Tear"],"picked":"Sunder","floor":5},{"not_picked":["Steam","Capacitor"],"picked":"Electrodynamics","floor":7},{"not_picked":["Chill","Ball Lightning"],"picked":"Sweeping Beam","floor":8},{"not_picked":["Tempest","Lockon"],"picked":"Beam Cell","floor":11},{"not_picked":["Tempest","Aggregate"],"picked":"Glacier","floor":12},{"not_picked":["FTL","Fusion"],"picked":"Doom and Gloom","floor":14},{"not_picked":["Rainbow","Reboot"],"picked":"Echo Form","floor":16},{"not_picked":["Chill","Coolheaded"],"picked":"Rebound","floor":18},{"not_picked":["Conserve Battery","Streamline"],"picked":"Turbo","floor":19},{"not_picked":["Steam","Aggregate"],"picked":"Leap+1","floor":20}],"player_experience":74803,"relics_obtained":[{"floor":7,"key":"Orichalcum"},{"floor":9,"key":"StoneCalendar"}],"event_choices":[{"damage_healed":0,"gold_gain":0,"player_choice":"Got Potions","damage_taken":0,"max_hp_gain":0,"max_hp_loss":0,"event_name":"Lab","floor":21,"gold_loss":0}],"is_beta":false,"boss_relics":[{"not_picked":["Velvet Choker","Busted Crown"],"picked":"Inserter"}],"items_purged_floors":[],"is_endless":false,"potions_floor_spawned":[2,7,8,11,12,20],"killed_by":"Shelled Parasite and Fungi","ascension_level":0}