{"gold_per_floor":[110,13,31,50,67,67,99,99,122,122,122,122,148,163,163,264,264,279,43,63,162,172,172,187,213,213,138,138,154,68,68],"floor_reached":31,"playtime":1320,"items_purged":["Pain","Recycle"],"score":265,"play_id":"48a32c67-6ffe-4838-9541-d2c574b93310","local_time":"20190831152814","is_ascension_mode":false,"campfire_choices":[{"data":"White Noise","floor":6,"key":"SMITH"},{"data":"Zap","floor":8,"key":"SMITH"},{"data":"Reinforced Body","floor":12,"key":"SMITH"},{"floor":15,"key":"REST"},{"floor":23,"key":"REST"}],"neow_cost":"CURSE","seed_source_timestamp":1526412075229816,"circlet_count":0,"master_deck":["Defend_B","Defend_B","Defend_B","Defend_B","Zap+1","Dualcast","Electrodynamics","Go for the Eyes","Sweeping Beam","White Noise+1","Reinforced Body+1","Conserve Battery","Steam","Leap","BootSequence","Amplify","Melter","Hologram+1","Creative AI","Defragment+1","Static Discharge"],"relics":["Cracked Core","Strawberry","Juzu Bracelet","Smiling Mask","Empty Cage","Membership Card","Omamori","Blood Vial"],"potions_floor_usage":[22,29],"damage_taken":[{"damage":2,"enemies":"Cultist","floor":1,"turns":3},{"damage":0,"enemies":"Small Slimes","floor":3,"turns":2},{"damage":1,"enemies":"2 Louse","floor":4,"turns":2},{"damage":5,"enemies":"Looter","floor":5,"turns":4},{"damage":40,"enemies":"Gremlin Nob","floor":7,"turns":5},{"damage":8,"enemies":"Lagavulin","floor":13,"turns":6},{"damage":0,"enemies":"Lots of Slimes","floor":14,"turns":3},{"damage":24,"enemies":"The Guardian","floor":16,"turns":13},{"damage":13,"enemies":"Spheric Guardian","floor":18,"turns":5},{"damage":2,"enemies":"2 Thieves","floor":20,"turns":3},{"damage":37,"enemies":"3 Cultists","floor":22,"turns":6},{"damage":0,"enemies":"Cultist and Chosen","floor":24,"turns":5},{"damage":47,"enemies":"Slavers","floor":25,"turns":7},{"damage":5,"enemies":"Sentry and Sphere","floor":29,"turns":5},{"damage":32,"enemies":"Book of Stabbing","floor":31,"turns":7}],"seed_played":"-6129120619812511110","potions_obtained":[{"floor":3,"key":"Strength Potion"},{"floor":4,"key":"Fire Potion"},{"floor":5,"key":"PowerPotion"},{"floor":11,"key":"FairyPotion"},{"floor":22,"key":"Regen Potion"}],"is_trial":false,"path_per_floor":["M","$","M","M","M","R","E","R","T","?","?","R","E","M","R","B",null,"M","$","M","?","M","R","M","E","T","?","?","M","$","E"],"character_chosen":"DEFECT","items_purchased":["Sweeping Beam","Membership Card","Melter","Static Discharge"],"campfire_rested":2,"item_purchase_floors":[2,19,19,30],"current_hp_per_floor":[73,73,73,72,67,67,34,34,34,34,34,34,26,26,50,26,82,69,69,67,67,30,54,54,7,7,7,7,18,18,0],"gold":68,"neow_bonus":"THREE_RARE_CARDS","is_prod":false,"is_daily":false,"chose_seed":false,"campfire_upgraded":3,"win_rate":0,"timestamp":1567258094,"path_taken":["M","$","M","M","M","R","E","R","T","?","?","R","E","M","R","BOSS","M","$","M","?","M","R","M","E","T","?","?","M","$","E"],"build_version":"2019-07-17","purchased_purges":2,"victory":false,"max_hp_per_floor":[75,75,75,75,75,75,82,82,82,82,82,82,82,82,82,82,82,82,82,82,82,82,82,82,82,82,82,82,82,82,82],"card_choices":[{"not_picked":["Echo Form","Multi-Cast"],"picked":"Electrodynamics","floor":0},{"not_picked":["Hologram","Storm"],"picked":"Go for the Eyes","floor":1},{"not_picked":["Compile Driver","Blizzard"],"picked":"White Noise","floor":3},{"not_picked":["Compile Driver","Barrage"],"picked":"Reinforced Body","floor":4},{"not_picked":["Double Energy","Coolheaded"],"picked":"Conserve Battery","floor":5},{"not_picked":["Reboot","Go for the Eyes"],"picked":"Steam","floor":7},{"not_picked":["Static Discharge","Conserve Battery"],"picked":"Leap","floor":13},{"not_picked":["Chaos","Cold Snap"],"picked":"BootSequence","floor":14},{"not_picked":["Fission","Thunder Strike"],"picked":"Amplify","floor":16},{"not_picked":["Streamline","Cold Snap+1","BootSequence+1"],"picked":"SKIP","floor":18},{"not_picked":["Turbo+1","Streamline"],"picked":"Hologram+1","floor":20},{"not_picked":["Cold Snap","Genetic Algorithm+1","Beam Cell"],"picked":"SKIP","floor":22},{"not_picked":["Beam Cell","Leap"],"picked":"Recycle","floor":24},{"not_picked":["Blizzard","Go for the Eyes+1"],"picked":"Creative AI","floor":25},{"not_picked":["Tempest","Ball Lightning"],"picked":"Defragment+1","floor":29}],"player_experience":104295,"relics_obtained":[{"floor":7,"key":"Strawberry"},{"floor":9,"key":"Juzu Bracelet"},{"floor":13,"key":"Smiling Mask"},{"floor":25,"key":"Omamori"},{"floor":26,"key":"Blood Vial"}],"event_choices":[{"damage_healed":0,"gold_gain":0,"player_choice":"Fled","damage_taken":0,"max_hp_gain":0,"max_hp_loss":0,"event_name":"Scrap Ooze","floor":10,"gold_loss":0},{"damage_healed":0,"gold_gain":0,"player_choice":"Got Potions","damage_taken":0,"max_hp_gain":0,"max_hp_loss":0,"event_name":"Lab","floor":11,"gold_loss":0},{"damage_healed":0,"gold_gain":99,"player_choice":"Stole From Cult","damage_taken":0,"max_hp_gain":0,"max_hp_loss":0,"event_name":"Nest","floor":21,"gold_loss":0},{"cards_removed":["Strike_B"],"damage_healed":0,"gold_gain":0,"player_choice":"Gave Gold","damage_taken":0,"max_hp_gain":0,"max_hp_loss":0,"event_name":"Beggar","floor":27,"gold_loss":75},{"cards_removed":["Strike_B"],"damage_healed":0,"gold_gain":0,"player_choice":"Elegance","damage_taken":0,"max_hp_gain":0,"max_hp_loss":0,"event_name":"Back to Basics","floor":28,"gold_loss":0}],"is_beta":false,"boss_relics":[{"not_picked":["Orrery","Coffee Dripper"],"picked":"Empty Cage"}],"items_purged_floors":[2,30],"is_endless":false,"potions_floor_spawned":[3,4,5,14,20,22,25],"killed_by":"Book of Stabbing","ascension_level":0}