{"gold_per_floor":[116,130,21,21,41,66,66,85,85,103,103,122,132,0,0,74,74,87,47,67,67,84,84,84],"floor_reached":24,"playtime":1703,"items_purged":["Shame"],"score":350,"play_id":"045f8742-706b-439e-9e10-54596810a34a","local_time":"20190831015040","is_ascension_mode":true,"campfire_choices":[{"floor":7,"key":"REST"},{"data":"Armaments","floor":15,"key":"SMITH"},{"data":"Juggernaut","floor":23,"key":"SMITH"}],"neow_cost":"CURSE","seed_source_timestamp":15385843179200,"circlet_count":0,"master_deck":["AscendersBane","Strike_R","Strike_R","Strike_R","Defend_R","Defend_R","Defend_R","Defend_R","Bash","Rage","Ghostly Armor","Wild Strike","Pummel","Heavy Blade","Headbutt","Thunderclap","Iron Wave","Seeing Red","Armaments+1","Metallicize","Juggernaut+1","Warcry","Metallicize","Corruption","J.A.X.","Bloodletting"],"relics":["Burning Blood","Omamori","Blue Candle","Mercury Hourglass","Kunai","Philosopher\u0027s Stone"],"potions_floor_usage":[6,6,12,13,16],"damage_taken":[{"damage":9,"enemies":"Cultist","floor":1,"turns":5},{"damage":10,"enemies":"Jaw Worm","floor":2,"turns":7},{"damage":1,"enemies":"2 Louse","floor":5,"turns":4},{"damage":73,"enemies":"Lagavulin","floor":6,"turns":11},{"damage":1,"enemies":"Red Slaver","floor":8,"turns":4},{"damage":1,"enemies":"2 Fungi Beasts","floor":10,"turns":3},{"damage":6,"enemies":"Lots of Slimes","floor":12,"turns":3},{"damage":12,"enemies":"Exordium Thugs","floor":13,"turns":4},{"damage":15,"enemies":"Slime Boss","floor":16,"turns":8},{"damage":6,"enemies":"3 Byrds","floor":18,"turns":5},{"damage":20,"enemies":"Shell Parasite","floor":20,"turns":6},{"damage":36,"enemies":"Shelled Parasite and Fungi","floor":22,"turns":5},{"damage":21,"enemies":"Centurion and Healer","floor":24,"turns":2}],"seed_played":"-6479092191426454244","potions_obtained":[{"floor":2,"key":"Regen Potion"},{"floor":5,"key":"LiquidBronze"},{"floor":6,"key":"LiquidBronze"},{"floor":10,"key":"BloodPotion"},{"floor":20,"key":"Energy Potion"}],"is_trial":false,"path_per_floor":["M","M","$","?","M","E","R","M","T","M","?","M","M","$","R","B",null,"M","$","M","?","M","R","M"],"character_chosen":"IRONCLAD","items_purchased":["Pummel","Metallicize","PowerPotion","Metallicize"],"campfire_rested":1,"item_purchase_floors":[3,14,14,19],"current_hp_per_floor":[65,61,61,61,66,8,30,35,35,40,22,22,34,34,34,25,63,63,63,49,49,19,19,0],"gold":84,"neow_bonus":"TRANSFORM_TWO_CARDS","is_prod":false,"is_daily":false,"chose_seed":false,"campfire_upgraded":2,"win_rate":0,"timestamp":1567234240,"path_taken":["M","M","$","?","M","E","R","?","T","M","?","M","M","$","R","BOSS","M","$","M","?","M","R","M"],"build_version":"2019-07-17","purchased_purges":1,"victory":false,"max_hp_per_floor":[75,75,75,75,75,75,75,75,75,75,75,75,75,75,75,75,75,75,75,75,75,75,75,75],"card_choices":[{"not_picked":["True Grit","Sword Boomerang"],"picked":"Ghostly Armor","floor":1},{"not_picked":["Armaments","Dual Wield"],"picked":"Wild Strike","floor":2},{"not_picked":["Wild Strike","Reckless Charge"],"picked":"Heavy Blade","floor":5},{"not_picked":["Dual Wield","Second Wind"],"picked":"Headbutt","floor":6},{"not_picked":["Ghostly Armor","Anger"],"picked":"Thunderclap","floor":8},{"not_picked":["Headbutt","Perfected Strike"],"picked":"Iron Wave","floor":10},{"not_picked":["Perfected Strike","Entrench"],"picked":"Seeing Red","floor":12},{"not_picked":["Thunderclap","Heavy Blade"],"picked":"Armaments","floor":13},{"not_picked":["Double Tap","Barricade"],"picked":"Juggernaut","floor":16},{"not_picked":["Twin Strike","Pummel"],"picked":"Warcry","floor":18},{"not_picked":["Body Slam","Metallicize"],"picked":"Corruption","floor":20},{"not_picked":["Heavy Blade","Reckless Charge+1"],"picked":"Bloodletting","floor":22}],"player_experience":700269,"relics_obtained":[{"floor":6,"key":"Blue Candle"},{"floor":9,"key":"Mercury Hourglass"}],"event_choices":[{"cards_removed":["Barricade"],"damage_healed":0,"gold_gain":0,"player_choice":"Gave Card","damage_taken":0,"relics_obtained":["Omamori"],"max_hp_gain":0,"max_hp_loss":0,"event_name":"WeMeetAgain","floor":4,"gold_loss":0},{"damage_healed":0,"gold_gain":0,"player_choice":"Success","damage_taken":18,"relics_obtained":["Kunai"],"max_hp_gain":0,"max_hp_loss":0,"event_name":"Scrap Ooze","floor":11,"gold_loss":0},{"damage_healed":0,"gold_gain":0,"player_choice":"Obtain J.A.X.","damage_taken":0,"max_hp_gain":0,"max_hp_loss":0,"event_name":"Drug Dealer","floor":21,"gold_loss":0,"cards_obtained":["J.A.X."]}],"is_beta":false,"boss_relics":[{"not_picked":["Runic Cube","Velvet Choker"],"picked":"Philosopher\u0027s Stone"}],"items_purged_floors":[3],"is_endless":false,"potions_floor_spawned":[2,5,6,10,20],"killed_by":"Centurion and Healer","ascension_level":15}