{"gold_per_floor":[116,131,131,144,155,155,1,327,396,346,346,373,373,395,395,493,493,507,526,526,88,123,123,148,148,148,164,164,198,198,129,129,227,227,245,345,364,137,359,359,372,13,36,36,36,36,36,36,36,36],"floor_reached":50,"playtime":2104,"items_purged":["Strike_B"],"score":608,"play_id":"a7c84054-70b6-4923-9ba4-3f0419b0aa35","local_time":"20190904111043","is_ascension_mode":true,"campfire_choices":[{"data":"Zap","floor":6,"key":"SMITH"},{"data":"Sunder","floor":11,"key":"SMITH"},{"data":"White Noise","floor":13,"key":"SMITH"},{"floor":15,"key":"REST"},{"data":"Defragment","floor":23,"key":"SMITH"},{"data":"Buffer","floor":28,"key":"SMITH"},{"data":"White Noise","floor":30,"key":"SMITH"},{"data":"Amplify","floor":32,"key":"SMITH"},{"data":"Creative AI","floor":40,"key":"SMITH"},{"floor":45,"key":"RECALL"},{"data":"Capacitor","floor":47,"key":"SMITH"},{"data":"Conserve Battery","floor":49,"key":"SMITH"}],"neow_cost":"NONE","seed_source_timestamp":1072107370146028,"circlet_count":0,"master_deck":["Strike_B+1","Defend_B","Defend_B","Defend_B","Zap+1","Dualcast","Beam Cell","Ball Lightning","Ball Lightning+1","Steam","Sunder+1","White Noise+1","Amplify+1","Buffer+1","Capacitor+1","Hologram+1","Core Surge","Defragment+1","Barrage+1","Sweeping Beam","Force Field","White Noise+1","Loop","Creative AI+1","Conserve Battery+1","Conserve Battery+1","Madness","Madness"],"relics":["Cracked Core","NeowsBlessing","Bronze Scales","Old Coin","Dodecahedron","Whetstone","Odd Mushroom","Eternal Feather","ClockworkSouvenir","Lantern","Red Mask","Symbiotic Virus","Dead Branch","Pen Nib","Nuclear Battery","WingedGreaves","DataDisk","Medical Kit","Centennial Puzzle","Turnip"],"potions_floor_usage":[12,22,24,33,50,50,50],"damage_taken":[{"damage":0,"enemies":"2 Louse","floor":1,"turns":1},{"damage":0,"enemies":"Cultist","floor":2,"turns":1},{"damage":0,"enemies":"Small Slimes","floor":4,"turns":1},{"damage":9,"enemies":"Blue Slaver","floor":5,"turns":3},{"damage":25,"enemies":"Lagavulin","floor":8,"turns":5},{"damage":12,"enemies":"3 Sentries","floor":12,"turns":4},{"damage":8,"enemies":"The Mushroom Lair","floor":14,"turns":3},{"damage":23,"enemies":"Hexaghost","floor":16,"turns":8},{"damage":0,"enemies":"Spheric Guardian","floor":18,"turns":3},{"damage":13,"enemies":"Chosen","floor":19,"turns":5},{"damage":8,"enemies":"Masked Bandits","floor":22,"turns":4},{"damage":0,"enemies":"Slavers","floor":24,"turns":4},{"damage":0,"enemies":"Snecko","floor":27,"turns":3},{"damage":2,"enemies":"Gremlin Leader","floor":29,"turns":5},{"damage":0,"enemies":"Champ","floor":33,"turns":5},{"damage":0,"enemies":"3 Shapes","floor":35,"turns":3},{"damage":9,"enemies":"Mind Bloom Boss Battle","floor":36,"turns":5},{"damage":35,"enemies":"3 Darklings","floor":37,"turns":5},{"damage":21,"enemies":"Sphere and 2 Shapes","floor":41,"turns":5},{"damage":78,"enemies":"Time Eater","floor":50,"turns":8}],"seed_played":"-7914717883220957244","potions_obtained":[{"floor":2,"key":"AttackPotion"},{"floor":5,"key":"Ancient Potion"},{"floor":14,"key":"AttackPotion"},{"floor":19,"key":"Fire Potion"},{"floor":22,"key":"SteroidPotion"},{"floor":25,"key":"PowerPotion"},{"floor":25,"key":"Dexterity Potion"},{"floor":33,"key":"FearPotion"},{"floor":36,"key":"Regen Potion"}],"is_trial":false,"path_per_floor":["M","M","?","M","M","R","$","E","T","?","R","E","R","?","R","B",null,"M","M","?","$","?","R","E","?","T","M","R","E","R","$","R","B",null,"M","?","M","$","?","R","M","$","T","?","R","?","R","T","R","B"],"character_chosen":"DEFECT","items_purchased":["Bronze Scales","ClockworkSouvenir","Defragment","Lantern","Loop","DataDisk","Medical Kit","Centennial Puzzle"],"campfire_rested":1,"item_purchase_floors":[7,21,21,21,31,38,42,42],"current_hp_per_floor":[75,75,75,75,66,66,66,41,41,41,41,29,29,21,43,20,75,75,62,62,62,54,66,66,66,66,66,75,73,75,75,75,75,75,75,66,31,31,31,46,25,25,25,25,40,31,46,46,61,0],"gold":36,"neow_bonus":"THREE_ENEMY_KILL","is_prod":false,"is_daily":false,"chose_seed":false,"campfire_upgraded":10,"win_rate":0,"timestamp":1567584643,"path_taken":["M","M","?","?","M","R","$","E","T","?","R","E","R","?","R","BOSS","M","M","?","$","?","R","E","?","T","?","R","E","R","$","R","BOSS","M","?","M","$","?","R","M","?","T","?","R","?","R","?","R","BOSS"],"build_version":"2019-07-17","purchased_purges":1,"victory":false,"max_hp_per_floor":[75,75,75,75,75,75,75,75,75,75,75,75,75,75,75,75,75,75,75,75,75,75,75,75,75,75,75,75,75,75,75,75,75,75,75,75,75,75,75,75,75,75,75,75,75,75,75,75,75,75],"card_choices":[{"not_picked":["Stack","Scrape"],"picked":"Beam Cell","floor":1},{"not_picked":["Redo","Steam"],"picked":"Ball Lightning","floor":2},{"not_picked":["Thunder Strike","Rebound"],"picked":"Ball Lightning","floor":4},{"not_picked":["Compile Driver","Barrage"],"picked":"Steam","floor":5},{"not_picked":["Go for the Eyes","Streamline"],"picked":"Sunder","floor":8},{"not_picked":["Skim","Genetic Algorithm"],"picked":"White Noise","floor":12},{"not_picked":["Barrage","Beam Cell"],"picked":"Amplify","floor":14},{"not_picked":["Multi-Cast","Rainbow"],"picked":"Buffer","floor":16},{"not_picked":["Turbo+1","Gash"],"picked":"Capacitor","floor":18},{"not_picked":["Streamline","Chaos"],"picked":"Hologram+1","floor":19},{"not_picked":["Hologram","Stack"],"picked":"Barrage+1","floor":22},{"not_picked":["Blizzard","Beam Cell","Sweeping Beam"],"picked":"SKIP","floor":24},{"not_picked":["Blizzard","Beam Cell"],"picked":"Sweeping Beam","floor":24},{"not_picked":["Blizzard","Gash+1"],"picked":"Force Field","floor":27},{"not_picked":["Genetic Algorithm","Aggregate"],"picked":"White Noise","floor":29},{"not_picked":["Machine Learning","Rainbow"],"picked":"Creative AI","floor":33},{"not_picked":["Reprogram","Steam Power","Stack+1"],"picked":"SKIP","floor":35},{"not_picked":["Reprogram+1","White Noise"],"picked":"Conserve Battery","floor":36},{"not_picked":["Ball Lightning+1","Gash"],"picked":"Conserve Battery+1","floor":37},{"not_picked":["Doom and Gloom","Conserve Battery","Streamline"],"picked":"SKIP","floor":41}],"player_experience":260824,"relics_obtained":[{"floor":8,"key":"Old Coin"},{"floor":9,"key":"Dodecahedron"},{"floor":12,"key":"Whetstone"},{"floor":14,"key":"Odd Mushroom"},{"floor":22,"key":"Red Mask"},{"floor":24,"key":"Symbiotic Virus"},{"floor":26,"key":"Dead Branch"},{"floor":29,"key":"Pen Nib"},{"floor":36,"key":"WingedGreaves"},{"floor":48,"key":"Turnip"}],"event_choices":[{"cards_removed":["Strike_B"],"damage_healed":0,"gold_gain":0,"player_choice":"Purged","damage_taken":0,"max_hp_gain":0,"max_hp_loss":0,"event_name":"Purifier","floor":3,"gold_loss":0},{"cards_removed":["Strike_B"],"damage_healed":0,"gold_gain":0,"player_choice":"Card Removal","damage_taken":0,"max_hp_gain":0,"max_hp_loss":0,"event_name":"The Cleric","floor":10,"gold_loss":50},{"damage_healed":0,"gold_gain":0,"player_choice":"Fought Mushrooms","damage_taken":0,"max_hp_gain":0,"max_hp_loss":0,"event_name":"Mushrooms","floor":14,"gold_loss":0},{"damage_healed":0,"gold_gain":0,"player_choice":"Read","damage_taken":0,"max_hp_gain":0,"max_hp_loss":0,"event_name":"The Library","floor":20,"gold_loss":0,"cards_obtained":["Core Surge"]},{"damage_healed":0,"gold_gain":0,"player_choice":"Fought Bandits","damage_taken":0,"max_hp_gain":0,"max_hp_loss":0,"event_name":"Masked Bandits","floor":22,"gold_loss":0},{"damage_healed":0,"gold_gain":0,"player_choice":"Got Potions","damage_taken":0,"max_hp_gain":0,"max_hp_loss":0,"event_name":"Lab","floor":25,"gold_loss":0},{"damage_healed":0,"gold_gain":0,"player_choice":"Fight","damage_taken":0,"max_hp_gain":0,"max_hp_loss":0,"event_name":"MindBloom","floor":36,"gold_loss":0},{"damage_healed":0,"gold_gain":222,"player_choice":"Wore Mask","damage_taken":0,"max_hp_gain":0,"max_hp_loss":0,"event_name":"Tomb of Lord Red Mask","floor":39,"gold_loss":0},{"cards_removed":["Defend_B"],"damage_healed":0,"gold_gain":0,"player_choice":"Removed Skill","damage_taken":0,"max_hp_gain":0,"max_hp_loss":0,"event_name":"Falling","floor":44,"gold_loss":0},{"damage_healed":0,"gold_gain":0,"player_choice":"Embrace Madness","damage_taken":9,"max_hp_gain":0,"max_hp_loss":0,"event_name":"Winding Halls","floor":46,"gold_loss":0,"cards_obtained":["Madness","Madness"]}],"is_beta":false,"boss_relics":[{"not_picked":["Pandora\u0027s Box","Busted Crown"],"picked":"Eternal Feather"},{"not_picked":["Fusion Hammer","Empty Cage"],"picked":"Nuclear Battery"}],"items_purged_floors":[38],"is_endless":false,"potions_floor_spawned":[2,5,14,19,22,33,36,37],"killed_by":"Time Eater","ascension_level":1}