{"gold_per_floor":[115,41,59,134,145,145,145,145,145,175,50,62,12,31,31,130,130,140,155,166,199,215,215,115,115,115,115,125,125,136,136,148,259,271,302,414,440,468,494,506,319,334,334,184,184,194,212,231,231,231],"floor_reached":51,"playtime":3554,"items_purged":["Strike_G","Strike_G","Well Laid Plans","Strike_G"],"score":628,"play_id":"f260e835-d141-417a-8e89-19623acd991f","local_time":"20190901022801","is_ascension_mode":false,"campfire_choices":[{"data":"Neutralize","floor":6,"key":"SMITH"},{"data":"After Image","floor":8,"key":"SMITH"},{"data":"Backflip","floor":15,"key":"SMITH"},{"floor":23,"key":"REST"},{"data":"PiercingWail","floor":25,"key":"SMITH"},{"floor":29,"key":"REST"},{"data":"Flechettes","floor":32,"key":"SMITH"},{"data":"Backflip","floor":40,"key":"SMITH"},{"floor":49,"key":"REST"}],"neow_cost":"NONE","seed_source_timestamp":1563752866558553,"circlet_count":0,"master_deck":["Defend_G","Defend_G","Defend_G","Defend_G","Defend_G","Survivor","Neutralize+1","After Image+1","Deadly Poison","All Out Attack","PiercingWail+1","Flechettes+1","Backflip+1","Bane","Noxious Fumes","Tools of the Trade","Bane+1","Bouncing Flask","Backflip+1","Deadly Poison","Corpse Explosion","Concentrate","Backstab"],"relics":["Ring of the Snake","Meat on the Bone","Ancient Tea Set","Runic Pyramid","Red Mask","Darkstone Periapt","MawBank","Lizard Tail","Torii","Centennial Puzzle"],"potions_floor_usage":[16,21,21,33,38,47,50,50],"damage_taken":[{"damage":3,"enemies":"Jaw Worm","floor":1,"turns":9},{"damage":0,"enemies":"2 Louse","floor":3,"turns":2},{"damage":0,"enemies":"Cultist","floor":5,"turns":4},{"damage":1,"enemies":"Lagavulin","floor":10,"turns":8},{"damage":0,"enemies":"Looter","floor":12,"turns":4},{"damage":0,"enemies":"Exordium Thugs","floor":14,"turns":5},{"damage":35,"enemies":"Slime Boss","floor":16,"turns":12},{"damage":18,"enemies":"2 Thieves","floor":18,"turns":5},{"damage":0,"enemies":"Chosen","floor":19,"turns":4},{"damage":9,"enemies":"Centurion and Healer","floor":20,"turns":6},{"damage":39,"enemies":"Masked Bandits","floor":21,"turns":6},{"damage":13,"enemies":"3 Cultists","floor":22,"turns":5},{"damage":20,"enemies":"Cultist and Chosen","floor":28,"turns":7},{"damage":1,"enemies":"Centurion and Healer","floor":30,"turns":8},{"damage":36,"enemies":"Automaton","floor":33,"turns":12},{"damage":6,"enemies":"Orb Walker","floor":35,"turns":4},{"damage":10,"enemies":"Mind Bloom Boss Battle","floor":36,"turns":8},{"damage":2,"enemies":"3 Shapes","floor":37,"turns":3},{"damage":9,"enemies":"Sphere and 2 Shapes","floor":38,"turns":5},{"damage":0,"enemies":"4 Shapes","floor":39,"turns":6},{"damage":1,"enemies":"3 Darklings","floor":42,"turns":4},{"damage":1,"enemies":"Jaw Worm Horde","floor":46,"turns":3},{"damage":2,"enemies":"Sphere and 2 Shapes","floor":47,"turns":4},{"damage":1,"enemies":"Maw","floor":48,"turns":9},{"damage":108,"enemies":"Time Eater","floor":50,"turns":17}],"seed_played":"1060767436730535911","potions_obtained":[{"floor":3,"key":"Swift Potion"},{"floor":10,"key":"Explosive Potion"},{"floor":16,"key":"Regen Potion"},{"floor":20,"key":"Regen Potion"},{"floor":22,"key":"EssenceOfSteel"},{"floor":30,"key":"Energy Potion"},{"floor":33,"key":"Weak Potion"},{"floor":39,"key":"FearPotion"},{"floor":46,"key":"Block Potion"}],"is_trial":false,"path_per_floor":["M","$","M","?","M","R","?","R","T","E","$","M","?","M","R","B",null,"M","M","M","?","M","R","$","R","T","?","M","R","M","?","R","B",null,"M","?","M","M","M","R","$","M","T","$","?","M","M","M","R","B",null],"character_chosen":"THE_SILENT","items_purchased":["All Out Attack","Backflip","Concentrate"],"campfire_rested":3,"item_purchase_floors":[2,11,41],"current_hp_per_floor":[67,67,67,56,56,56,56,56,56,55,55,55,55,55,55,32,70,52,52,43,28,27,48,48,48,48,48,40,61,60,60,60,36,70,64,54,52,43,43,43,43,42,42,42,42,41,39,38,59,36],"gold":231,"neow_bonus":"TRANSFORM_CARD","is_prod":false,"is_daily":false,"chose_seed":false,"campfire_upgraded":6,"win_rate":0,"timestamp":1567297681,"path_taken":["M","$","M","?","M","R","?","R","T","E","$","M","?","M","R","BOSS","M","M","M","?","M","R","$","R","T","?","?","R","M","?","R","BOSS","M","?","M","M","M","R","$","M","T","$","?","M","M","?","R","BOSS"],"build_version":"2019-07-17","purchased_purges":4,"victory":true,"max_hp_per_floor":[70,70,70,70,70,70,70,70,70,70,70,70,70,70,70,70,70,70,70,70,70,70,70,70,70,70,70,70,70,70,70,70,70,70,70,70,70,70,70,70,70,70,70,70,70,70,70,70,70,70],"card_choices":[{"not_picked":["Slice","Distraction"],"picked":"Deadly Poison","floor":1},{"not_picked":["Crippling Poison","Flying Knee"],"picked":"PiercingWail","floor":3},{"not_picked":["Dagger Throw","Acrobatics"],"picked":"Well Laid Plans","floor":5},{"not_picked":["Riddle With Holes","Prepared"],"picked":"Flechettes","floor":10},{"not_picked":["Blade Dance","Poisoned Stab"],"picked":"Bane","floor":12},{"not_picked":["PiercingWail","Prepared"],"picked":"Noxious Fumes","floor":14},{"not_picked":["Glass Knife","Storm of Steel"],"picked":"Tools of the Trade","floor":16},{"not_picked":["Calculated Gamble+1","Well Laid Plans"],"picked":"Bane+1","floor":18},{"not_picked":["Blade Dance","Accuracy+1","Choke"],"picked":"SKIP","floor":19},{"not_picked":["Eviscerate","Calculated Gamble"],"picked":"Bouncing Flask","floor":20},{"not_picked":["Quick Slash","Deadly Poison"],"picked":"Backflip","floor":22},{"not_picked":["PiercingWail","All Out Attack","Flying Knee"],"picked":"SKIP","floor":28},{"not_picked":["Well Laid Plans","Blade Dance+1"],"picked":"Deadly Poison","floor":30},{"not_picked":["Tools of the Trade","Glass Knife"],"picked":"Corpse Explosion","floor":33},{"not_picked":["Dodge and Roll","Slice+1","Cloak And Dagger"],"picked":"SKIP","floor":35},{"not_picked":["Accuracy+1","PiercingWail","Deadly Poison"],"picked":"SKIP","floor":37},{"not_picked":["Bane","Acrobatics+1","Backflip+1"],"picked":"SKIP","floor":38},{"not_picked":["Dodge and Roll","Underhanded Strike","Flying Knee"],"picked":"SKIP","floor":39},{"not_picked":["Blade Dance+1","Bouncing Flask+1","Wraith Form v2"],"picked":"SKIP","floor":42},{"not_picked":["Backflip","Dagger Throw","Sucker Punch"],"picked":"SKIP","floor":46},{"not_picked":["Deadly Poison+1","Dodge and Roll"],"picked":"Backstab","floor":47},{"not_picked":["Infinite Blades+1","Poisoned Stab+1","Cloak And Dagger"],"picked":"SKIP","floor":48}],"player_experience":117394,"relics_obtained":[{"floor":9,"key":"Meat on the Bone"},{"floor":10,"key":"Ancient Tea Set"},{"floor":21,"key":"Red Mask"},{"floor":26,"key":"Darkstone Periapt"},{"floor":31,"key":"MawBank"},{"floor":36,"key":"Torii"},{"floor":43,"key":"Centennial Puzzle"}],"event_choices":[{"damage_healed":0,"gold_gain":75,"player_choice":"Gather Gold","damage_taken":11,"max_hp_gain":0,"max_hp_loss":0,"event_name":"World of Goop","floor":4,"gold_loss":0},{"damage_healed":0,"gold_gain":0,"player_choice":"Ignored","damage_taken":0,"max_hp_gain":0,"max_hp_loss":0,"event_name":"Shining Light","floor":7,"gold_loss":0},{"cards_removed":["Strike_G"],"damage_healed":0,"gold_gain":0,"player_choice":"Card Removal","damage_taken":0,"max_hp_gain":0,"max_hp_loss":0,"event_name":"The Cleric","floor":13,"gold_loss":50},{"damage_healed":0,"gold_gain":0,"player_choice":"Fought Bandits","damage_taken":0,"max_hp_gain":0,"max_hp_loss":0,"event_name":"Masked Bandits","floor":21,"gold_loss":0},{"damage_healed":0,"gold_gain":0,"player_choice":"Leave","damage_taken":0,"max_hp_gain":0,"max_hp_loss":0,"event_name":"FaceTrader","floor":27,"gold_loss":0},{"damage_healed":0,"gold_gain":0,"player_choice":"Relic","damage_taken":0,"max_hp_gain":0,"max_hp_loss":0,"event_name":"Wheel of Change","floor":31,"gold_loss":0},{"damage_healed":0,"gold_gain":0,"player_choice":"Fight","damage_taken":0,"max_hp_gain":0,"max_hp_loss":0,"event_name":"MindBloom","floor":36,"gold_loss":0},{"damage_healed":0,"gold_gain":0,"player_choice":"Ignored","damage_taken":0,"max_hp_gain":0,"max_hp_loss":0,"event_name":"SecretPortal","floor":45,"gold_loss":0}],"is_beta":false,"boss_relics":[{"not_picked":["HoveringKite","Eternal Feather"],"picked":"Runic Pyramid"},{"not_picked":["Ring of the Serpent","Astrolabe"],"picked":"Lizard Tail"}],"items_purged_floors":[11,24,41,44],"is_endless":false,"potions_floor_spawned":[3,10,16,20,22,30,33,39,46],"ascension_level":0}