{"gold_per_floor":[113,126,143,160,160,191,266,325,351,25,25,53,2,20,20,119,119,134,123,142,74,90,90,90],"floor_reached":24,"playtime":1452,"items_purged":["Strike_R"],"score":218,"play_id":"f15103bf-9c74-471b-8a9b-1ec025f7a805","local_time":"20190807043010","is_ascension_mode":false,"campfire_choices":[{"floor":11,"key":"REST"},{"data":"Armaments","floor":15,"key":"SMITH"},{"data":"Uppercut","floor":23,"key":"SMITH"}],"neow_cost":"NONE","seed_source_timestamp":8442849510599,"circlet_count":0,"master_deck":["Strike_R","Strike_R","Strike_R","Strike_R","Defend_R","Defend_R","Defend_R","Defend_R","Bash","Combust","Anger","True Grit","Sword Boomerang","Armaments+1","Purity","Headbutt","Shrug It Off","Disarm","Reaper","Havoc+1","Uppercut+1","Inflame+1"],"relics":["Burning Blood","NeowsBlessing","Question Card","Tiny Chest","Happy Flower","Lantern","Dream Catcher","Busted Crown"],"potions_floor_usage":[6,8,12,19],"damage_taken":[{"damage":0,"enemies":"Cultist","floor":1,"turns":1},{"damage":0,"enemies":"Jaw Worm","floor":2,"turns":1},{"damage":0,"enemies":"Small Slimes","floor":3,"turns":1},{"damage":2,"enemies":"3 Louse","floor":4,"turns":3},{"damage":30,"enemies":"3 Sentries","floor":6,"turns":9},{"damage":39,"enemies":"Lagavulin","floor":8,"turns":8},{"damage":8,"enemies":"Gremlin Nob","floor":12,"turns":3},{"damage":6,"enemies":"Red Slaver","floor":14,"turns":3},{"damage":7,"enemies":"The Guardian","floor":16,"turns":13},{"damage":9,"enemies":"Shell Parasite","floor":18,"turns":7},{"damage":18,"enemies":"2 Thieves","floor":19,"turns":4},{"damage":38,"enemies":"3 Cultists","floor":20,"turns":6},{"damage":27,"enemies":"Snake Plant","floor":22,"turns":5},{"damage":42,"enemies":"Gremlin Leader","floor":24,"turns":5}],"seed_played":"7991940401744952385","potions_obtained":[{"floor":1,"key":"LiquidBronze"},{"floor":3,"key":"Weak Potion"},{"floor":4,"key":"Block Potion"},{"floor":8,"key":"Strength Potion"},{"floor":18,"key":"SkillPotion"},{"floor":19,"key":"Strength Potion"}],"is_trial":false,"path_per_floor":["M","M","M","M","?","E","?","E","T","$","R","E","$","M","R","B",null,"M","M","M","$","M","R","E"],"character_chosen":"IRONCLAD","items_purchased":["Lantern","Purity","Shrug It Off","Uppercut"],"campfire_rested":1,"item_purchase_floors":[10,10,13,21],"current_hp_per_floor":[80,80,80,80,80,56,45,12,12,12,36,34,34,34,34,33,80,77,75,48,48,28,28,0],"gold":90,"neow_bonus":"THREE_ENEMY_KILL","is_prod":false,"is_daily":false,"chose_seed":false,"campfire_upgraded":2,"win_rate":0,"timestamp":1565170210,"path_taken":["M","M","M","M","?","E","?","E","T","$","R","E","?","M","R","BOSS","M","M","M","?","M","R","E"],"build_version":"2019-07-17","purchased_purges":1,"victory":false,"max_hp_per_floor":[80,80,80,80,80,80,80,80,80,80,80,80,80,80,80,80,80,80,80,80,80,80,80,80],"card_choices":[{"not_picked":["Body Slam","Perfected Strike"],"picked":"Combust","floor":1},{"not_picked":["Power Through","Perfected Strike","Searing Blow"],"picked":"SKIP","floor":2},{"not_picked":["Perfected Strike","Cleave"],"picked":"Anger","floor":3},{"not_picked":["Hemokinesis","Armaments"],"picked":"True Grit","floor":4},{"not_picked":["Combust","Cleave"],"picked":"Sword Boomerang","floor":6},{"not_picked":["Fire Breathing","Wild Strike","Perfected Strike"],"picked":"Armaments","floor":8},{"not_picked":["Perfected Strike","Body Slam","Barricade"],"picked":"Headbutt","floor":12},{"not_picked":["Armaments","Pommel Strike","Burning Pact"],"picked":"Disarm","floor":14},{"not_picked":["Feed","Exhume","Limit Break"],"picked":"Reaper","floor":16},{"not_picked":["Bloodletting","Iron Wave"],"picked":"SKIP","floor":18},{"not_picked":["Entrench"],"picked":"Havoc+1","floor":19},{"not_picked":["Twin Strike+1","Anger+1"],"picked":"SKIP","floor":20},{"not_picked":["Cleave+1"],"picked":"Inflame+1","floor":22}],"player_experience":490028,"relics_obtained":[{"floor":6,"key":"Question Card"},{"floor":8,"key":"Tiny Chest"},{"floor":9,"key":"Happy Flower"},{"floor":12,"key":"Dream Catcher"}],"event_choices":[{"damage_healed":0,"gold_gain":0,"player_choice":"Ignored","damage_taken":0,"max_hp_gain":0,"max_hp_loss":0,"event_name":"Liars Game","floor":5,"gold_loss":0},{"damage_healed":0,"gold_gain":75,"player_choice":"Gather Gold","damage_taken":11,"max_hp_gain":0,"max_hp_loss":0,"event_name":"World of Goop","floor":7,"gold_loss":0}],"is_beta":false,"boss_relics":[{"not_picked":["Snecko Eye","Black Blood"],"picked":"Busted Crown"}],"items_purged_floors":[10],"is_endless":false,"potions_floor_spawned":[1,3,4,8,18,19],"killed_by":"Gremlin Leader","ascension_level":0}