{"gold_per_floor":[113,113,127,127,127,127,160,170,170,92,103,128,128,143,143,242,242,242],"floor_reached":18,"playtime":717,"items_purged":[],"score":179,"play_id":"26c7ecc9-c7eb-4722-96e5-a042f1172114","local_time":"20190904165910","is_ascension_mode":true,"campfire_choices":[{"data":"Zap","floor":6.0,"key":"SMITH"},{"floor":13,"key":"REST"},{"floor":15,"key":"REST"}],"neow_cost":"NONE","seed_source_timestamp":0,"circlet_count":0,"master_deck":["Strike_B","Strike_B","Strike_B","Defend_B","Defend_B","Defend_B","Defend_B","Zap+1","Dualcast","Hologram","Coolheaded","Meteor Strike","Conserve Battery","FTL","Recycle","Ball Lightning","Reinforced Body+1","Cold Snap","Echo Form"],"special_seed":0,"relics":["Cracked Core","Vajra","Darkstone Periapt","Ornamental Fan","Pantograph","Toxic Egg 2","Coffee Dripper"],"potions_floor_usage":[12],"damage_taken":[{"damage":1.0,"enemies":"2 Louse","floor":1.0,"turns":2.0},{"damage":3.0,"enemies":"Jaw Worm","floor":3.0,"turns":4.0},{"damage":48.0,"enemies":"Gremlin Nob","floor":7.0,"turns":5.0},{"damage":0.0,"enemies":"Cultist","floor":8.0,"turns":3.0},{"damage":8,"enemies":"Looter","floor":11,"turns":3},{"damage":18,"enemies":"3 Sentries","floor":12,"turns":5},{"damage":5,"enemies":"Blue Slaver","floor":14,"turns":2},{"damage":31,"enemies":"Slime Boss","floor":16,"turns":9},{"damage":0,"enemies":"Spheric Guardian","floor":18,"turns":3}],"seed_played":"1974022094352108125","potions_obtained":[{"floor":7.0,"key":"Ancient Potion"},{"floor":11,"key":"Swift Potion"},{"floor":14,"key":"FairyPotion"}],"is_trial":false,"path_per_floor":["M","?","M","T","?","R","E","M","T","$","M","E","R","M","R","B",null,"M"],"character_chosen":"DEFECT","items_purchased":["Recycle"],"campfire_rested":2,"item_purchase_floors":[10],"current_hp_per_floor":[74,79,76,76,76,76,28,28,28,28,20,2,26,21,45,39,80,80],"gold":242,"neow_bonus":"RANDOM_COMMON_RELIC","is_prod":false,"is_daily":false,"chose_seed":false,"campfire_upgraded":1,"win_rate":0,"timestamp":1567605550,"path_taken":["M","?","M","?","?","R","E","M","T","?","M","E","R","M","R","BOSS","M"],"build_version":"2019-07-17","purchased_purges":0,"victory":false,"max_hp_per_floor":[75,80,80,80,80,80,80,80,80,80,80,80,80,80,80,80,80,80],"card_choices":[{"not_picked":["Redo","Compile Driver"],"picked":"Hologram","floor":1.0},{"not_picked":["Undo","Go for the Eyes"],"picked":"Coolheaded","floor":3.0},{"not_picked":["Aggregate","Thunder Strike"],"picked":"Conserve Battery","floor":7.0},{"not_picked":["Hologram","Turbo"],"picked":"FTL","floor":8.0},{"not_picked":["Gash","Aggregate"],"picked":"Ball Lightning","floor":11},{"not_picked":["Ball Lightning","Genetic Algorithm"],"picked":"Reinforced Body","floor":12},{"not_picked":["Barrage","Thunder Strike"],"picked":"Cold Snap","floor":14},{"not_picked":["Reboot+1","Core Surge"],"picked":"Echo Form","floor":16}],"player_experience":262928,"relics_obtained":[{"floor":4.0,"key":"Darkstone Periapt"},{"floor":7.0,"key":"Ornamental Fan"},{"floor":9.0,"key":"Pantograph"},{"floor":12,"key":"Toxic Egg 2"}],"event_choices":[{"damage_healed":0.0,"max_hp_gain":5.0,"max_hp_loss":0.0,"gold_gain":0.0,"event_name":"Big Fish","player_choice":"Donut","floor":2.0,"gold_loss":0.0,"damage_taken":0.0},{"damage_healed":0.0,"max_hp_gain":0.0,"max_hp_loss":0.0,"gold_gain":0.0,"cards_transformed":["Strike_B"],"event_name":"Living Wall","player_choice":"Change","floor":5.0,"gold_loss":0.0,"damage_taken":0.0,"cards_obtained":["Meteor Strike"]}],"is_beta":false,"boss_relics":[{"not_picked":["Runic Pyramid","White Beast Statue"],"picked":"Coffee Dripper"}],"items_purged_floors":[],"is_endless":false,"potions_floor_spawned":[7,11,14],"killed_by":"Spheric Guardian","ascension_level":1}