{"gold_per_floor":[110,110,35,35,35,106,106,50,74,109,129,129,167,187,187,277,277,241,260,260,144,144,144,173,173,199,199,215,240,258,308,308,308],"floor_reached":33,"playtime":1322,"items_purged":[],"score":588,"play_id":"4072e9dd-ccfb-44d4-b7e2-c142f0732fb6","local_time":"20190621192425","is_ascension_mode":true,"campfire_choices":[{"data":"Neutralize","floor":7.0,"key":"SMITH"},{"data":"Caltrops","floor":15.0,"key":"SMITH"},{"data":"Ghostly","floor":23.0,"key":"SMITH"},{"data":"Ghostly","floor":25.0,"key":"SMITH"},{"data":"Ghostly","floor":27.0,"key":"SMITH"},{"data":"Footwork","floor":32.0,"key":"SMITH"}],"neow_cost":"NONE","seed_source_timestamp":715684362268992,"circlet_count":0,"master_deck":["AscendersBane","Strike_G","Strike_G","Strike_G","Strike_G","Defend_G","Defend_G+1","Defend_G","Defend_G","Defend_G+1","Survivor","Neutralize+1","Quick Slash","Dagger Spray","PiercingWail","Crippling Poison","Caltrops+1","Dagger Throw","Skewer+1","Ghostly+1","Ghostly+1","Ghostly+1","Footwork+1","Predator"],"special_seed":0,"relics":["Ring of the Snake","NeowsBlessing","Bloody Idol","Tiny Chest","Juzu Bracelet","Odd Mushroom","Dodecahedron","Velvet Choker","Vajra","Omamori","Pen Nib"],"potions_floor_usage":[33],"damage_taken":[{"damage":0.0,"enemies":"2 Louse","floor":1.0,"turns":1.0},{"damage":0.0,"enemies":"Gremlin Nob","floor":6.0,"turns":1.0},{"damage":0.0,"enemies":"The Mushroom Lair","floor":10.0,"turns":1.0},{"damage":0.0,"enemies":"Small Slimes","floor":11.0,"turns":6.0},{"damage":28.0,"enemies":"Lagavulin","floor":13.0,"turns":11.0},{"damage":1.0,"enemies":"Jaw Worm","floor":14.0,"turns":5.0},{"damage":26.0,"enemies":"The Guardian","floor":16.0,"turns":18.0},{"damage":13.0,"enemies":"2 Thieves","floor":18.0,"turns":5.0},{"damage":17.0,"enemies":"Shell Parasite","floor":19.0,"turns":10.0},{"damage":14.0,"enemies":"Book of Stabbing","floor":24.0,"turns":6.0},{"damage":4.0,"enemies":"Snecko","floor":28.0,"turns":6.0},{"damage":17.0,"enemies":"Cultist and Chosen","floor":30.0,"turns":6.0},{"damage":30,"enemies":"Collector","floor":33,"turns":2}],"seed_played":"-5311906095558617464","potions_obtained":[{"floor":6.0,"key":"Energy Potion"},{"floor":10.0,"key":"Regen Potion"},{"floor":14.0,"key":"AttackPotion"},{"floor":18.0,"key":"FearPotion"},{"floor":19.0,"key":"GamblersBrew"},{"floor":24.0,"key":"Strength Potion"}],"is_trial":false,"path_per_floor":["M","$","?","?","?","E","R","$","T","?","M","?","E","M","R","B",null,"M","M","?","$","?","R","E","R","T","R","M","T","M","?","R","B"],"character_chosen":"THE_SILENT","items_purchased":["Poison Potion","Footwork","Predator"],"campfire_rested":0,"item_purchase_floors":[8,21,21],"current_hp_per_floor":[59,59,59,39,39,39,39,39,39,39,54,59,31,30,30,4,50,37,20,20,20,20,20,11,11,16,16,17,22,10,15,15,0],"gold":308,"neow_bonus":"THREE_ENEMY_KILL","is_prod":false,"is_daily":false,"chose_seed":false,"campfire_upgraded":6,"win_rate":0,"timestamp":1561159465,"path_taken":["M","$","?","?","?","E","R","?","T","?","M","?","E","M","R","BOSS","M","M","?","$","?","R","E","R","T","R","M","?","M","?","R","BOSS"],"build_version":"2019-06-21","purchased_purges":0,"victory":false,"max_hp_per_floor":[66,66,66,66,60,60,60,60,60,60,60,65,65,65,65,65,65,65,65,32,32,32,32,32,32,32,32,32,32,32,32,32,32],"card_choices":[{"not_picked":["Underhanded Strike","Dodge and Roll"],"picked":"Quick Slash","floor":1.0},{"not_picked":["Expertise","Adrenaline"],"picked":"Dagger Spray","floor":6.0},{"not_picked":["Flying Knee","Caltrops"],"picked":"PiercingWail","floor":10.0},{"not_picked":["Distraction","Quick Slash"],"picked":"Crippling Poison","floor":11.0},{"not_picked":["Eviscerate","Doppelganger"],"picked":"Caltrops","floor":13.0},{"not_picked":["Choke","Eviscerate","Underhanded Strike"],"picked":"SKIP","floor":14.0},{"not_picked":["Slice","Reflex"],"picked":"Dagger Throw","floor":18.0},{"not_picked":["Sucker Punch","Crippling Poison"],"picked":"Skewer+1","floor":19.0},{"not_picked":["Blade Dance","Concentrate","Sucker Punch"],"picked":"SKIP","floor":24.0},{"not_picked":["Tactician","Blade Dance","Dagger Throw"],"picked":"SKIP","floor":28.0},{"not_picked":["Eviscerate","Expertise","Flying Knee"],"picked":"SKIP","floor":30.0}],"player_experience":988292,"relics_obtained":[{"floor":6.0,"key":"Tiny Chest"},{"floor":9.0,"key":"Juzu Bracelet"},{"floor":10.0,"key":"Odd Mushroom"},{"floor":13.0,"key":"Dodecahedron"},{"floor":24.0,"key":"Vajra"},{"floor":26.0,"key":"Omamori"},{"floor":29.0,"key":"Pen Nib"}],"event_choices":[{"cards_removed":["Strike_G"],"damage_healed":0.0,"max_hp_gain":0.0,"max_hp_loss":0.0,"gold_gain":0.0,"event_name":"The Cleric","player_choice":"Card Removal","floor":3.0,"gold_loss":75.0,"damage_taken":0.0},{"damage_healed":0.0,"max_hp_gain":0.0,"max_hp_loss":0.0,"gold_gain":0.0,"event_name":"Shining Light","player_choice":"Entered Light","floor":4.0,"gold_loss":0.0,"damage_taken":20.0,"cards_upgraded":["Defend_G","Defend_G"]},{"damage_healed":0.0,"max_hp_gain":0.0,"max_hp_loss":6.0,"gold_gain":0.0,"event_name":"Golden Idol","player_choice":"Lose Max HP","floor":5.0,"gold_loss":0.0,"damage_taken":0.0,"relics_obtained":["Golden Idol"]},{"damage_healed":0.0,"max_hp_gain":0.0,"max_hp_loss":0.0,"gold_gain":0.0,"event_name":"Mushrooms","player_choice":"Fought Mushrooms","floor":10.0,"gold_loss":0.0,"damage_taken":0.0},{"damage_healed":0.0,"max_hp_gain":5.0,"max_hp_loss":0.0,"gold_gain":0.0,"event_name":"Big Fish","player_choice":"Donut","floor":12.0,"gold_loss":0.0,"damage_taken":0.0},{"damage_healed":0.0,"max_hp_gain":0.0,"max_hp_loss":33.0,"gold_gain":0.0,"event_name":"Ghosts","player_choice":"Became a Ghost","floor":20.0,"gold_loss":0.0,"damage_taken":0.0,"cards_obtained":["Ghostly","Ghostly","Ghostly"]},{"damage_healed":0.0,"max_hp_gain":0.0,"max_hp_loss":0.0,"gold_gain":0.0,"event_name":"Forgotten Altar","player_choice":"Gave Idol","floor":22.0,"relics_lost":["Golden Idol"],"gold_loss":0.0,"damage_taken":0.0,"relics_obtained":["Bloody Idol"]},{"damage_healed":0.0,"max_hp_gain":0.0,"max_hp_loss":0.0,"gold_gain":100.0,"event_name":"The Joust","player_choice":"Bet on Murderer","floor":31.0,"gold_loss":50.0,"damage_taken":0.0}],"is_beta":true,"boss_relics":[{"not_picked":["HoveringKite","Pandora\u0027s Box"],"picked":"Velvet Choker"}],"items_purged_floors":[],"is_endless":false,"potions_floor_spawned":[6,10,14,18,19,24],"killed_by":"Collector","ascension_level":20}