{"gold_per_floor":[12,29,29,41,41,71,71,81,81,81,34,34,54,73,73,147,147,161,161,30,30,41,66,66,66,66,91,91,91,129,141],"floor_reached":31,"playtime":1096,"items_purged":["Writhe"],"score":542,"play_id":"7f6472af-d7ed-4ec0-8082-63403aa8fd3c","local_time":"20190708124728","is_ascension_mode":true,"campfire_choices":[{"floor":7.0,"key":"REST"},{"data":"Neutralize","floor":10.0,"key":"SMITH"},{"data":"Unload","floor":12.0,"key":"SMITH"},{"floor":15.0,"key":"REST"},{"floor":25,"key":"REST"}],"neow_cost":"NO_GOLD","seed_source_timestamp":319768066398704,"circlet_count":0,"master_deck":["AscendersBane","Strike_G+1","Strike_G+1","Strike_G+1","Strike_G+1","Strike_G+1","Defend_G+1","Defend_G+1","Defend_G+1","Defend_G+1","Defend_G+1","Survivor","Neutralize+1","PiercingWail","Well Laid Plans","Quick Slash","Unload+1","Backflip","Cloak And Dagger","Quick Slash","Cloak And Dagger","Deadly Poison","Corpse Explosion","Skewer","Deadly Poison","RitualDagger","PiercingWail","Die Die Die","Ghostly","Ghostly","Ghostly"],"special_seed":0,"relics":["Ring of the Snake","Prayer Wheel","War Paint","Dodecahedron","Snake Skull","Fusion Hammer","Matryoshka","Boot","Bronze Scales","Shuriken","Centennial Puzzle","MawBank","Letter Opener","Blood Vial"],"potions_floor_usage":[23,23,27],"damage_taken":[{"damage":0.0,"enemies":"2 Louse","floor":1.0,"turns":3.0},{"damage":0.0,"enemies":"Jaw Worm","floor":2.0,"turns":7.0},{"damage":1.0,"enemies":"Small Slimes","floor":4.0,"turns":4.0},{"damage":46.0,"enemies":"Gremlin Nob","floor":6.0,"turns":5.0},{"damage":0.0,"enemies":"2 Fungi Beasts","floor":8.0,"turns":5.0},{"damage":4.0,"enemies":"Large Slime","floor":13.0,"turns":7.0},{"damage":0.0,"enemies":"3 Louse","floor":14.0,"turns":4.0},{"damage":21.0,"enemies":"Slime Boss","floor":16.0,"turns":11.0},{"damage":0,"enemies":"3 Byrds","floor":18,"turns":3},{"damage":16,"enemies":"Shell Parasite","floor":22,"turns":7},{"damage":2,"enemies":"Gremlin Leader","floor":23,"turns":6},{"damage":23,"enemies":"Slavers","floor":27,"turns":3},{"damage":21,"enemies":"Snecko","floor":31,"turns":5}],"seed_played":"-7749913933065834810","potions_obtained":[{"floor":1.0,"key":"Swift Potion"},{"floor":4.0,"key":"SneckoOil"},{"floor":13.0,"key":"AttackPotion"},{"floor":22,"key":"Fire Potion"},{"floor":23,"key":"Energy Potion"}],"is_trial":false,"path_per_floor":["M","M","$","M","?","E","R","M","T","R","?","R","M","M","R","B",null,"M","?","$","?","M","E","?","R","T","E","?","T","T","M"],"character_chosen":"THE_SILENT","items_purchased":["PowerPotion"],"campfire_rested":3,"item_purchase_floors":[20],"current_hp_per_floor":[59,59,59,58,47,1,20,20,20,20,20,20,16,16,35,14,53,53,53,53,47,31,29,29,33,33,10,10,10,10,0],"gold":141,"neow_bonus":"ONE_RARE_RELIC","is_prod":false,"is_daily":false,"chose_seed":false,"campfire_upgraded":2,"win_rate":0,"timestamp":1562604448,"path_taken":["M","M","$","M","?","E","R","M","T","R","?","R","M","M","R","BOSS","M","?","$","?","M","E","?","R","T","E","?","?","?","M"],"build_version":"2019-07-03","purchased_purges":1,"victory":false,"max_hp_per_floor":[66,66,66,66,66,66,66,66,66,66,66,66,66,66,66,66,66,66,66,66,66,66,66,33,33,33,33,33,33,33,33],"card_choices":[{"not_picked":["Dodge and Roll","Flechettes"],"picked":"PiercingWail","floor":1.0},{"not_picked":["Blur","Cloak And Dagger","Calculated Gamble"],"picked":"SKIP","floor":1.0},{"not_picked":["Dagger Throw","Sucker Punch"],"picked":"Well Laid Plans","floor":2.0},{"not_picked":["Footwork","Outmaneuver"],"picked":"Quick Slash","floor":2.0},{"not_picked":["Dagger Throw","Acrobatics"],"picked":"Unload","floor":4.0},{"not_picked":["Finisher","Acrobatics"],"picked":"Backflip","floor":4.0},{"not_picked":["Backflip","Deflect","Phantasmal Killer"],"picked":"SKIP","floor":6.0},{"not_picked":["Backflip","PiercingWail"],"picked":"Cloak And Dagger","floor":8.0},{"not_picked":["Backflip","Expertise"],"picked":"Quick Slash","floor":8.0},{"not_picked":["Flying Knee","Sucker Punch","Catalyst"],"picked":"SKIP","floor":13.0},{"not_picked":["Bullet Time","Quick Slash","Cloak And Dagger"],"picked":"SKIP","floor":13.0},{"not_picked":["Bullet Time","Quick Slash"],"picked":"Cloak And Dagger","floor":13.0},{"not_picked":["Flying Knee","Sucker Punch","Catalyst"],"picked":"SKIP","floor":13.0},{"not_picked":["Flying Knee","Sucker Punch","Catalyst"],"picked":"SKIP","floor":13.0},{"not_picked":["Acrobatics","Calculated Gamble"],"picked":"Deadly Poison","floor":14.0},{"not_picked":["Blade Dance","Cloak And Dagger","Riddle With Holes"],"picked":"SKIP","floor":14.0},{"not_picked":["Night Terror","Doppelganger"],"picked":"Corpse Explosion","floor":16.0},{"not_picked":["Eviscerate","Dodge and Roll"],"picked":"Skewer","floor":18},{"not_picked":["Dagger Throw+1","Sucker Punch"],"picked":"Deadly Poison","floor":18},{"not_picked":["Prepared","Flechettes+1"],"picked":"PiercingWail","floor":22},{"not_picked":["Heel Hook","Dagger Spray","Deflect"],"picked":"SKIP","floor":22},{"not_picked":["Cloak And Dagger","Quick Slash"],"picked":"Die Die Die","floor":23},{"not_picked":["Grand Finale","Dagger Throw+1","Bane"],"picked":"SKIP","floor":27}],"player_experience":994993,"relics_obtained":[{"floor":6.0,"key":"Dodecahedron"},{"floor":9.0,"key":"Snake Skull"},{"floor":23,"key":"Boot"},{"floor":26,"key":"Bronze Scales"},{"floor":26,"key":"Shuriken"},{"floor":27,"key":"Centennial Puzzle"},{"floor":29,"key":"MawBank"},{"floor":29,"key":"Letter Opener"},{"floor":30,"key":"Blood Vial"}],"event_choices":[{"damage_healed":0.0,"max_hp_gain":0.0,"max_hp_loss":0.0,"gold_gain":0.0,"event_name":"Scrap Ooze","player_choice":"Success","floor":5.0,"gold_loss":0.0,"damage_taken":11.0,"relics_obtained":["War Paint"]},{"damage_healed":0.0,"max_hp_gain":0.0,"max_hp_loss":0.0,"gold_gain":0.0,"event_name":"World of Goop","player_choice":"Left Gold","floor":11.0,"gold_loss":47.0,"damage_taken":0.0},{"damage_healed":0,"gold_gain":0,"player_choice":"Opened","damage_taken":0,"relics_obtained":["Matryoshka"],"max_hp_gain":0,"max_hp_loss":0,"event_name":"The Mausoleum","floor":19,"gold_loss":0,"cards_obtained":["Writhe"]},{"damage_healed":0,"gold_gain":0,"player_choice":"Joined the Cult","damage_taken":6,"max_hp_gain":0,"max_hp_loss":0,"event_name":"Nest","floor":21,"gold_loss":0,"cards_obtained":["RitualDagger"]},{"damage_healed":0,"gold_gain":0,"player_choice":"Became a Ghost","damage_taken":0,"max_hp_gain":0,"max_hp_loss":33,"event_name":"Ghosts","floor":24,"gold_loss":0,"cards_obtained":["Ghostly","Ghostly","Ghostly"]},{"damage_healed":0,"gold_gain":0,"player_choice":"Simplicity","damage_taken":0,"max_hp_gain":0,"max_hp_loss":0,"event_name":"Back to Basics","floor":28,"gold_loss":0,"cards_upgraded":["Strike_G","Strike_G","Strike_G","Strike_G","Strike_G","Defend_G","Defend_G","Defend_G"]}],"is_beta":true,"boss_relics":[{"not_picked":["Runic Pyramid","Astrolabe"],"picked":"Fusion Hammer"}],"items_purged_floors":[20],"is_endless":false,"potions_floor_spawned":[1,4,13,22,23],"killed_by":"Snecko","ascension_level":20}