{"gold_per_floor":[116,135,153,169,169,169,202,202,277,308,308,336,356,375,375,473,473,473],"floor_reached":18,"playtime":435,"items_purged":[],"score":216,"play_id":"dbe05d4f-4b11-4452-8dbe-df904ff2e1fd","local_time":"20190901215144","is_ascension_mode":true,"campfire_choices":[{"data":"Hyperbeam","floor":6,"key":"SMITH"},{"data":"Self Repair","floor":8,"key":"SMITH"},{"data":"Beam Cell","floor":15,"key":"SMITH"}],"neow_cost":"CURSE","seed_source_timestamp":853034125873173,"circlet_count":0,"master_deck":["Strike_B","Strike_B","Strike_B","Strike_B","Defend_B","Defend_B","Defend_B","Defend_B","Zap","Dualcast","Hyperbeam+1","Sweeping Beam","Rebound","Leap","Ball Lightning","Self Repair+1","Conserve Battery","Conserve Battery","Beam Cell+1","Seek"],"relics":["Cracked Core","Ginger","Omamori","Pantograph","Strawberry","Spirit Poop","Ice Cream","Runic Pyramid"],"potions_floor_usage":[],"damage_taken":[{"damage":6,"enemies":"Cultist","floor":1,"turns":3},{"damage":1,"enemies":"Jaw Worm","floor":2,"turns":2},{"damage":0,"enemies":"Small Slimes","floor":3,"turns":3},{"damage":0,"enemies":"Gremlin Gang","floor":4,"turns":1},{"damage":31,"enemies":"Lagavulin","floor":7,"turns":6},{"damage":15,"enemies":"Gremlin Nob","floor":10,"turns":4},{"damage":0,"enemies":"3 Sentries","floor":12,"turns":2},{"damage":10,"enemies":"Looter","floor":13,"turns":2},{"damage":5,"enemies":"2 Fungi Beasts","floor":14,"turns":3},{"damage":22,"enemies":"Slime Boss","floor":16,"turns":5},{"damage":13,"enemies":"Chosen","floor":18,"turns":4}],"seed_played":"-7573121068377878664","potions_obtained":[{"floor":4,"key":"Fire Potion"},{"floor":7,"key":"Explosive Potion"},{"floor":12,"key":"Block Potion"}],"is_trial":false,"path_per_floor":["M","M","M","M","?","R","E","R","T","E","?","E","M","M","R","B",null,"M"],"character_chosen":"DEFECT","items_purchased":[],"campfire_rested":0,"item_purchase_floors":[],"current_hp_per_floor":[69,68,68,68,61,61,30,30,30,32,32,42,42,47,47,60,82,69],"gold":473,"neow_bonus":"THREE_RARE_CARDS","is_prod":false,"is_daily":false,"chose_seed":false,"campfire_upgraded":3,"win_rate":0,"timestamp":1567363904,"path_taken":["M","M","?","M","?","R","E","R","T","E","?","E","?","M","R","BOSS","M"],"build_version":"2019-07-17","purchased_purges":0,"victory":false,"max_hp_per_floor":[75,75,75,75,75,75,75,75,75,82,82,82,82,82,82,82,82,82],"card_choices":[{"not_picked":["Fission","Meteor Strike"],"picked":"Hyperbeam","floor":0},{"not_picked":["Compile Driver","Fusion"],"picked":"Sweeping Beam","floor":1},{"not_picked":["Tempest","Hologram"],"picked":"Rebound","floor":2},{"not_picked":["Loop","Cold Snap"],"picked":"Leap","floor":3},{"not_picked":["Aggregate","Go for the Eyes"],"picked":"Ball Lightning","floor":4},{"not_picked":["Thunder Strike","Cold Snap"],"picked":"Self Repair","floor":7},{"not_picked":["Ball Lightning","Steam"],"picked":"Conserve Battery","floor":10},{"not_picked":["Capacitor","Rip and Tear"],"picked":"Conserve Battery","floor":12},{"not_picked":["Defragment","BootSequence"],"picked":"Beam Cell","floor":13},{"not_picked":["Blizzard","Barrage","Skim"],"picked":"SKIP","floor":14},{"not_picked":["Hyperbeam","Rainbow"],"picked":"Seek","floor":16}],"player_experience":238817,"relics_obtained":[{"floor":7,"key":"Omamori"},{"floor":9,"key":"Pantograph"},{"floor":10,"key":"Strawberry"},{"floor":12,"key":"Ice Cream"}],"event_choices":[{"damage_healed":0,"gold_gain":0,"player_choice":"Success","damage_taken":7,"relics_obtained":["Ginger"],"max_hp_gain":0,"max_hp_loss":0,"event_name":"Scrap Ooze","floor":5,"gold_loss":0},{"cards_removed":["Shame"],"damage_healed":0,"gold_gain":0,"player_choice":"Offered Curse","damage_taken":0,"relics_obtained":["Spirit Poop"],"max_hp_gain":0,"max_hp_loss":0,"event_name":"Bonfire Elementals","floor":11,"gold_loss":0}],"is_beta":false,"boss_relics":[{"not_picked":["Black Star","Calling Bell"],"picked":"Runic Pyramid"}],"items_purged_floors":[],"is_endless":false,"potions_floor_spawned":[4,7,12,14],"killed_by":"Chosen","ascension_level":1}