{"gold_per_floor":[109,34,34,34,34,34,48,81,81,95,44,44,29],"floor_reached":13,"playtime":332,"items_purged":["Doubt"],"score":85,"play_id":"03a3744f-0d71-411f-ad4c-d6c8b809286e","local_time":"20190904103530","is_ascension_mode":true,"campfire_choices":[{"data":"White Noise","floor":6,"key":"SMITH"},{"floor":12,"key":"RECALL"}],"neow_cost":"CURSE","seed_source_timestamp":0,"circlet_count":0,"master_deck":["Strike_B","Strike_B+1","Defend_B","Defend_B","Defend_B","Defend_B","Zap","Dualcast","Good Instincts","Enlightenment","White Noise+1","Machine Learning+1","Loop","Conserve Battery","Gash"],"special_seed":0,"relics":["Cracked Core","Cables","Bronze Scales"],"potions_floor_usage":[],"damage_taken":[{"damage":0,"enemies":"2 Louse","floor":1,"turns":2},{"damage":11,"enemies":"Jaw Worm","floor":7,"turns":3},{"damage":36,"enemies":"3 Sentries","floor":8,"turns":12},{"damage":5,"enemies":"Small Slimes","floor":10,"turns":6},{"damage":5,"enemies":"Exordium Thugs","floor":13,"turns":1}],"seed_played":"5693620936049186928","potions_obtained":[{"floor":1,"key":"FocusPotion"}],"is_trial":false,"path_per_floor":["M","$","?","?","?","R","M","E","T","M","$","R","M"],"character_chosen":"DEFECT","items_purchased":["Gash"],"campfire_rested":0,"item_purchase_floors":[11],"current_hp_per_floor":[75,75,68,68,53,53,42,6,6,1,1,1,0],"gold":29,"neow_bonus":"RANDOM_COLORLESS_2","is_prod":false,"is_daily":false,"chose_seed":false,"campfire_upgraded":1,"win_rate":0,"timestamp":1567582530,"path_taken":["M","$","?","?","?","R","M","E","T","M","$","R","M"],"build_version":"2019-07-17","purchased_purges":1,"victory":false,"max_hp_per_floor":[75,75,75,75,75,75,75,75,75,75,75,75,75],"card_choices":[{"not_picked":["Beam Cell","Hologram"],"picked":"White Noise","floor":1},{"not_picked":["Lockon","Chaos"],"picked":"Loop","floor":7},{"not_picked":["Reboot","Compile Driver","Steam Power"],"picked":"SKIP","floor":8},{"not_picked":["Lockon","Turbo"],"picked":"Conserve Battery","floor":10}],"player_experience":260492,"relics_obtained":[{"floor":8,"key":"Cables"},{"floor":9,"key":"Bronze Scales"}],"event_choices":[{"cards_removed":["Strike_B"],"damage_healed":0,"gold_gain":0,"player_choice":"Card Removal","damage_taken":7,"max_hp_gain":0,"max_hp_loss":0,"event_name":"Golden Wing","floor":3,"gold_loss":0},{"damage_healed":0,"gold_gain":0,"cards_transformed":["Strike_B"],"player_choice":"Change","damage_taken":0,"max_hp_gain":0,"max_hp_loss":0,"event_name":"Living Wall","floor":4,"gold_loss":0,"cards_obtained":["Machine Learning"]},{"damage_healed":0,"gold_gain":0,"player_choice":"Entered Light","damage_taken":15,"max_hp_gain":0,"max_hp_loss":0,"event_name":"Shining Light","floor":5,"gold_loss":0,"cards_upgraded":["Strike_B","Machine Learning"]}],"is_beta":false,"boss_relics":[],"items_purged_floors":[2],"is_endless":false,"potions_floor_spawned":[1],"killed_by":"Exordium Thugs","ascension_level":1}