{"gold_per_floor":[17,30,30,49,69,69,84,84,84,84,112,127,157,168,168,268,268,282,282,207,207,223,255,274,307,307,318,329,58,70,32,32,128,128,148,158,171,84,131,131],"floor_reached":40,"playtime":7388,"items_purged":["Strike_B"],"score":490,"play_id":"e5cc218e-e97a-4029-8733-3b44bb978fd2","local_time":"20190829205606","is_ascension_mode":true,"campfire_choices":[{"data":"Dualcast","floor":6.0,"key":"SMITH"},{"data":"Hologram","floor":8.0,"key":"SMITH"},{"data":"Buffer","floor":15.0,"key":"SMITH"},{"data":"Loop","floor":32.0,"key":"SMITH"}],"neow_cost":"NO_GOLD","seed_source_timestamp":0,"circlet_count":0,"master_deck":["Strike_B","Defend_B","Defend_B","Defend_B","Defend_B","Zap+1","Dualcast+1","Rip and Tear","BootSequence","Ball Lightning","Sweeping Beam","Leap","Hologram+1","Multi-Cast","Static Discharge","Turbo","Glacier","Buffer+1","Thunder Strike","Sunder+1","Double Energy","Self Repair","Loop+1","Conserve Battery","Gash","Capacitor","Biased Cognition","Conserve Battery+1","Panacea","FTL+1"],"special_seed":0,"relics":["Cracked Core","Incense Burner","Ginger","Pocketwatch","Centennial Puzzle","Pantograph","Nloth\u0027s Gift","Cables","Dodecahedron","Symbiotic Virus","Question Card","Cursed Key","Bird Faced Urn"],"potions_floor_usage":[39],"damage_taken":[{"damage":0.0,"enemies":"Jaw Worm","floor":1.0,"turns":3.0},{"damage":0.0,"enemies":"Cultist","floor":2.0,"turns":3.0},{"damage":0.0,"enemies":"2 Louse","floor":4.0,"turns":2.0},{"damage":5.0,"enemies":"Lots of Slimes","floor":5.0,"turns":3.0},{"damage":0.0,"enemies":"2 Fungi Beasts","floor":7.0,"turns":2.0},{"damage":11.0,"enemies":"Lagavulin","floor":11.0,"turns":6.0},{"damage":0.0,"enemies":"3 Louse","floor":12.0,"turns":3.0},{"damage":13.0,"enemies":"3 Sentries","floor":13.0,"turns":4.0},{"damage":0.0,"enemies":"Gremlin Gang","floor":14.0,"turns":3.0},{"damage":18.0,"enemies":"Hexaghost","floor":16.0,"turns":12.0},{"damage":0.0,"enemies":"Chosen","floor":18.0,"turns":6.0},{"damage":0.0,"enemies":"3 Byrds","floor":22.0,"turns":5.0},{"damage":19.0,"enemies":"Gremlin Leader","floor":23.0,"turns":8.0},{"damage":5.0,"enemies":"Centurion and Healer","floor":24.0,"turns":7.0},{"damage":16.0,"enemies":"Book of Stabbing","floor":25.0,"turns":6.0},{"damage":10.0,"enemies":"Chosen and Byrds","floor":27.0,"turns":4.0},{"damage":0.0,"enemies":"Snecko","floor":28.0,"turns":4.0},{"damage":7.0,"enemies":"3 Cultists","floor":30.0,"turns":4.0},{"damage":6.0,"enemies":"Champ","floor":33.0,"turns":15.0},{"damage":0,"enemies":"3 Shapes","floor":35,"turns":3},{"damage":0,"enemies":"Orb Walker","floor":36,"turns":2},{"damage":15,"enemies":"Jaw Worm Horde","floor":37,"turns":4},{"damage":26,"enemies":"2 Orb Walkers","floor":39,"turns":5},{"damage":50,"enemies":"Giant Head","floor":40,"turns":10}],"seed_played":"-8344546009985906662","potions_obtained":[{"floor":2.0,"key":"SmokeBomb"},{"floor":11.0,"key":"Regen Potion"},{"floor":13.0,"key":"PowerPotion"},{"floor":22.0,"key":"SneckoOil"},{"floor":33.0,"key":"GamblersBrew"},{"floor":36,"key":"Explosive Potion"},{"floor":39,"key":"SteroidPotion"}],"is_trial":false,"path_per_floor":["M","M","?","M","M","R","M","R","T","?","E","M","E","M","R","B",null,"M","?","$","?","M","E","M","E","T","M","M","$","M","$","R","B",null,"M","M","M","$","?","E"],"character_chosen":"DEFECT","items_purchased":["Question Card","Conserve Battery","Capacitor","Panacea"],"campfire_rested":0,"item_purchase_floors":[29,29,31,38],"current_hp_per_floor":[75,75,75,75,70,70,70,70,70,67,56,56,43,43,43,25,75,75,75,75,75,75,56,51,35,35,32,39,39,39,39,39,65,75,75,75,67,67,62,24],"gold":131,"neow_bonus":"TRANSFORM_TWO_CARDS","is_prod":false,"is_daily":false,"chose_seed":false,"campfire_upgraded":4,"win_rate":0,"timestamp":1567101366,"path_taken":["M","M","?","M","M","R","M","R","T","?","E","M","E","M","R","BOSS","M","?","$","?","?","E","M","E","T","M","M","$","M","?","R","BOSS","M","M","M","$","?","E"],"build_version":"2019-07-17","purchased_purges":1,"victory":false,"max_hp_per_floor":[75,75,75,75,75,75,75,75,75,75,75,75,75,75,75,75,75,75,75,75,75,75,75,75,75,75,75,75,75,75,75,75,75,75,75,75,75,75,75,75],"card_choices":[{"not_picked":["Compile Driver","Beam Cell"],"picked":"Ball Lightning","floor":1.0},{"not_picked":["Stack","Fusion"],"picked":"Sweeping Beam","floor":2.0},{"not_picked":["Coolheaded","Turbo"],"picked":"Leap","floor":4.0},{"not_picked":["Compile Driver","Turbo"],"picked":"Hologram","floor":5.0},{"not_picked":["Rebound","Steam"],"picked":"Multi-Cast","floor":7.0},{"not_picked":["Cold Snap","Ball Lightning"],"picked":"Static Discharge","floor":11.0},{"not_picked":["Go for the Eyes","Barrage"],"picked":"Turbo","floor":12.0},{"not_picked":["Recycle","Steam Power"],"picked":"Glacier","floor":13.0},{"not_picked":["Ball Lightning","Conserve Battery"],"picked":"Buffer","floor":14.0},{"not_picked":["Buffer","Rainbow"],"picked":"Thunder Strike","floor":16.0},{"not_picked":["Beam Cell","Recycle","Compile Driver"],"picked":"SKIP","floor":18.0},{"not_picked":["Amplify","Compile Driver"],"picked":"Sunder+1","floor":22.0},{"not_picked":["FTL","Barrage+1"],"picked":"Double Energy","floor":23.0},{"not_picked":["Go for the Eyes","Chill","Leap"],"picked":"SKIP","floor":24.0},{"not_picked":["Streamline","Undo"],"picked":"Self Repair","floor":25.0},{"not_picked":["Cold Snap","Streamline"],"picked":"Loop","floor":27.0},{"not_picked":["Streamline","Turbo","Scrape"],"picked":"SKIP","floor":28.0},{"not_picked":["Conserve Battery","Aggregate","Static Discharge+1"],"picked":"Gash","floor":30.0},{"not_picked":["Rainbow","Fission","All For One"],"picked":"Biased Cognition","floor":33.0},{"not_picked":["Stack+1","Barrage","Compile Driver+1","Genetic Algorithm"],"picked":"SKIP","floor":35},{"not_picked":["FTL","Thunder Strike","Sunder"],"picked":"Conserve Battery+1","floor":36},{"not_picked":["Leap","Rebound+1","Compile Driver+1","Steam Power"],"picked":"SKIP","floor":37},{"not_picked":["Cold Snap","Conserve Battery","Streamline"],"picked":"FTL+1","floor":39}],"player_experience":224161,"relics_obtained":[{"floor":9.0,"key":"Incense Burner"},{"floor":11.0,"key":"Pocketwatch"},{"floor":13.0,"key":"Centennial Puzzle"},{"floor":23.0,"key":"Cables"},{"floor":25.0,"key":"Dodecahedron"},{"floor":26.0,"key":"Symbiotic Virus"},{"floor":39,"key":"Bird Faced Urn"}],"event_choices":[{"damage_healed":0.0,"max_hp_gain":0.0,"max_hp_loss":0.0,"gold_gain":0.0,"event_name":"Living Wall","player_choice":"Grow","floor":3.0,"gold_loss":0.0,"damage_taken":0.0,"cards_upgraded":["Zap"]},{"damage_healed":0.0,"max_hp_gain":0.0,"max_hp_loss":0.0,"gold_gain":0.0,"event_name":"Scrap Ooze","player_choice":"Success","floor":10.0,"gold_loss":0.0,"damage_taken":3.0,"relics_obtained":["Ginger"]},{"damage_healed":0.0,"max_hp_gain":0.0,"max_hp_loss":0.0,"gold_gain":0.0,"event_name":"WeMeetAgain","player_choice":"Gave Potion","floor":19.0,"gold_loss":0.0,"damage_taken":0.0,"relics_obtained":["Pantograph"]},{"damage_healed":0.0,"max_hp_gain":0.0,"max_hp_loss":0.0,"gold_gain":0.0,"event_name":"N\u0027loth","player_choice":"Traded Relic","floor":21.0,"relics_lost":["Inserter"],"gold_loss":0.0,"damage_taken":0.0,"relics_obtained":["Nloth\u0027s Gift"]},{"damage_healed":0,"gold_gain":0,"player_choice":"Fight","damage_taken":0,"max_hp_gain":0,"max_hp_loss":0,"event_name":"Mysterious Sphere","floor":39,"gold_loss":0}],"is_beta":false,"boss_relics":[{"not_picked":["Busted Crown","Calling Bell"],"picked":"Inserter"},{"not_picked":["Pandora\u0027s Box","Astrolabe"],"picked":"Cursed Key"}],"items_purged_floors":[20],"is_endless":false,"potions_floor_spawned":[2,11,13,14,22,25,30,33,36,39],"killed_by":"Giant Head","ascension_level":1}