{"gold_per_floor":[20,39,52,52,62,62,96,21,90,103,125,139,139,314,314,415,415,435,222,238,238,163,163,75,100,100,118,118,118,149,160,160,258,258,278,292,342,73,84,84,84,84,84,117,117,137,137,172,172,172],"floor_reached":51,"playtime":3430,"items_purged":["Regret","Doubt","Defend_G"],"score":805,"play_id":"8527e78c-5230-4420-94aa-985d676512c9","local_time":"20190819194417","is_ascension_mode":true,"campfire_choices":[{"data":"Catalyst","floor":6.0,"key":"SMITH"},{"floor":13,"key":"REST"},{"floor":15,"key":"REST"},{"floor":23,"key":"REST"},{"floor":28,"key":"REST"},{"floor":32,"key":"REST"},{"data":"Catalyst","floor":40,"key":"SMITH"},{"data":"Crippling Poison","floor":42,"key":"SMITH"},{"data":"Crippling Poison","floor":47,"key":"SMITH"},{"floor":49,"key":"REST"}],"neow_cost":"NO_GOLD","seed_source_timestamp":0,"circlet_count":0,"master_deck":["Defend_G+1","Survivor","Neutralize","Deadly Poison","Poisoned Stab+1","Catalyst+1","Corpse Explosion","Well Laid Plans","Poisoned Stab+1","Outmaneuver","Envenom","After Image+1","Well Laid Plans+1","Flying Knee+1","Blur+1","PiercingWail","Noxious Fumes+1","Catalyst+1","Wraith Form v2","Crippling Poison+1","Dash","Dodge and Roll","Acrobatics","Crippling Poison+1","Secret Technique","Panacea","Catalyst+1"],"special_seed":0,"relics":["Ring of the Snake","Peace Pipe","War Paint","Paper Crane","Odd Mushroom","Astrolabe","Membership Card","Oddly Smooth Stone","Whetstone","Matryoshka","Busted Crown","Ginger","Regal Pillow","Anchor","Mercury Hourglass","Lantern","Juzu Bracelet"],"potions_floor_usage":[11,20,50],"damage_taken":[{"damage":3.0,"enemies":"Cultist","floor":1.0,"turns":5.0},{"damage":2.0,"enemies":"Small Slimes","floor":2.0,"turns":4.0},{"damage":0.0,"enemies":"Jaw Worm","floor":3.0,"turns":4.0},{"damage":15.0,"enemies":"2 Fungi Beasts","floor":5.0,"turns":4.0},{"damage":35.0,"enemies":"Gremlin Nob","floor":7.0,"turns":4.0},{"damage":1.0,"enemies":"Large Slime","floor":10.0,"turns":3.0},{"damage":0,"enemies":"The Mushroom Lair","floor":11,"turns":1},{"damage":5,"enemies":"Exordium Wildlife","floor":12,"turns":5},{"damage":30,"enemies":"Hexaghost","floor":16,"turns":8},{"damage":10,"enemies":"Shell Parasite","floor":18,"turns":5},{"damage":21,"enemies":"2 Thieves","floor":20,"turns":4},{"damage":38,"enemies":"Slavers","floor":25,"turns":4},{"damage":8,"enemies":"Centurion and Healer","floor":27,"turns":3},{"damage":5,"enemies":"Book of Stabbing","floor":30,"turns":7},{"damage":3,"enemies":"Snecko","floor":31,"turns":4},{"damage":12,"enemies":"Automaton","floor":33,"turns":8},{"damage":0,"enemies":"3 Darklings","floor":35,"turns":4},{"damage":7,"enemies":"Orb Walker","floor":36,"turns":2},{"damage":5,"enemies":"2 Orb Walkers","floor":37,"turns":4},{"damage":0,"enemies":"4 Shapes","floor":39,"turns":5},{"damage":1,"enemies":"Reptomancer","floor":44,"turns":4},{"damage":4,"enemies":"Spire Growth","floor":46,"turns":3},{"damage":0,"enemies":"Nemesis","floor":48,"turns":3},{"damage":13,"enemies":"Time Eater","floor":50,"turns":8}],"seed_played":"-6313344290534100651","potions_obtained":[{"floor":5.0,"key":"Dexterity Potion"},{"floor":7.0,"key":"Strength Potion"},{"floor":10.0,"key":"Poison Potion"},{"floor":16,"key":"EssenceOfSteel"},{"floor":18,"key":"SpeedPotion"},{"floor":25,"key":"PowerPotion"},{"floor":30,"key":"GhostInAJar"}],"is_trial":false,"path_per_floor":["M","M","M","?","M","R","E","$","T","M","?","M","R","?","R","B",null,"M","$","M","?","?","R","$","E","T","M","R","?","E","M","R","B",null,"M","M","?","$","M","R","?","R","T","E","?","M","R","E","R","B",null],"character_chosen":"THE_SILENT","items_purchased":["Membership Card","PiercingWail","Crippling Poison","Crippling Poison","Secret Technique","Regal Pillow"],"campfire_rested":6,"item_purchase_floors":[19,19,24,38,38,38],"current_hp_per_floor":[67,65,65,65,50,50,15,15,15,14,14,9,30,30,51,21,70,60,60,39,39,39,60,60,22,22,14,35,35,30,27,48,36,70,70,63,58,58,58,58,58,58,58,57,57,53,53,53,70,57],"gold":172,"neow_bonus":"REMOVE_TWO","is_prod":false,"is_daily":false,"chose_seed":false,"campfire_upgraded":4,"win_rate":0,"timestamp":1566233057,"path_taken":["M","?","M","?","M","R","E","$","T","M","?","M","R","?","R","BOSS","M","$","M","?","?","R","?","E","T","?","R","?","E","M","R","BOSS","M","M","?","$","M","R","?","R","T","E","?","?","R","E","R","BOSS"],"build_version":"2019-07-17","purchased_purges":3,"victory":true,"max_hp_per_floor":[70,70,70,70,70,70,70,70,70,70,70,70,70,70,70,70,70,70,70,70,70,70,70,70,70,70,70,70,70,70,70,70,70,70,70,70,70,70,70,70,70,70,70,70,70,70,70,70,70,70],"card_choices":[{"not_picked":["Slice","Prepared"],"picked":"Deadly Poison","floor":1.0},{"not_picked":["Skewer","Terror"],"picked":"Poisoned Stab","floor":2.0},{"not_picked":["Backstab","Deadly Poison"],"picked":"Catalyst","floor":3.0},{"not_picked":["Finisher","Dagger Spray"],"picked":"Corpse Explosion","floor":5.0},{"not_picked":["All Out Attack","Quick Slash","Blade Dance"],"picked":"SKIP","floor":7.0},{"not_picked":["Catalyst","Prepared"],"picked":"Well Laid Plans","floor":10.0},{"not_picked":["Terror","Dagger Spray"],"picked":"Poisoned Stab","floor":11},{"not_picked":["Riddle With Holes","Storm of Steel"],"picked":"Outmaneuver","floor":12},{"not_picked":["Storm of Steel","Venomology"],"picked":"Envenom","floor":16},{"not_picked":["Accuracy","Footwork"],"picked":"Blur+1","floor":18},{"not_picked":["Backstab","Terror"],"picked":"Noxious Fumes+1","floor":20},{"not_picked":["Dagger Throw","Reflex"],"picked":"Dash","floor":25},{"not_picked":["Well Laid Plans","Skewer","Acrobatics"],"picked":"SKIP","floor":27},{"not_picked":["Distraction","Outmaneuver","Cloak And Dagger"],"picked":"SKIP","floor":30},{"not_picked":["Dagger Throw","Dagger Spray"],"picked":"Dodge and Roll","floor":31},{"not_picked":["All Out Attack"],"picked":"SKIP","floor":35},{"not_picked":["Flying Knee+1"],"picked":"SKIP","floor":36},{"not_picked":[],"picked":"Acrobatics","floor":37},{"not_picked":["Well Laid Plans"],"picked":"SKIP","floor":39},{"not_picked":[],"picked":"Panacea","floor":41},{"not_picked":["Dodge and Roll"],"picked":"SKIP","floor":44},{"not_picked":["Deflect+1"],"picked":"SKIP","floor":46},{"not_picked":["Doppelganger"],"picked":"SKIP","floor":48}],"player_experience":88834,"relics_obtained":[{"floor":7.0,"key":"War Paint"},{"floor":9.0,"key":"Paper Crane"},{"floor":11,"key":"Odd Mushroom"},{"floor":25,"key":"Oddly Smooth Stone"},{"floor":26,"key":"Whetstone"},{"floor":30,"key":"Matryoshka"},{"floor":37,"key":"Ginger"},{"floor":43,"key":"Anchor"},{"floor":43,"key":"Mercury Hourglass"},{"floor":44,"key":"Lantern"},{"floor":48,"key":"Juzu Bracelet"}],"event_choices":[{"damage_healed":0.0,"max_hp_gain":0.0,"max_hp_loss":0.0,"gold_gain":0.0,"event_name":"Big Fish","player_choice":"Box","floor":4.0,"gold_loss":0.0,"damage_taken":0.0,"relics_obtained":["Peace Pipe"],"cards_obtained":["Regret"]},{"damage_healed":0,"gold_gain":0,"player_choice":"Fought Mushrooms","damage_taken":0,"max_hp_gain":0,"max_hp_loss":0,"event_name":"Mushrooms","floor":11,"gold_loss":0},{"damage_healed":0,"gold_gain":175,"player_choice":"AGREE","damage_taken":0,"max_hp_gain":0,"max_hp_loss":0,"event_name":"Liars Game","floor":14,"gold_loss":0,"cards_obtained":["Doubt"]},{"damage_healed":0,"gold_gain":0,"cards_transformed":["Defend_G","Defend_G"],"player_choice":"Became Test Subject","damage_taken":0,"max_hp_gain":0,"max_hp_loss":0,"event_name":"Drug Dealer","floor":21,"gold_loss":0,"cards_obtained":["Catalyst","Wraith Form v2"]},{"cards_removed":["Defend_G"],"damage_healed":0,"gold_gain":0,"player_choice":"Gave Gold","damage_taken":0,"max_hp_gain":0,"max_hp_loss":0,"event_name":"Beggar","floor":22,"gold_loss":75},{"damage_healed":0,"gold_gain":0,"player_choice":"Ignored","damage_taken":0,"max_hp_gain":0,"max_hp_loss":0,"event_name":"Vampires","floor":29,"gold_loss":0},{"damage_healed":0,"gold_gain":0,"player_choice":"Fight","damage_taken":0,"max_hp_gain":0,"max_hp_loss":0,"event_name":"Mysterious Sphere","floor":37,"gold_loss":0},{"damage_healed":0,"gold_gain":0,"player_choice":"Memory 1","damage_taken":0,"max_hp_gain":0,"max_hp_loss":0,"event_name":"SensoryStone","floor":41,"gold_loss":0},{"damage_healed":0,"gold_gain":0,"player_choice":"Copied","damage_taken":0,"max_hp_gain":0,"max_hp_loss":0,"event_name":"Duplicator","floor":45,"gold_loss":0,"cards_obtained":["Catalyst"]}],"is_beta":false,"boss_relics":[{"not_picked":["Runic Dome","Snecko Eye"],"picked":"Astrolabe"},{"not_picked":["White Beast Statue","Velvet Choker"],"picked":"Busted Crown"}],"items_purged_floors":[8,24,38],"is_endless":false,"potions_floor_spawned":[5,7,10,16,18,25,30,35,37,39,48],"ascension_level":1}