{"gold_per_floor":[119,194,28,28,48,48,48,60,60,74,87,101,101,112,112,207,207,217,235,57,70,70,70,24,24,74,86,103,103],"floor_reached":29,"playtime":1646,"items_purged":["Strike_G","Venomology"],"score":219,"play_id":"f4e47327-50b5-4369-9587-2c575a4f826f","local_time":"20190827153433","is_ascension_mode":false,"campfire_choices":[{"data":"Bane","floor":6,"key":"SMITH"},{"data":"Prepared","floor":13,"key":"SMITH"},{"floor":15,"key":"REST"},{"floor":23,"key":"REST"},{"floor":25,"key":"REST"}],"neow_cost":"NONE","seed_source_timestamp":1180859116807260,"circlet_count":0,"master_deck":["Strike_G","Strike_G","Defend_G","Defend_G","Defend_G","Defend_G","Defend_G","Survivor","Neutralize+1","Prepared+1","Caltrops","Poisoned Stab","Bane+1","Noxious Fumes","Bane","Sucker Punch","Backstab","Deflect","Acrobatics","Catalyst","Catalyst","PiercingWail","Malaise","Poisoned Stab","Acrobatics","Poisoned Stab","Quick Slash+1"],"relics":["Ring of the Snake","Gremlin Horn","Sozu","Omamori"],"potions_floor_usage":[],"damage_taken":[{"damage":0,"enemies":"Jaw Worm","floor":1,"turns":5},{"damage":0,"enemies":"Small Slimes","floor":5,"turns":5},{"damage":0,"enemies":"2 Louse","floor":8,"turns":3},{"damage":22,"enemies":"Gremlin Gang","floor":10,"turns":6},{"damage":0,"enemies":"3 Louse","floor":11,"turns":4},{"damage":1,"enemies":"Exordium Wildlife","floor":12,"turns":4},{"damage":9,"enemies":"Blue Slaver","floor":14,"turns":3},{"damage":21,"enemies":"Slime Boss","floor":16,"turns":10},{"damage":18,"enemies":"Spheric Guardian","floor":18,"turns":5},{"damage":22,"enemies":"Chosen","floor":19,"turns":5},{"damage":42,"enemies":"Snecko","floor":21,"turns":7},{"damage":13,"enemies":"Centurion and Healer","floor":27,"turns":10},{"damage":3,"enemies":"Snake Plant","floor":28,"turns":4},{"damage":39,"enemies":"Cultist and Chosen","floor":29,"turns":5}],"seed_played":"9204074751240741025","potions_obtained":[{"floor":5,"key":"GamblersBrew"},{"floor":7,"key":"Poison Potion"},{"floor":7,"key":"FairyPotion"},{"floor":7,"key":"Energy Potion"}],"is_trial":false,"path_per_floor":["M","?","$","?","M","R","?","M","T","M","M","M","R","M","R","B",null,"M","M","$","M","?","R","$","R","T","M","M","M"],"character_chosen":"THE_SILENT","items_purchased":["Caltrops","Poisoned Stab","Catalyst","Acrobatics"],"campfire_rested":3,"item_purchase_floors":[3,3,20,24],"current_hp_per_floor":[70,59,59,59,59,59,59,59,59,37,37,36,36,27,48,27,70,52,30,30,7,7,28,28,49,49,36,33,0],"gold":103,"neow_bonus":"UPGRADE_CARD","is_prod":false,"is_daily":false,"chose_seed":false,"campfire_upgraded":2,"win_rate":0.0,"timestamp":1566912873,"path_taken":["M","?","$","?","M","R","?","M","T","M","M","M","R","M","R","BOSS","M","M","$","?","?","R","$","R","T","M","M","M"],"build_version":"2019-07-17","purchased_purges":2,"victory":false,"max_hp_per_floor":[70,70,70,70,70,70,70,70,70,70,70,70,70,70,70,70,70,70,70,70,70,70,70,70,70,70,70,70,70],"card_choices":[{"not_picked":["Masterful Stab","Cloak And Dagger"],"picked":"Prepared","floor":1},{"not_picked":["Infinite Blades","Tactician"],"picked":"Bane","floor":5},{"not_picked":["Dash","Outmaneuver"],"picked":"Noxious Fumes","floor":8},{"not_picked":["Dodge and Roll","Prepared"],"picked":"Bane","floor":10},{"not_picked":["Backstab","Underhanded Strike"],"picked":"Sucker Punch","floor":11},{"not_picked":["Poisoned Stab","Phantasmal Killer"],"picked":"Backstab","floor":12},{"not_picked":["Quick Slash","Slice"],"picked":"Deflect","floor":14},{"not_picked":["Bullet Time","Night Terror"],"picked":"Venomology","floor":16},{"not_picked":["Outmaneuver","Slice"],"picked":"Acrobatics","floor":18},{"not_picked":["Deflect","Endless Agony+1"],"picked":"Catalyst","floor":19},{"not_picked":["Underhanded Strike","Caltrops"],"picked":"PiercingWail","floor":21},{"not_picked":["Blade Dance","Calculated Gamble"],"picked":"Poisoned Stab","floor":27},{"not_picked":["Sucker Punch","Blade Dance"],"picked":"Quick Slash+1","floor":28}],"player_experience":39969,"relics_obtained":[{"floor":9,"key":"Gremlin Horn"},{"floor":26,"key":"Omamori"}],"event_choices":[{"damage_healed":0,"gold_gain":75,"player_choice":"Gather Gold","damage_taken":11,"max_hp_gain":0,"max_hp_loss":0,"event_name":"World of Goop","floor":2,"gold_loss":0},{"damage_healed":0,"gold_gain":0,"player_choice":"Ignored","damage_taken":0,"max_hp_gain":0,"max_hp_loss":0,"event_name":"Liars Game","floor":4,"gold_loss":0},{"damage_healed":0,"gold_gain":0,"player_choice":"Got Potions","damage_taken":0,"max_hp_gain":0,"max_hp_loss":0,"event_name":"Lab","floor":7,"gold_loss":0},{"damage_healed":0,"gold_gain":0,"cards_transformed":["Strike_G","Strike_G"],"player_choice":"Became Test Subject","damage_taken":0,"max_hp_gain":0,"max_hp_loss":0,"event_name":"Drug Dealer","floor":22,"gold_loss":0,"cards_obtained":["Malaise","Poisoned Stab"]}],"is_beta":false,"boss_relics":[{"not_picked":["Orrery","Busted Crown"],"picked":"Sozu"}],"items_purged_floors":[3,20],"is_endless":false,"potions_floor_spawned":[5,11,12,18,27],"killed_by":"Cultist and Chosen","ascension_level":0}