{"gold_per_floor":[112,24,24,199,212,253,253,293,318,318,318,339,339,355,355,480,480,505,420,420,444,208,208],"floor_reached":23,"playtime":1153,"items_purged":["Doubt"],"score":258,"play_id":"64321787-492f-4e9b-94b2-0918ca13acce","local_time":"20190820150302","is_ascension_mode":true,"campfire_choices":[{"data":"Dualcast","floor":7,"key":"SMITH"},{"data":"Echo Form","floor":13,"key":"SMITH"},{"floor":15,"key":"REST"}],"neow_cost":"NONE","seed_source_timestamp":405236695447955,"circlet_count":0,"master_deck":["Strike_B","Defend_B","Defend_B","Defend_B","Defend_B","Zap","Dualcast+1","Heatsinks","Storm","Leap","Ball Lightning","BootSequence","Echo Form+1","Hologram","Creative AI+1","Electrodynamics","Redo","Hologram","Lockon","Ball Lightning","Static Discharge"],"relics":["Cracked Core","NeowsBlessing","Golden Idol","Potion Belt","Kunai","Pen Nib","Empty Cage","Mango"],"potions_floor_usage":[16,21],"damage_taken":[{"damage":0,"enemies":"Cultist","floor":1,"turns":1},{"damage":0,"enemies":"Small Slimes","floor":5,"turns":1},{"damage":0,"enemies":"Lagavulin","floor":6,"turns":1},{"damage":31,"enemies":"Gremlin Nob","floor":8,"turns":5},{"damage":0,"enemies":"Jaw Worm","floor":12,"turns":2},{"damage":6,"enemies":"3 Louse","floor":14,"turns":4},{"damage":43,"enemies":"The Guardian","floor":16,"turns":12},{"damage":17,"enemies":"Spheric Guardian","floor":18,"turns":4},{"damage":25,"enemies":"2 Thieves","floor":21,"turns":3},{"damage":52,"enemies":"Book of Stabbing","floor":23,"turns":5}],"seed_played":"7883940604952678522","potions_obtained":[{"floor":6,"key":"Explosive Potion"},{"floor":12,"key":"FocusPotion"},{"floor":16,"key":"AttackPotion"},{"floor":21,"key":"SteroidPotion"}],"is_trial":false,"path_per_floor":["M","$","?","?","M","E","R","E","T","?","?","M","R","M","R","B",null,"M","?","?","M","$","E"],"character_chosen":"DEFECT","items_purchased":["Storm","Leap","Lockon","Ball Lightning","Static Discharge"],"campfire_rested":1,"item_purchase_floors":[2,2,22,22,22],"current_hp_per_floor":[75,75,57,57,57,57,57,26,26,31,31,31,31,25,49,6,80,63,77,77,52,52,0],"gold":208,"neow_bonus":"THREE_ENEMY_KILL","is_prod":false,"is_daily":false,"chose_seed":false,"campfire_upgraded":2,"win_rate":0,"timestamp":1566302582,"path_taken":["M","$","?","?","M","E","R","E","T","?","?","?","R","M","R","BOSS","M","?","?","M","$","E"],"build_version":"2019-07-17","purchased_purges":1,"victory":false,"max_hp_per_floor":[75,75,75,75,75,75,75,75,75,80,80,80,80,80,80,80,80,80,94,94,94,94,94],"card_choices":[{"not_picked":["Barrage","Steam Power"],"picked":"Heatsinks","floor":1},{"not_picked":["Go for the Eyes","Sunder"],"picked":"Ball Lightning","floor":5},{"not_picked":["Blizzard","Chill"],"picked":"BootSequence","floor":6},{"not_picked":["Leap","Beam Cell"],"picked":"Echo Form","floor":8},{"not_picked":["Steam Power","Gash"],"picked":"Hologram","floor":12},{"not_picked":["Turbo","Undo"],"picked":"Creative AI","floor":14},{"not_picked":["Creative AI","Biased Cognition"],"picked":"Electrodynamics","floor":16},{"not_picked":["Chaos","Hello World"],"picked":"Redo","floor":18},{"not_picked":["Cold Snap","Consume"],"picked":"Hologram","floor":21}],"player_experience":115885,"relics_obtained":[{"floor":6,"key":"Potion Belt"},{"floor":8,"key":"Kunai"},{"floor":9,"key":"Pen Nib"}],"event_choices":[{"damage_healed":0,"gold_gain":0,"player_choice":"Take Damage","damage_taken":18,"relics_obtained":["Golden Idol"],"max_hp_gain":0,"max_hp_loss":0,"event_name":"Golden Idol","floor":3,"gold_loss":0},{"damage_healed":0,"gold_gain":175,"player_choice":"AGREE","damage_taken":0,"max_hp_gain":0,"max_hp_loss":0,"event_name":"Liars Game","floor":4,"gold_loss":0,"cards_obtained":["Doubt"]},{"damage_healed":0,"gold_gain":0,"player_choice":"Donut","damage_taken":0,"max_hp_gain":5,"max_hp_loss":0,"event_name":"Big Fish","floor":10,"gold_loss":0},{"cards_removed":["Strike_B"],"damage_healed":0,"gold_gain":0,"player_choice":"Purged","damage_taken":0,"max_hp_gain":0,"max_hp_loss":0,"event_name":"Purifier","floor":11,"gold_loss":0},{"damage_healed":0,"gold_gain":0,"player_choice":"Obtained Relic","damage_taken":0,"relics_obtained":["Mango"],"max_hp_gain":0,"max_hp_loss":0,"event_name":"Addict","floor":19,"gold_loss":85},{"damage_healed":0,"gold_gain":0,"player_choice":"Upgraded","damage_taken":0,"max_hp_gain":0,"max_hp_loss":0,"event_name":"Upgrade Shrine","floor":20,"gold_loss":0,"cards_upgraded":["Creative AI"]}],"is_beta":false,"boss_relics":[{"not_picked":["FrozenCore","Busted Crown"],"picked":"Empty Cage"}],"items_purged_floors":[22],"is_endless":false,"potions_floor_spawned":[6,12,16,21],"killed_by":"Book of Stabbing","ascension_level":1}