{"gold_per_floor":[119,119,119,143,166,166,23,56,56,89,104,128,128,147,147,147],"floor_reached":16,"playtime":670,"items_purged":[],"score":112,"play_id":"0f647ee4-b80e-4691-989c-8cfc6ea0e005","local_time":"20190905125246","is_ascension_mode":false,"campfire_choices":[{"data":"Bash","floor":6,"key":"SMITH"},{"floor":13,"key":"REST"},{"data":"Infernal Blade","floor":15,"key":"SMITH"}],"neow_cost":"NONE","seed_source_timestamp":1949741112686457,"circlet_count":0,"master_deck":["Strike_R","Strike_R","Strike_R","Strike_R","Strike_R","Defend_R","Defend_R","Defend_R","Defend_R","Bash+1","Exhume","Shrug It Off","Iron Wave","Demon Form","Carnage","Second Wind","Infernal Blade+1","Havoc","Whirlwind"],"relics":["Burning Blood","Golden Idol","Vajra","Darkstone Periapt","Gremlin Horn","Strawberry"],"potions_floor_usage":[10,12],"damage_taken":[{"damage":0,"enemies":"2 Louse","floor":1,"turns":4},{"damage":18,"enemies":"Jaw Worm","floor":4,"turns":8},{"damage":0,"enemies":"Cultist","floor":5,"turns":4},{"damage":27,"enemies":"Gremlin Nob","floor":8,"turns":4},{"damage":28,"enemies":"Lagavulin","floor":10,"turns":6},{"damage":3,"enemies":"2 Fungi Beasts","floor":11,"turns":3},{"damage":10,"enemies":"Gremlin Gang","floor":12,"turns":4},{"damage":11,"enemies":"Blue Slaver","floor":14,"turns":3},{"damage":53,"enemies":"Slime Boss","floor":16,"turns":8}],"seed_played":"-242320473077982159","potions_obtained":[{"floor":4,"key":"PowerPotion"},{"floor":11,"key":"SkillPotion"}],"is_trial":false,"path_per_floor":["M","?","?","M","M","R","$","E","T","E","M","M","R","M","R","B"],"character_chosen":"IRONCLAD","items_purchased":["Vajra"],"campfire_rested":1,"item_purchase_floors":[7],"current_hp_per_floor":[80,60,60,48,54,54,54,33,33,18,21,17,43,38,38,0],"gold":147,"neow_bonus":"ONE_RANDOM_RARE_CARD","is_prod":false,"is_daily":false,"chose_seed":false,"campfire_upgraded":2,"win_rate":0,"timestamp":1567680766,"path_taken":["M","?","?","M","M","R","$","E","T","E","M","?","R","M","R","BOSS"],"build_version":"2019-07-17","purchased_purges":0,"victory":false,"max_hp_per_floor":[80,80,80,80,80,80,80,80,80,87,87,87,87,87,87,87],"card_choices":[{"not_picked":["Battle Trance","Havoc"],"picked":"Shrug It Off","floor":1},{"not_picked":["Burning Pact","Perfected Strike"],"picked":"Iron Wave","floor":4},{"not_picked":["Entrench","Heavy Blade"],"picked":"Demon Form","floor":5},{"not_picked":["Pommel Strike","Iron Wave"],"picked":"Carnage","floor":8},{"not_picked":["Fiend Fire","Havoc"],"picked":"Second Wind","floor":10},{"not_picked":["Armaments","Dual Wield"],"picked":"Infernal Blade","floor":11},{"not_picked":["Body Slam","Entrench"],"picked":"Havoc","floor":12},{"not_picked":["Wild Strike","Fire Breathing"],"picked":"Whirlwind","floor":14}],"player_experience":161667,"relics_obtained":[{"floor":8,"key":"Darkstone Periapt"},{"floor":9,"key":"Gremlin Horn"},{"floor":10,"key":"Strawberry"}],"event_choices":[{"damage_healed":0,"gold_gain":0,"player_choice":"Take Damage","damage_taken":20,"relics_obtained":["Golden Idol"],"max_hp_gain":0,"max_hp_loss":0,"event_name":"Golden Idol","floor":2,"gold_loss":0},{"damage_healed":0,"gold_gain":0,"player_choice":"0 cards matched","damage_taken":0,"max_hp_gain":0,"max_hp_loss":0,"event_name":"Match and Keep!","floor":3,"gold_loss":0,"cards_obtained":[]}],"is_beta":false,"boss_relics":[],"items_purged_floors":[],"is_endless":false,"potions_floor_spawned":[4,11],"killed_by":"Slime Boss","ascension_level":0}