{"gold_per_floor":[117,6,20,36,54,83,83,99,99,99],"floor_reached":10,"playtime":334,"items_purged":["Normality"],"score":74,"play_id":"a9fed103-6385-400a-8159-a5fa973d7185","local_time":"20190902185157","is_ascension_mode":true,"campfire_choices":[{"floor":7,"key":"REST"}],"neow_cost":"CURSE","seed_source_timestamp":928748733972840,"circlet_count":0,"master_deck":["Strike_B","Strike_B","Strike_B","Strike_B","Defend_B","Defend_B","Defend_B","Defend_B","Zap","Dualcast","All For One","Gash","Sunder","Steam Power","Redo","Chill","Chill","Gash"],"relics":["Cracked Core","Art of War","Singing Bowl"],"potions_floor_usage":[5],"damage_taken":[{"damage":9,"enemies":"Cultist","floor":1,"turns":4},{"damage":1,"enemies":"Jaw Worm","floor":3,"turns":3},{"damage":0,"enemies":"2 Louse","floor":4,"turns":1},{"damage":25,"enemies":"Gremlin Gang","floor":5,"turns":4},{"damage":36,"enemies":"Lagavulin","floor":6,"turns":6},{"damage":5,"enemies":"Looter","floor":8,"turns":2},{"damage":27,"enemies":"The Mushroom Lair","floor":10,"turns":2}],"seed_played":"-6604645319562858228","potions_obtained":[{"floor":3,"key":"AttackPotion"},{"floor":8,"key":"SkillPotion"}],"is_trial":false,"path_per_floor":["M","$","M","M","M","E","R","M","T","?"],"character_chosen":"DEFECT","items_purchased":["Sunder"],"campfire_rested":1,"item_purchase_floors":[2],"current_hp_per_floor":[66,66,65,65,40,4,26,21,21,0],"gold":99,"neow_bonus":"THREE_RARE_CARDS","is_prod":false,"is_daily":false,"chose_seed":false,"campfire_upgraded":0,"win_rate":0,"timestamp":1567439517,"path_taken":["M","$","M","M","?","E","R","M","T","?"],"build_version":"2019-07-17","purchased_purges":1,"victory":false,"max_hp_per_floor":[75,75,75,75,75,75,75,75,75,75],"card_choices":[{"not_picked":["Rainbow","Thunder Strike"],"picked":"All For One","floor":0},{"not_picked":["Aggregate","Sunder"],"picked":"Gash","floor":1},{"not_picked":["Sunder","Double Energy"],"picked":"Steam Power","floor":3},{"not_picked":["Doom and Gloom","Turbo"],"picked":"Redo","floor":4},{"not_picked":["Redo","Sweeping Beam"],"picked":"Chill","floor":5},{"not_picked":["Steam Power","Cold Snap"],"picked":"Chill","floor":6},{"not_picked":["Compile Driver","Stack"],"picked":"Gash","floor":8}],"player_experience":245557,"relics_obtained":[{"floor":6,"key":"Art of War"},{"floor":9,"key":"Singing Bowl"}],"event_choices":[{"damage_healed":0,"gold_gain":0,"player_choice":"Fought Mushrooms","damage_taken":0,"max_hp_gain":0,"max_hp_loss":0,"event_name":"Mushrooms","floor":10,"gold_loss":0}],"is_beta":false,"boss_relics":[],"items_purged_floors":[2],"is_endless":false,"potions_floor_spawned":[3,8],"killed_by":"The Mushroom Lair","ascension_level":1}