{"gold_per_floor":[110,129,145,198,0,0,31,31,82,82,147,175,175,17,17,17],"floor_reached":16,"playtime":415,"items_purged":["Strike_R"],"score":212,"play_id":"2d3f8426-627e-44de-bdac-f98e7c612683","local_time":"20190724233334","is_ascension_mode":true,"campfire_choices":[{"data":"Bludgeon","floor":6,"key":"SMITH"},{"data":"Whirlwind","floor":8,"key":"SMITH"},{"data":"True Grit","floor":10,"key":"SMITH"},{"data":"Spot Weakness","floor":15,"key":"SMITH"}],"neow_cost":"NONE","seed_source_timestamp":663589349388500,"circlet_count":0,"master_deck":["AscendersBane","Strike_R","Strike_R","Strike_R+1","Strike_R","Defend_R","Defend_R","Defend_R","Defend_R","Bash","Bludgeon+1","Hemokinesis+1","Shrug It Off","Shrug It Off","Corruption","True Grit+1","Whirlwind+1","Exhume","Spot Weakness+1","Evolve+1"],"relics":["Burning Blood","Omamori","Whetstone","Frozen Egg 2","Gremlin Horn"],"potions_floor_usage":[7],"damage_taken":[{"damage":3,"enemies":"2 Louse","floor":1,"turns":4},{"damage":12,"enemies":"Jaw Worm","floor":2,"turns":2},{"damage":3,"enemies":"Small Slimes","floor":3,"turns":2},{"damage":32,"enemies":"Gremlin Nob","floor":7,"turns":4},{"damage":17,"enemies":"Lagavulin Event","floor":11,"turns":5},{"damage":25,"enemies":"3 Sentries","floor":12,"turns":6},{"damage":42,"enemies":"Hexaghost","floor":16,"turns":9}],"seed_played":"-4587444833285110891","potions_obtained":[{"floor":3,"key":"Ancient Potion"},{"floor":12,"key":"GamblersBrew"}],"is_trial":false,"path_per_floor":["M","M","M","?","$","R","E","R","T","R","?","E","?","$","R","B"],"character_chosen":"IRONCLAD","items_purchased":["Corruption","True Grit","FearPotion","Evolve+1"],"campfire_rested":0,"item_purchase_floors":[5,5,5,14],"current_hp_per_floor":[71,65,68,68,68,68,42,42,42,42,31,12,37,37,37,0],"gold":17,"neow_bonus":"ONE_RANDOM_RARE_CARD","is_prod":false,"is_daily":false,"chose_seed":false,"campfire_upgraded":4,"win_rate":0,"timestamp":1564036414,"path_taken":["M","M","M","?","$","R","E","R","T","R","?","E","?","$","R","BOSS"],"build_version":"2019-07-17","purchased_purges":1,"victory":false,"max_hp_per_floor":[75,75,75,75,75,75,75,75,75,75,75,75,75,75,75,75],"card_choices":[{"not_picked":["Clash","Hemokinesis","Heavy Blade"],"picked":"SKIP","floor":1},{"not_picked":["Clash","Heavy Blade"],"picked":"Hemokinesis","floor":1},{"not_picked":["Headbutt","Twin Strike"],"picked":"Shrug It Off","floor":2},{"not_picked":["Clash","Searing Blow"],"picked":"Shrug It Off","floor":3},{"not_picked":["Rage","Corruption"],"picked":"Whirlwind","floor":7},{"not_picked":["Sentinel","Twin Strike"],"picked":"Exhume","floor":11},{"not_picked":["Inflame+1","Bloodletting"],"picked":"Spot Weakness","floor":12}],"player_experience":688691,"relics_obtained":[{"floor":7,"key":"Omamori"},{"floor":9,"key":"Whetstone"},{"floor":12,"key":"Gremlin Horn"}],"event_choices":[{"damage_healed":0,"gold_gain":53,"player_choice":"Gained Gold","damage_taken":0,"max_hp_gain":0,"max_hp_loss":0,"event_name":"Golden Wing","floor":4,"gold_loss":0},{"damage_healed":0,"gold_gain":0,"player_choice":"Searched \u00272\u0027 times","damage_taken":0,"relics_obtained":["Frozen Egg 2"],"max_hp_gain":0,"max_hp_loss":0,"event_name":"Dead Adventurer","floor":11,"gold_loss":0},{"damage_healed":25,"gold_gain":0,"player_choice":"Banana","damage_taken":0,"max_hp_gain":0,"max_hp_loss":0,"event_name":"Big Fish","floor":13,"gold_loss":0}],"is_beta":false,"boss_relics":[],"items_purged_floors":[14],"is_endless":false,"potions_floor_spawned":[3,12],"killed_by":"Hexaghost","ascension_level":20}