{"gold_per_floor":[16,16,16,36,61,105,105,105,128,128,128,0,19,58,58,156,156,170,193,237,20,34,34,59,59,59,59,74,74,74,90,90,90],"floor_reached":33,"playtime":1190,"items_purged":["Regret","Strike_G"],"score":510,"play_id":"7d22c745-6e76-4aa5-a36e-4cd27c6de62d","local_time":"20190702224830","is_ascension_mode":true,"campfire_choices":[{"data":"Caltrops","floor":7.0,"key":"SMITH"},{"floor":10.0,"key":"REST"},{"data":"All Out Attack","floor":15.0,"key":"SMITH"},{"floor":23.0,"key":"REST"},{"floor":25.0,"key":"REST"},{"floor":27.0,"key":"REST"},{"data":"Corpse Explosion","floor":30.0,"key":"SMITH"},{"floor":32,"key":"REST"}],"neow_cost":"NO_GOLD","seed_source_timestamp":244875123364400,"circlet_count":0,"master_deck":["AscendersBane","Strike_G","Strike_G+1","Strike_G","Strike_G","Defend_G","Defend_G","Defend_G","Defend_G","Defend_G","Survivor","Neutralize+1","Riddle With Holes","Riddle With Holes+1","Dagger Spray","Caltrops+1","All Out Attack+1","After Image","Corpse Explosion+1","Dash","Bouncing Flask","Deflect","Footwork","Deflect","Backflip","Pain","Caltrops+1","Bane+1"],"special_seed":0,"relics":["Ring of the Snake","Bird Faced Urn","Golden Idol","Whetstone","The Specimen","Orichalcum","Kunai","Mango","Cursed Key","Red Mask","Molten Egg 2"],"potions_floor_usage":[33,33],"damage_taken":[{"damage":1.0,"enemies":"2 Louse","floor":1.0,"turns":3.0},{"damage":0.0,"enemies":"Jaw Worm","floor":4.0,"turns":3.0},{"damage":7.0,"enemies":"Small Slimes","floor":5.0,"turns":3.0},{"damage":27.0,"enemies":"3 Sentries","floor":6.0,"turns":10.0},{"damage":4.0,"enemies":"2 Fungi Beasts","floor":13.0,"turns":3.0},{"damage":19.0,"enemies":"Gremlin Nob","floor":14.0,"turns":4.0},{"damage":22.0,"enemies":"Slime Boss","floor":16.0,"turns":8.0},{"damage":20.0,"enemies":"Shell Parasite","floor":18.0,"turns":4.0},{"damage":19.0,"enemies":"2 Thieves","floor":19.0,"turns":3.0},{"damage":0.0,"enemies":"Masked Bandits","floor":20.0,"turns":2.0},{"damage":19.0,"enemies":"Snecko","floor":22.0,"turns":5.0},{"damage":29.0,"enemies":"Snake Plant","floor":24.0,"turns":3.0},{"damage":18.0,"enemies":"3 Cultists","floor":28.0,"turns":4.0},{"damage":15,"enemies":"Shelled Parasite and Fungi","floor":31,"turns":4},{"damage":81,"enemies":"Champ","floor":33,"turns":9}],"seed_played":"-7835530219683883025","potions_obtained":[{"floor":1.0,"key":"Block Potion"},{"floor":6.0,"key":"GhostInAJar"},{"floor":16.0,"key":"Fire Potion"},{"floor":18.0,"key":"Explosive Potion"},{"floor":28.0,"key":"Energy Potion"},{"floor":31,"key":"Strength Potion"}],"is_trial":false,"path_per_floor":["M","?","?","M","M","E","R","?","T","R","?","$","M","E","R","B",null,"M","M","?","$","M","R","M","R","T","R","M","?","R","M","R","B"],"character_chosen":"THE_SILENT","items_purchased":["AttackPotion","Footwork","Deflect"],"campfire_rested":5,"item_purchase_floors":[12,21,21],"current_hp_per_floor":[58,58,58,58,51,24,24,19,19,37,37,37,33,30,30,12,59,43,28,30,30,15,37,14,36,36,58,46,46,46,37,59,0],"gold":90,"neow_bonus":"ONE_RARE_RELIC","is_prod":false,"is_daily":false,"chose_seed":false,"campfire_upgraded":3,"win_rate":0,"timestamp":1562122110,"path_taken":["M","?","?","M","M","E","R","?","T","R","?","$","M","E","R","BOSS","M","M","?","$","M","R","M","R","T","R","M","?","R","?","R","BOSS"],"build_version":"2019-07-01","purchased_purges":2,"victory":false,"max_hp_per_floor":[66,60,60,60,60,60,60,60,60,60,60,60,60,74,74,74,74,74,74,74,74,74,74,74,74,74,74,74,74,74,74,74,74],"card_choices":[{"not_picked":["Accuracy","Backflip"],"picked":"Riddle With Holes","floor":1.0},{"not_picked":["Prepared","Backflip"],"picked":"Riddle With Holes","floor":4.0},{"not_picked":["Quick Slash","Flying Knee"],"picked":"Dagger Spray","floor":5.0},{"not_picked":["Underhanded Strike","Masterful Stab"],"picked":"Caltrops","floor":6.0},{"not_picked":["Sucker Punch","Dodge and Roll"],"picked":"All Out Attack","floor":13.0},{"not_picked":["Calculated Gamble","Outmaneuver"],"picked":"After Image","floor":14.0},{"not_picked":["Adrenaline","A Thousand Cuts"],"picked":"Corpse Explosion","floor":16.0},{"not_picked":["Outmaneuver","Dagger Throw"],"picked":"Dash","floor":18.0},{"not_picked":["Riddle With Holes","Flying Knee"],"picked":"Bouncing Flask","floor":19.0},{"not_picked":["Underhanded Strike","Predator"],"picked":"Deflect","floor":20.0},{"not_picked":["Endless Agony","Acrobatics"],"picked":"Backflip","floor":22.0},{"not_picked":["Quick Slash","Deadly Poison","Heel Hook+1"],"picked":"SKIP","floor":24.0},{"not_picked":["Bane+1","Dodge and Roll"],"picked":"Caltrops","floor":28.0},{"not_picked":["Catalyst","Flying Knee+1"],"picked":"Bane+1","floor":31}],"player_experience":767054,"relics_obtained":[{"floor":6.0,"key":"Whetstone"},{"floor":9.0,"key":"Orichalcum"},{"floor":14.0,"key":"Mango"},{"floor":20.0,"key":"Red Mask"},{"floor":26.0,"key":"Molten Egg 2"}],"event_choices":[{"damage_healed":0.0,"max_hp_gain":0.0,"max_hp_loss":6.0,"gold_gain":0.0,"event_name":"Golden Idol","player_choice":"Lose Max HP","floor":2.0,"gold_loss":0.0,"damage_taken":0.0,"relics_obtained":["Golden Idol"]},{"damage_healed":0.0,"max_hp_gain":0.0,"max_hp_loss":0.0,"gold_gain":0.0,"event_name":"Living Wall","player_choice":"Grow","floor":3.0,"gold_loss":0.0,"damage_taken":0.0,"cards_upgraded":["Neutralize"]},{"damage_healed":0.0,"max_hp_gain":0.0,"max_hp_loss":0.0,"gold_gain":0.0,"event_name":"Scrap Ooze","player_choice":"Success","floor":8.0,"gold_loss":0.0,"damage_taken":5.0,"relics_obtained":["The Specimen"]},{"damage_healed":0.0,"max_hp_gain":0.0,"max_hp_loss":0.0,"gold_gain":0.0,"event_name":"Big Fish","player_choice":"Box","floor":11.0,"gold_loss":0.0,"damage_taken":0.0,"relics_obtained":["Kunai"],"cards_obtained":["Regret"]},{"damage_healed":0.0,"max_hp_gain":0.0,"max_hp_loss":0.0,"gold_gain":0.0,"event_name":"Masked Bandits","player_choice":"Fought Bandits","floor":20.0,"gold_loss":0.0,"damage_taken":0.0},{"damage_healed":0.0,"max_hp_gain":0.0,"max_hp_loss":0.0,"gold_gain":0.0,"event_name":"Accursed Blacksmith","player_choice":"Forge","floor":29.0,"gold_loss":0.0,"damage_taken":0.0,"cards_upgraded":["Caltrops"]}],"is_beta":false,"boss_relics":[{"not_picked":["Philosopher\u0027s Stone","WristBlade"],"picked":"Cursed Key"}],"items_purged_floors":[12,21],"is_endless":false,"potions_floor_spawned":[1,6,14,16,18,28,31],"killed_by":"Champ","ascension_level":20}