{"gold_per_floor":[219,239,89,107,178,178,178,4,4,4,16,48,48,67,67,163,163,173,10,10,26,26,26,26],"floor_reached":24,"playtime":976,"items_purged":["Strike_B"],"score":306,"play_id":"4927f472-3a21-4e3c-9b4f-ec2471069082","local_time":"20190818193340","is_ascension_mode":true,"campfire_choices":[{"data":"Sunder","floor":6,"key":"SMITH"},{"data":"Zap","floor":10,"key":"SMITH"},{"data":"Leap","floor":13,"key":"SMITH"},{"floor":15,"key":"REST"},{"data":"Blizzard","floor":23,"key":"SMITH"}],"neow_cost":"NONE","seed_source_timestamp":1125890073333099,"circlet_count":0,"master_deck":["Strike_B","Strike_B","Strike_B","Defend_B","Defend_B","Defend_B","Defend_B","Zap+1","Dualcast","Leap+1","Sunder+1","Cold Snap","Hologram","Lockon","Sweeping Beam","Dramatic Entrance","Coolheaded","Leap","Rebound","Core Surge","Doom and Gloom","Self Repair","Reboot","Conserve Battery","Blizzard+1","Blizzard","Leap","Leap","Undo"],"relics":["FrozenCore","The Courier","Art of War"],"potions_floor_usage":[24],"damage_taken":[{"damage":4,"enemies":"Jaw Worm","floor":1,"turns":3},{"damage":10,"enemies":"Small Slimes","floor":2,"turns":5},{"damage":0,"enemies":"Cultist","floor":4,"turns":3},{"damage":0,"enemies":"Lots of Slimes","floor":11,"turns":2},{"damage":22,"enemies":"Lagavulin","floor":12,"turns":5},{"damage":21,"enemies":"Exordium Thugs","floor":14,"turns":3},{"damage":15,"enemies":"The Guardian","floor":16,"turns":12},{"damage":0,"enemies":"Spheric Guardian","floor":18,"turns":3},{"damage":0,"enemies":"Chosen","floor":21,"turns":6},{"damage":68,"enemies":"Book of Stabbing","floor":24,"turns":8}],"seed_played":"8497683254815949047","potions_obtained":[{"floor":2,"key":"SpeedPotion"},{"floor":12,"key":"Block Potion"},{"floor":14,"key":"Swift Potion"}],"is_trial":false,"path_per_floor":["M","M","$","M","?","R","?","$","T","R","M","E","R","M","R","B",null,"M","$","?","M","$","R","E"],"character_chosen":"DEFECT","items_purchased":["Cold Snap","Hologram","Lockon","Leap","Rebound","Blizzard","Blizzard","Leap","Leap"],"campfire_rested":1,"item_purchase_floors":[3,3,3,8,8,19,19,19,19],"current_hp_per_floor":[64,54,54,54,54,54,54,54,54,54,54,32,32,11,33,25,63,63,63,56,63,63,63,0],"gold":26,"neow_bonus":"HUNDRED_GOLD","is_prod":false,"is_daily":false,"chose_seed":false,"campfire_upgraded":4,"win_rate":0,"timestamp":1566174820,"path_taken":["M","M","$","M","?","R","?","$","T","R","M","E","R","?","R","BOSS","M","$","?","M","?","R","E"],"build_version":"2019-07-17","purchased_purges":1,"victory":false,"max_hp_per_floor":[75,75,75,75,75,75,75,75,75,75,75,75,75,75,75,75,75,75,75,75,75,75,75,75],"card_choices":[{"not_picked":["Compile Driver","Storm"],"picked":"Leap","floor":1},{"not_picked":["Storm","Compile Driver"],"picked":"Sunder","floor":2},{"not_picked":["Storm","Beam Cell"],"picked":"Sweeping Beam","floor":4},{"not_picked":["Steam","Sweeping Beam"],"picked":"Core Surge","floor":11},{"not_picked":["Gash","Hologram"],"picked":"Doom and Gloom","floor":12},{"not_picked":["Turbo","Sweeping Beam"],"picked":"Self Repair","floor":14},{"not_picked":["Machine Learning","Hyperbeam"],"picked":"Reboot","floor":16},{"not_picked":["Barrage","Turbo"],"picked":"Conserve Battery","floor":18},{"not_picked":["Steam","Darkness"],"picked":"Undo","floor":21}],"player_experience":328205,"relics_obtained":[{"floor":9,"key":"The Courier"},{"floor":12,"key":"Art of War"}],"event_choices":[{"damage_healed":0,"gold_gain":71,"player_choice":"Gained Gold","damage_taken":0,"max_hp_gain":0,"max_hp_loss":0,"event_name":"Golden Wing","floor":5,"gold_loss":0},{"damage_healed":0,"gold_gain":0,"player_choice":"2 cards matched","damage_taken":0,"max_hp_gain":0,"max_hp_loss":0,"event_name":"Match and Keep!","floor":7,"gold_loss":0,"cards_obtained":["Dramatic Entrance","Coolheaded"]},{"damage_healed":0,"gold_gain":0,"player_choice":"Damaged","damage_taken":7,"max_hp_gain":0,"max_hp_loss":0,"event_name":"Wheel of Change","floor":20,"gold_loss":0}],"is_beta":false,"boss_relics":[{"not_picked":["Black Star","White Beast Statue"],"picked":"FrozenCore"}],"items_purged_floors":[8],"is_endless":false,"potions_floor_spawned":[2,12,14],"killed_by":"Book of Stabbing","ascension_level":9}