{"gold_per_floor":[115,190,190,190,340,340,372,372,372,372,390,44,72,143,143,218,218,235,235,211,72,72,72,101,101,149,169,181,98,98,124,124,200,200,210,210,260,273,273,301,312,312,312,312,340,340,340,356,356,356,356],"floor_reached":51,"playtime":2540,"items_purged":["Doubt","Strike_R"],"score":1640,"play_id":"526e0395-022d-4b82-9725-97c02d00f40b","local_time":"20190830025116","is_ascension_mode":true,"campfire_choices":[{"data":"Anger","floor":6.0,"key":"SMITH"},{"data":"Shockwave","floor":8.0,"key":"SMITH"},{"floor":10.0,"key":"REST"},{"data":"Disarm","floor":15.0,"key":"SMITH"},{"data":"Armaments","floor":23.0,"key":"SMITH"},{"data":"Ghostly","floor":25.0,"key":"SMITH"},{"data":"Ghostly","floor":30.0,"key":"SMITH"},{"data":"Ghostly","floor":32.0,"key":"SMITH"},{"data":"True Grit","floor":42.0,"key":"SMITH"},{"data":"Entrench","floor":44.0,"key":"SMITH"},{"floor":46.0,"key":"RECALL"},{"data":"True Grit","floor":49,"key":"SMITH"}],"neow_cost":"NONE","seed_source_timestamp":337937477795700,"circlet_count":0,"master_deck":["AscendersBane","Strike_R","Strike_R+1","Defend_R","Defend_R","Defend_R","Defend_R+1","Bash+1","Anger+1","Shockwave+1","Feel No Pain","Flame Barrier","Sever Soul","Armaments+1","Disarm+1","Offering","Flex+1","Ghostly+1","Ghostly+1","Ghostly+1","True Grit+1","Combust","Battle Trance+1","Shrug It Off","Rupture+1","Entrench+1","Immolate","True Grit+1","Discovery","Demon Form+1","Body Slam","Pain"],"special_seed":0,"relics":["Burning Blood","Self Forming Clay","Meat on the Bone","Juzu Bracelet","Runic Pyramid","Frozen Egg 2","Strawberry","Anchor","Philosopher\u0027s Stone","Thread and Needle","Letter Opener","Blood Vial","WarpedTongs"],"potions_floor_usage":[51,51],"damage_taken":[{"damage":5.0,"enemies":"2 Louse","floor":1.0,"turns":3.0},{"damage":32.0,"enemies":"Gremlin Nob","floor":7.0,"turns":4.0},{"damage":7.0,"enemies":"Jaw Worm","floor":11.0,"turns":3.0},{"damage":16.0,"enemies":"Lagavulin","floor":13.0,"turns":8.0},{"damage":41.0,"enemies":"Hexaghost","floor":16.0,"turns":12.0},{"damage":13.0,"enemies":"3 Byrds","floor":18.0,"turns":5.0},{"damage":8.0,"enemies":"2 Thieves","floor":20.0,"turns":4.0},{"damage":12.0,"enemies":"Gremlin Leader","floor":24.0,"turns":8.0},{"damage":19.0,"enemies":"Snake Plant","floor":27.0,"turns":6.0},{"damage":15.0,"enemies":"Sentry and Sphere","floor":28.0,"turns":8.0},{"damage":17.0,"enemies":"Slavers","floor":31.0,"turns":10.0},{"damage":19.0,"enemies":"Champ","floor":33.0,"turns":11.0},{"damage":5.0,"enemies":"3 Shapes","floor":35.0,"turns":5.0},{"damage":23.0,"enemies":"2 Orb Walkers","floor":37.0,"turns":7.0},{"damage":5.0,"enemies":"3 Darklings","floor":38.0,"turns":5.0},{"damage":8.0,"enemies":"Reptomancer","floor":40.0,"turns":6.0},{"damage":20.0,"enemies":"Jaw Worm Horde","floor":41.0,"turns":5.0},{"damage":22.0,"enemies":"Nemesis","floor":45.0,"turns":15.0},{"damage":10.0,"enemies":"Writhing Mass","floor":48.0,"turns":10.0},{"damage":9,"enemies":"Time Eater","floor":50,"turns":11},{"damage":32,"enemies":"Awakened One","floor":51,"turns":2}],"seed_played":"7665392785342583712","potions_obtained":[{"floor":1.0,"key":"Fire Potion"},{"floor":16.0,"key":"GamblersBrew"},{"floor":18.0,"key":"SteroidPotion"},{"floor":27.0,"key":"AttackPotion"},{"floor":28.0,"key":"PowerPotion"},{"floor":33.0,"key":"Dexterity Potion"}],"is_trial":false,"path_per_floor":["M","?","?","?","?","R","E","R","T","R","M","$","E","?","R","B",null,"M","?","M","$","?","R","E","R","T","M","M","$","R","E","R","B",null,"M","$","?","M","?","E","M","R","T","R","E","R","?","M","R","B","B"],"character_chosen":"IRONCLAD","items_purchased":["Feel No Pain","Flame Barrier","Sever Soul","Armaments","Combust","Rupture+1"],"campfire_rested":1,"item_purchase_floors":[12,12,12,12,21,29],"current_hp_per_floor":[69,58,35,35,35,35,9,9,9,31,42,42,44,44,44,21,62,55,37,35,35,35,35,29,29,36,35,38,38,38,39,39,38,43,44,44,39,40,40,38,36,36,36,36,32,32,32,30,30,29,0],"gold":356,"neow_bonus":"REMOVE_CARD","is_prod":false,"is_daily":false,"chose_seed":false,"campfire_upgraded":10,"win_rate":0,"timestamp":1567158676,"path_taken":["M","?","?","?","?","R","E","R","T","R","M","$","E","?","R","BOSS","M","?","M","$","?","R","E","R","T","M","M","$","R","E","R","BOSS","M","$","?","M","?","E","M","R","T","R","E","R","?","M","R","BOSS","BOSS"],"build_version":"2019-07-17","purchased_purges":2,"victory":false,"max_hp_per_floor":[75,75,75,75,75,75,75,75,75,75,75,75,75,75,75,75,75,75,37,37,37,37,37,37,37,44,44,44,44,44,44,44,44,44,44,44,44,44,44,44,44,44,44,44,44,44,44,44,44,44,44],"card_choices":[{"not_picked":["Flame Barrier","Twin Strike"],"picked":"Anger","floor":1.0},{"not_picked":["Warcry","Armaments"],"picked":"Shockwave","floor":7.0},{"not_picked":["Warcry","Clothesline","Thunderclap"],"picked":"SKIP","floor":11.0},{"not_picked":["Cleave","Infernal Blade"],"picked":"Disarm","floor":13.0},{"not_picked":["Limit Break","Brutality"],"picked":"Offering","floor":16.0},{"not_picked":["Inflame","Heavy Blade"],"picked":"Flex+1","floor":18.0},{"not_picked":["Ghostly Armor+1","Inflame+1"],"picked":"True Grit","floor":20.0},{"not_picked":["Sever Soul","Power Through","Intimidate"],"picked":"SKIP","floor":24.0},{"not_picked":["Fire Breathing+1","Rampage"],"picked":"Battle Trance+1","floor":27.0},{"not_picked":["Flex","Thunderclap"],"picked":"Shrug It Off","floor":28.0},{"not_picked":["Dark Embrace+1","Reckless Charge"],"picked":"Entrench","floor":31.0},{"not_picked":["Brutality+1","Limit Break"],"picked":"Immolate","floor":33.0},{"not_picked":["Battle Trance","Rampage","Armaments"],"picked":"SKIP","floor":35.0},{"not_picked":["Battle Trance","Rampage","Armaments"],"picked":"SKIP","floor":35.0},{"not_picked":["Headbutt","Flex"],"picked":"True Grit","floor":38.0},{"not_picked":["Forethought","Trip"],"picked":"Discovery","floor":39.0},{"not_picked":["Anger","Pommel Strike"],"picked":"Demon Form+1","floor":40.0},{"not_picked":["Armaments","Sword Boomerang"],"picked":"Body Slam","floor":41.0},{"not_picked":["Anger","Sentinel","Twin Strike"],"picked":"SKIP","floor":45.0},{"not_picked":["Anger","Sentinel","Twin Strike"],"picked":"SKIP","floor":45.0},{"not_picked":["Headbutt+1","Thunderclap","Iron Wave"],"picked":"SKIP","floor":48.0}],"player_experience":827124,"relics_obtained":[{"floor":7.0,"key":"Self Forming Clay"},{"floor":9.0,"key":"Meat on the Bone"},{"floor":13.0,"key":"Juzu Bracelet"},{"floor":24.0,"key":"Frozen Egg 2"},{"floor":26.0,"key":"Strawberry"},{"floor":31.0,"key":"Anchor"},{"floor":37.0,"key":"Thread and Needle"},{"floor":40.0,"key":"Letter Opener"},{"floor":45.0,"key":"Blood Vial"}],"event_choices":[{"damage_healed":0.0,"max_hp_gain":0.0,"max_hp_loss":0.0,"gold_gain":75.0,"event_name":"World of Goop","player_choice":"Gather Gold","floor":2.0,"gold_loss":0.0,"damage_taken":11.0},{"damage_healed":0.0,"max_hp_gain":0.0,"max_hp_loss":0.0,"gold_gain":0.0,"event_name":"Shining Light","player_choice":"Entered Light","floor":3.0,"gold_loss":0.0,"damage_taken":23.0,"cards_upgraded":["Strike_R","Defend_R"]},{"damage_healed":0.0,"max_hp_gain":0.0,"max_hp_loss":0.0,"gold_gain":0.0,"event_name":"Living Wall","player_choice":"Grow","floor":4.0,"gold_loss":0.0,"damage_taken":0.0,"cards_upgraded":["Bash"]},{"damage_healed":0.0,"max_hp_gain":0.0,"max_hp_loss":0.0,"gold_gain":150.0,"event_name":"Liars Game","player_choice":"AGREE","floor":5.0,"gold_loss":0.0,"damage_taken":0.0,"cards_obtained":["Doubt"]},{"damage_healed":0.0,"max_hp_gain":0.0,"max_hp_loss":0.0,"gold_gain":71.0,"event_name":"Golden Wing","player_choice":"Gained Gold","floor":14.0,"gold_loss":0.0,"damage_taken":0.0},{"damage_healed":0.0,"max_hp_gain":0.0,"max_hp_loss":38.0,"gold_gain":0.0,"event_name":"Ghosts","player_choice":"Became a Ghost","floor":19.0,"gold_loss":0.0,"damage_taken":0.0,"cards_obtained":["Ghostly","Ghostly","Ghostly"]},{"cards_removed":["Strike_R"],"damage_healed":0.0,"max_hp_gain":0.0,"max_hp_loss":0.0,"gold_gain":0.0,"event_name":"Bonfire Elementals","player_choice":"Offered Basic","floor":22.0,"gold_loss":0.0,"damage_taken":0.0},{"damage_healed":0.0,"max_hp_gain":0.0,"max_hp_loss":0.0,"gold_gain":0.0,"event_name":"Mysterious Sphere","player_choice":"Fight","floor":37.0,"gold_loss":0.0,"damage_taken":0.0},{"damage_healed":0.0,"max_hp_gain":0.0,"max_hp_loss":0.0,"gold_gain":0.0,"event_name":"SensoryStone","player_choice":"Memory 1","floor":39.0,"gold_loss":0.0,"damage_taken":0.0},{"damage_healed":0.0,"max_hp_gain":0.0,"max_hp_loss":0.0,"gold_gain":0.0,"event_name":"Accursed Blacksmith","player_choice":"Rummage","floor":47.0,"gold_loss":0.0,"damage_taken":0.0,"relics_obtained":["WarpedTongs"],"cards_obtained":["Pain"]}],"is_beta":false,"boss_relics":[{"not_picked":["Runic Cube","Orrery"],"picked":"Runic Pyramid"},{"not_picked":["Runic Dome","Snecko Eye"],"picked":"Philosopher\u0027s Stone"}],"items_purged_floors":[12,21],"is_endless":false,"potions_floor_spawned":[1,16,18,27,28,33,35,41],"killed_by":"Awakened One","ascension_level":20}