{"gold_per_floor":[119,132,143,143,153,153,228,258,258,258,272,272,9,34,34,105,105,124,124,83,99,10,41,41,57,83,112,140,186,198,235,247,335,347,373,27,27,38,38,67,67,94,94,122,222,257,257,277,277,277,277,277,277,12,46,46],"floor_reached":57,"playtime":4431,"items_purged":["Strike_R","Strike_R","Strike_R"],"score":2922,"play_id":"9cbff482-0a37-4b33-a74c-9657eb02087b","local_time":"20190903190910","is_ascension_mode":true,"campfire_choices":[{"data":"Armaments","floor":6.0,"key":"SMITH"},{"data":"Headbutt","floor":12.0,"key":"SMITH"},{"data":"Clothesline","floor":15.0,"key":"SMITH"},{"data":"Demon Form","floor":24.0,"key":"SMITH"},{"floor":30.0,"key":"REST"},{"data":"Feel No Pain","floor":32.0,"key":"SMITH"},{"data":"Barricade","floor":41.0,"key":"SMITH"},{"floor":47.0,"key":"RECALL"},{"data":"Corruption","floor":49.0,"key":"SMITH"},{"data":"Feel No Pain","floor":53,"key":"SMITH"}],"neow_cost":"NONE","seed_source_timestamp":217359104249400,"circlet_count":0,"master_deck":["AscendersBane","Strike_R","Defend_R+1","Defend_R","Defend_R","Defend_R","Bash","Clothesline+1","Anger","Armaments+1","Headbutt+1","Inflame","Shrug It Off+1","Rampage+1","Demon Form+1","Reaper+1","Feel No Pain","Shrug It Off+1","Shockwave+1","Burning Pact+1","Metallicize","Warcry+1","Disarm+1","Power Through+1","Sword Boomerang","Warcry+1","Battle Trance+1","Feel No Pain+1","Juggernaut","Disarm+1","Heavy Blade+1","Feel No Pain+1","True Grit+1","Shrug It Off+1","Barricade+1","Shrug It Off+1","True Grit+1","Corruption+1","Sword Boomerang+1"],"special_seed":0,"relics":["Burning Blood","PreservedInsect","Pocketwatch","Du-Vu Doll","Mummified Hand","Toxic Egg 2","Orrery","Prayer Wheel","MawBank","Letter Opener","Oddly Smooth Stone","Philosopher\u0027s Stone","Lantern","Boot","Meat on the Bone","Red Skull","Champion Belt","Whetstone","War Paint"],"potions_floor_usage":[50,50,56,56],"damage_taken":[{"damage":1.0,"enemies":"2 Louse","floor":1.0,"turns":3.0},{"damage":7.0,"enemies":"Cultist","floor":2.0,"turns":4.0},{"damage":2.0,"enemies":"Jaw Worm","floor":3.0,"turns":3.0},{"damage":29.0,"enemies":"Exordium Thugs","floor":5.0,"turns":5.0},{"damage":15.0,"enemies":"Lagavulin","floor":8.0,"turns":5.0},{"damage":3.0,"enemies":"2 Fungi Beasts","floor":11.0,"turns":3.0},{"damage":16.0,"enemies":"Gremlin Nob","floor":14.0,"turns":4.0},{"damage":23.0,"enemies":"The Guardian","floor":16.0,"turns":11.0},{"damage":11.0,"enemies":"Shell Parasite","floor":18.0,"turns":6.0},{"damage":21.0,"enemies":"Chosen","floor":21.0,"turns":5.0},{"damage":32.0,"enemies":"Slavers","floor":23.0,"turns":8.0},{"damage":24.0,"enemies":"Snake Plant","floor":25.0,"turns":8.0},{"damage":20.0,"enemies":"Shelled Parasite and Fungi","floor":27.0,"turns":6.0},{"damage":48.0,"enemies":"Sentry and Sphere","floor":28.0,"turns":10.0},{"damage":15.0,"enemies":"Gremlin Leader","floor":29.0,"turns":7.0},{"damage":9.0,"enemies":"Book of Stabbing","floor":31.0,"turns":6.0},{"damage":45.0,"enemies":"Champ","floor":33.0,"turns":12.0},{"damage":13.0,"enemies":"3 Darklings","floor":35.0,"turns":5.0},{"damage":8.0,"enemies":"Orb Walker","floor":38.0,"turns":4.0},{"damage":0.0,"enemies":"Nemesis","floor":40.0,"turns":6.0},{"damage":22.0,"enemies":"Giant Head","floor":42.0,"turns":9.0},{"damage":24.0,"enemies":"Nemesis","floor":44.0,"turns":19.0},{"damage":0.0,"enemies":"Mind Bloom Boss Battle","floor":45.0,"turns":6.0},{"damage":68.0,"enemies":"Reptomancer","floor":46.0,"turns":7.0},{"damage":0.0,"enemies":"Sphere and 2 Shapes","floor":48.0,"turns":7.0},{"damage":60,"enemies":"Awakened One","floor":50,"turns":29},{"damage":34,"enemies":"Donu and Deca","floor":51,"turns":10},{"damage":25,"enemies":"Shield and Spear","floor":55,"turns":6},{"damage":40,"enemies":"The Heart","floor":56,"turns":9}],"seed_played":"7534699422080101778","potions_obtained":[{"floor":1.0,"key":"Energy Potion"},{"floor":11.0,"key":"Ancient Potion"},{"floor":14.0,"key":"SkillPotion"},{"floor":16.0,"key":"Regen Potion"},{"floor":18.0,"key":"Fire Potion"},{"floor":19.0,"key":"Fire Potion"},{"floor":23.0,"key":"Dexterity Potion"},{"floor":25.0,"key":"Ancient Potion"},{"floor":33.0,"key":"SteroidPotion"}],"is_trial":false,"path_per_floor":["M","M","M","?","M","R","?","E","T","?","M","R","$","E","R","B",null,"M","?","$","M","$","E","R","M","T","M","M","E","R","E","R","B",null,"M","$","?","M","$","E","R","E","T","E","?","E","R","M","R","B","B",null,"R","$","E","B",null],"character_chosen":"IRONCLAD","items_purchased":["Inflame","Shrug It Off","Rampage","Metallicize","Disarm+1","Feel No Pain","True Grit+1","Lantern","LiquidBronze","Poison Potion"],"campfire_rested":1,"item_purchase_floors":[13,13,13,20,22,36,36,36,54,54],"current_hp_per_floor":[73,72,75,75,52,52,41,32,32,32,35,35,35,25,25,8,58,62,62,62,57,57,46,46,36,36,50,30,21,43,52,52,45,68,75,75,71,71,71,71,71,55,55,71,71,60,60,71,71,71,71,71,71,71,52,52],"gold":46,"neow_bonus":"RANDOM_COMMON_RELIC","is_prod":false,"is_daily":false,"chose_seed":false,"campfire_upgraded":8,"win_rate":0,"timestamp":1567562950,"path_taken":["M","M","M","?","?","R","?","E","T","?","?","R","$","E","R","BOSS","M","?","$","M","?","E","R","M","T","M","M","E","R","E","R","BOSS","M","$","?","M","?","E","R","E","T","E","?","E","R","M","R","BOSS","BOSS","R","$","E","BOSS"],"build_version":"2019-07-17","purchased_purges":3,"victory":true,"max_hp_per_floor":[75,75,75,75,75,75,75,75,75,75,75,75,75,75,75,75,75,75,75,75,75,75,75,75,75,75,75,75,75,75,75,75,75,75,75,75,71,71,71,71,71,71,71,71,71,71,71,71,71,71,71,71,71,71,71,71],"card_choices":[{"not_picked":["Shockwave","Armaments"],"picked":"Clothesline","floor":1.0},{"not_picked":["Perfected Strike","Warcry"],"picked":"Anger","floor":2.0},{"not_picked":["Wild Strike","Body Slam","Evolve"],"picked":"SKIP","floor":3.0},{"not_picked":["Flame Barrier","Dropkick"],"picked":"Armaments","floor":5.0},{"not_picked":["Anger","Thunderclap"],"picked":"Headbutt","floor":8.0},{"not_picked":["Perfected Strike","Cleave","Searing Blow"],"picked":"SKIP","floor":11.0},{"not_picked":["Dual Wield","Thunderclap"],"picked":"Demon Form","floor":14.0},{"not_picked":["Barricade","Berserk"],"picked":"Reaper","floor":16.0},{"not_picked":["Searing Blow","Shrug It Off+1"],"picked":"Feel No Pain","floor":17.0},{"not_picked":["Combust","Warcry+1"],"picked":"Shrug It Off+1","floor":17.0},{"not_picked":["Infernal Blade+1","Burning Pact+1"],"picked":"Shockwave+1","floor":17.0},{"not_picked":["Blood for Blood","Warcry+1"],"picked":"Burning Pact+1","floor":17.0},{"not_picked":["Warcry+1","Carnage","Clothesline+1"],"picked":"SKIP","floor":18.0},{"not_picked":["Warcry+1","Carnage","Clothesline+1"],"picked":"SKIP","floor":18.0},{"not_picked":["Brutality","Infernal Blade+1"],"picked":"Warcry+1","floor":21.0},{"not_picked":["Shockwave+1","Anger"],"picked":"Power Through+1","floor":23.0},{"not_picked":["Iron Wave","Heavy Blade","Wild Strike"],"picked":"SKIP","floor":25.0},{"not_picked":["Pommel Strike","Havoc+1","Armaments+1"],"picked":"SKIP","floor":25.0},{"not_picked":["Clothesline","Clash"],"picked":"Sword Boomerang","floor":27.0},{"not_picked":["Armaments+1","Burning Pact+1"],"picked":"Warcry+1","floor":27.0},{"not_picked":["Thunderclap","Wild Strike"],"picked":"Battle Trance+1","floor":28.0},{"not_picked":["Double Tap+1","Armaments+1","Rupture"],"picked":"SKIP","floor":28.0},{"not_picked":["Perfected Strike","Clash"],"picked":"Feel No Pain","floor":29.0},{"not_picked":["Anger","Brutality","Pommel Strike"],"picked":"SKIP","floor":31.0},{"not_picked":["Demon Form","Offering+1"],"picked":"Juggernaut","floor":33.0},{"not_picked":["Sword Boomerang+1","Sentinel+1"],"picked":"Disarm+1","floor":35.0},{"not_picked":["Armaments+1","Twin Strike+1"],"picked":"Heavy Blade+1","floor":35.0},{"not_picked":["Battle Trance+1","Body Slam+1"],"picked":"Shrug It Off+1","floor":38.0},{"not_picked":["Havoc+1","Perfected Strike","Armaments+1"],"picked":"SKIP","floor":38.0},{"not_picked":["Whirlwind","Feed"],"picked":"Barricade","floor":40.0},{"not_picked":["Carnage","Wild Strike","Inflame+1"],"picked":"SKIP","floor":42.0},{"not_picked":["Uppercut","Clothesline"],"picked":"Shrug It Off+1","floor":44.0},{"not_picked":["Iron Wave+1","Warcry+1"],"picked":"True Grit+1","floor":45.0},{"not_picked":["Carnage","Clothesline","Pommel Strike"],"picked":"SKIP","floor":46.0},{"not_picked":["Armaments+1","Rampage"],"picked":"Corruption","floor":48.0},{"not_picked":["Havoc+1","Cleave+1"],"picked":"Sword Boomerang+1","floor":48.0},{"not_picked":["Cleave","Anger","Hemokinesis"],"picked":"SKIP","floor":55}],"player_experience":850408,"relics_obtained":[{"floor":8.0,"key":"Pocketwatch"},{"floor":9.0,"key":"Du-Vu Doll"},{"floor":14.0,"key":"Toxic Egg 2"},{"floor":23.0,"key":"Prayer Wheel"},{"floor":26.0,"key":"MawBank"},{"floor":29.0,"key":"Letter Opener"},{"floor":31.0,"key":"Oddly Smooth Stone"},{"floor":40.0,"key":"Boot"},{"floor":42.0,"key":"Meat on the Bone"},{"floor":44.0,"key":"Red Skull"},{"floor":45.0,"key":"Champion Belt"},{"floor":46.0,"key":"Whetstone"},{"floor":55,"key":"War Paint"}],"event_choices":[{"cards_removed":["Strike_R"],"damage_healed":0.0,"max_hp_gain":0.0,"max_hp_loss":0.0,"gold_gain":0.0,"event_name":"Purifier","player_choice":"Purged","floor":4.0,"gold_loss":0.0,"damage_taken":0.0},{"damage_healed":0.0,"max_hp_gain":0.0,"max_hp_loss":0.0,"gold_gain":75.0,"event_name":"World of Goop","player_choice":"Gather Gold","floor":7.0,"gold_loss":0.0,"damage_taken":11.0},{"damage_healed":0.0,"max_hp_gain":0.0,"max_hp_loss":0.0,"gold_gain":0.0,"event_name":"WeMeetAgain","player_choice":"Gave Potion","floor":10.0,"gold_loss":0.0,"damage_taken":0.0,"relics_obtained":["Mummified Hand"]},{"damage_healed":0.0,"max_hp_gain":0.0,"max_hp_loss":0.0,"gold_gain":0.0,"event_name":"Lab","player_choice":"Got Potions","floor":19.0,"gold_loss":0.0,"damage_taken":0.0},{"damage_healed":0.0,"max_hp_gain":0.0,"max_hp_loss":4.0,"gold_gain":0.0,"event_name":"Winding Halls","player_choice":"Max HP","floor":37.0,"gold_loss":0.0,"damage_taken":0.0},{"damage_healed":0.0,"max_hp_gain":0.0,"max_hp_loss":0.0,"gold_gain":0.0,"event_name":"MindBloom","player_choice":"Fight","floor":45.0,"gold_loss":0.0,"damage_taken":0.0}],"is_beta":false,"boss_relics":[{"not_picked":["Runic Pyramid","Black Blood"],"picked":"Orrery"},{"not_picked":["White Beast Statue","Coffee Dripper"],"picked":"Philosopher\u0027s Stone"}],"items_purged_floors":[13,36,54],"is_endless":false,"potions_floor_spawned":[1,11,14,16,18,23,25,33,40,42,44,46],"ascension_level":20}