{"gold_per_floor":[115,115,12,63,80,108,108,135,135,135,176,176,1,15,15,110,173,187,212,47,61,61,61,97,97,97,112,130,130,150,171,171,266,266,290,117,133,258,271,306,306,347,370,370,390,390,430,449,449,449,449,449,449,53,93,93],"floor_reached":56,"playtime":2371,"items_purged":["Pain","Strike_R","Strike_R"],"score":2225,"play_id":"b966ea34-6429-4178-8ebd-8cb6c5f6d065","local_time":"20190716171051","is_ascension_mode":true,"campfire_choices":[{"data":"Uppercut","floor":7.0,"key":"SMITH"},{"data":"True Grit","floor":12.0,"key":"SMITH"},{"data":"Inflame","floor":15.0,"key":"SMITH"},{"data":"Disarm","floor":23.0,"key":"SMITH"},{"data":"Limit Break","floor":25.0,"key":"SMITH"},{"data":"Offering","floor":29.0,"key":"SMITH"},{"data":"Sword Boomerang","floor":32.0,"key":"SMITH"},{"data":"Demon Form","floor":41.0,"key":"SMITH"},{"data":"Feel No Pain","floor":44.0,"key":"SMITH"},{"data":"Battle Trance","floor":46.0,"key":"SMITH"},{"floor":49.0,"key":"RECALL"},{"data":"Impervious","floor":53.0,"key":"SMITH"}],"neow_cost":"NONE","seed_source_timestamp":0,"circlet_count":0,"master_deck":["AscendersBane","Strike_R","Strike_R","Strike_R","Defend_R+1","Defend_R","Defend_R","Defend_R+1","Bash","Uppercut+1","True Grit+1","Cleave","Twin Strike","Twin Strike","Battle Trance+1","Inflame+1","Shockwave+1","Offering+1","Flame Barrier+1","Disarm+1","Anger","Limit Break+1","Feel No Pain+1","Sword Boomerang+1","Headbutt","Demon Form+1","Dropkick+1","Impervious+1","Whirlwind","Ghostly Armor+1","Disarm","Offering+1"],"special_seed":0,"relics":["Burning Blood","NeowsBlessing","WarpedTongs","Oddly Smooth Stone","Orichalcum","Vajra","Pantograph","Golden Idol","Gremlin Horn","Tiny House","FaceOfCleric","Meat on the Bone","Self Forming Clay","Sozu","War Paint","Du-Vu Doll","Bottled Lightning","Paper Frog","DollysMirror","Lantern","Centennial Puzzle"],"potions_floor_usage":[56,56],"damage_taken":[{"damage":0.0,"enemies":"Cultist","floor":1.0,"turns":1.0},{"damage":0.0,"enemies":"Jaw Worm","floor":5.0,"turns":1.0},{"damage":0.0,"enemies":"3 Sentries","floor":6.0,"turns":1.0},{"damage":23.0,"enemies":"Lagavulin","floor":8.0,"turns":5.0},{"damage":19.0,"enemies":"3 Sentries","floor":11.0,"turns":9.0},{"damage":0.0,"enemies":"2 Louse","floor":14.0,"turns":2.0},{"damage":0.0,"enemies":"Slime Boss","floor":16.0,"turns":6.0},{"damage":9.0,"enemies":"3 Byrds","floor":18.0,"turns":5.0},{"damage":18.0,"enemies":"Shell Parasite","floor":19.0,"turns":4.0},{"damage":20.0,"enemies":"Centurion and Healer","floor":21.0,"turns":4.0},{"damage":34.0,"enemies":"Book of Stabbing","floor":24.0,"turns":7.0},{"damage":18.0,"enemies":"Chosen and Byrds","floor":27.0,"turns":5.0},{"damage":18.0,"enemies":"Snake Plant","floor":28.0,"turns":3.0},{"damage":15.0,"enemies":"Centurion and Healer","floor":30.0,"turns":5.0},{"damage":7.0,"enemies":"Chosen and Byrds","floor":31.0,"turns":4.0},{"damage":25.0,"enemies":"Collector","floor":33.0,"turns":6.0},{"damage":21.0,"enemies":"3 Darklings","floor":35.0,"turns":5.0},{"damage":1.0,"enemies":"3 Shapes","floor":37.0,"turns":11.0},{"damage":6.0,"enemies":"Mind Bloom Boss Battle","floor":38.0,"turns":5.0},{"damage":37.0,"enemies":"Jaw Worm Horde","floor":39.0,"turns":3.0},{"damage":19.0,"enemies":"Giant Head","floor":40.0,"turns":6.0},{"damage":6.0,"enemies":"Nemesis","floor":42.0,"turns":5.0},{"damage":8.0,"enemies":"Sphere and 2 Shapes","floor":45.0,"turns":4.0},{"damage":6.0,"enemies":"Giant Head","floor":47.0,"turns":4.0},{"damage":22.0,"enemies":"3 Darklings","floor":48.0,"turns":3.0},{"damage":28.0,"enemies":"Awakened One","floor":50.0,"turns":12.0},{"damage":59.0,"enemies":"Time Eater","floor":51.0,"turns":7.0},{"damage":57.0,"enemies":"Shield and Spear","floor":55.0,"turns":5.0},{"damage":64,"enemies":"The Heart","floor":56,"turns":6}],"seed_played":"-5801938127354696422","potions_obtained":[{"floor":1.0,"key":"BloodPotion"},{"floor":5.0,"key":"Ancient Potion"},{"floor":17.0,"key":"Energy Potion"},{"floor":30.0,"key":"PowerPotion"}],"is_trial":false,"path_per_floor":["M","?","$","T","M","E","R","E","T","?","E","R","$","M","R","B",null,"M","M","$","M","?","R","E","R","T","M","M","R","M","M","R","B",null,"M","$","M","?","M","E","R","E","T","R","M","R","E","M","R","B","B",null,"R","$","E","B"],"character_chosen":"IRONCLAD","items_purchased":["True Grit","Inflame","Disarm","War Paint","DollysMirror","Lantern"],"campfire_rested":0,"item_purchase_floors":[3,13,20,36,54,54],"current_hp_per_floor":[74,74,74,74,75,75,75,58,58,58,45,45,45,51,51,68,73,70,58,58,44,44,44,17,17,17,36,37,37,41,53,53,60,74,60,60,66,82,52,52,52,53,53,53,52,52,53,50,50,54,39,77,77,77,39,0],"gold":93,"neow_bonus":"THREE_ENEMY_KILL","is_prod":false,"is_daily":false,"chose_seed":false,"campfire_upgraded":11,"win_rate":0,"timestamp":1563322251,"path_taken":["M","?","?","?","M","E","R","E","T","?","E","R","$","?","R","BOSS","M","M","$","M","?","R","E","R","T","?","?","R","M","M","R","BOSS","M","$","M","?","M","E","R","E","T","R","M","R","E","M","R","BOSS","BOSS","R","$","E","BOSS"],"build_version":"2019-07-05","purchased_purges":3,"victory":false,"max_hp_per_floor":[75,75,75,75,75,75,75,75,75,68,68,68,68,68,68,68,73,73,73,73,73,73,73,74,74,74,75,76,76,77,78,78,79,79,80,80,81,82,83,84,84,85,85,85,86,86,87,88,88,89,90,90,90,90,91,91],"card_choices":[{"not_picked":["Searing Blow","Pummel"],"picked":"Uppercut","floor":1.0},{"not_picked":["Twin Strike","Hemokinesis"],"picked":"Cleave","floor":5.0},{"not_picked":["Rage","Warcry"],"picked":"Twin Strike","floor":6.0},{"not_picked":["Flex","Cleave","Twin Strike"],"picked":"SKIP","floor":8.0},{"not_picked":["Flex","Cleave"],"picked":"Twin Strike","floor":8.0},{"not_picked":["True Grit","Metallicize"],"picked":"Battle Trance","floor":11.0},{"not_picked":["Metallicize","Sentinel"],"picked":"Shockwave","floor":14.0},{"not_picked":["Fiend Fire","Berserk"],"picked":"Offering","floor":16.0},{"not_picked":["Iron Wave","Metallicize"],"picked":"Flame Barrier+1","floor":18.0},{"not_picked":["Fire Breathing","Sever Soul","Heavy Blade"],"picked":"SKIP","floor":19.0},{"not_picked":["Shockwave","Sword Boomerang+1"],"picked":"Anger","floor":21.0},{"not_picked":["Whirlwind","Thunderclap"],"picked":"Limit Break","floor":24.0},{"not_picked":["Cleave","Armaments"],"picked":"Feel No Pain","floor":27.0},{"not_picked":["Flex","Anger","Seeing Red"],"picked":"SKIP","floor":28.0},{"not_picked":["Sword Boomerang","Infernal Blade","Battle Trance"],"picked":"SKIP","floor":30.0},{"not_picked":["Infernal Blade","Battle Trance"],"picked":"Sword Boomerang","floor":30.0},{"not_picked":["Warcry","Reckless Charge","Headbutt"],"picked":"SKIP","floor":31.0},{"not_picked":["Warcry","Reckless Charge"],"picked":"Headbutt","floor":31.0},{"not_picked":["Limit Break","Double Tap"],"picked":"Demon Form","floor":33.0},{"not_picked":["Rage","Warcry","Flame Barrier"],"picked":"SKIP","floor":35.0},{"not_picked":["Iron Wave","Body Slam"],"picked":"Dropkick+1","floor":37.0},{"not_picked":["Pummel","Cleave","Entrench+1"],"picked":"SKIP","floor":39.0},{"not_picked":["Spot Weakness","Shrug It Off"],"picked":"Impervious","floor":40.0},{"not_picked":["Entrench","Twin Strike+1"],"picked":"Whirlwind","floor":42.0},{"not_picked":["Sever Soul+1","Power Through"],"picked":"Ghostly Armor+1","floor":45.0},{"not_picked":["Perfected Strike","Heavy Blade"],"picked":"Disarm","floor":47.0},{"not_picked":["Twin Strike+1","Cleave","Wild Strike+1"],"picked":"SKIP","floor":48.0},{"not_picked":["Battle Trance","Brutality","Uppercut+1"],"picked":"SKIP","floor":55.0}],"player_experience":664218,"relics_obtained":[{"floor":4.0,"key":"Oddly Smooth Stone"},{"floor":6.0,"key":"Orichalcum"},{"floor":8.0,"key":"Vajra"},{"floor":9.0,"key":"Pantograph"},{"floor":11.0,"key":"Gremlin Horn"},{"floor":24.0,"key":"Meat on the Bone"},{"floor":26.0,"key":"Self Forming Clay"},{"floor":38.0,"key":"Du-Vu Doll"},{"floor":40.0,"key":"Bottled Lightning"},{"floor":47.0,"key":"Paper Frog"},{"floor":55.0,"key":"Centennial Puzzle"}],"event_choices":[{"damage_healed":0.0,"max_hp_gain":0.0,"max_hp_loss":0.0,"gold_gain":0.0,"event_name":"Accursed Blacksmith","player_choice":"Rummage","floor":2.0,"gold_loss":0.0,"damage_taken":0.0,"relics_obtained":["WarpedTongs"],"cards_obtained":["Pain"]},{"damage_healed":0.0,"max_hp_gain":0.0,"max_hp_loss":7.0,"gold_gain":0.0,"event_name":"Golden Idol","player_choice":"Lose Max HP","floor":10.0,"gold_loss":0.0,"damage_taken":0.0,"relics_obtained":["Golden Idol"]},{"damage_healed":0.0,"max_hp_gain":0.0,"max_hp_loss":0.0,"gold_gain":0.0,"event_name":"FaceTrader","player_choice":"Trade","floor":22.0,"gold_loss":0.0,"damage_taken":0.0,"relics_obtained":["FaceOfCleric"]},{"damage_healed":0.0,"max_hp_gain":0.0,"max_hp_loss":0.0,"gold_gain":0.0,"event_name":"MindBloom","player_choice":"Fight","floor":38.0,"gold_loss":0.0,"damage_taken":0.0}],"is_beta":false,"boss_relics":[{"not_picked":["Black Blood","White Beast Statue"],"picked":"Tiny House"},{"not_picked":["Astrolabe","Mark of Pain"],"picked":"Sozu"}],"items_purged_floors":[3,13,20],"is_endless":false,"potions_floor_spawned":[1,5,16,18,21,30,37,42,45,47,48],"killed_by":"The Heart","ascension_level":20}