{"gold_per_floor":[114,114,134,149,160,193,204,204,204,235,235,266,266,285,285,358,358,358,358,358,5,5,5,5,5,5,5,5,5,5,5,5,5],"floor_reached":33,"playtime":3436,"items_purged":["Strike_R"],"score":718,"play_id":"3443d69a-b4c6-4766-aece-caaa1c9909b3","local_time":"20190622125025","is_ascension_mode":true,"campfire_choices":[{"floor":11.0,"key":"REST"},{"data":"Heavy Blade","floor":13.0,"key":"SMITH"},{"data":"Flex","floor":15.0,"key":"SMITH"},{"data":"Combust","floor":25.0,"key":"SMITH"},{"data":"Corruption","floor":30.0,"key":"SMITH"},{"floor":32.0,"key":"REST"}],"neow_cost":"NONE","seed_source_timestamp":1596794245730700,"circlet_count":0,"master_deck":["AscendersBane","Strike_R","Strike_R","Strike_R","Strike_R","Defend_R","Defend_R","Defend_R","Defend_R","Bash+1","Spot Weakness","Anger","Combust+1","Heavy Blade+1","Pummel","Flex+1","Parasite","Corruption+1","Shrug It Off+1","Impervious+1","Battle Trance+1","Reaper","True Grit+1","Cleave","Rupture+1","True Grit+1","Shrug It Off+1"],"special_seed":0,"relics":["Burning Blood","Oddly Smooth Stone","Centennial Puzzle","Red Skull","Toxic Egg 2","Ectoplasm","ClockworkSouvenir","Art of War","Mummified Hand"],"potions_floor_usage":[33],"damage_taken":[{"damage":14.0,"enemies":"2 Louse","floor":1.0,"turns":3.0},{"damage":7.0,"enemies":"Cultist","floor":3.0,"turns":4.0},{"damage":12.0,"enemies":"Small Slimes","floor":4.0,"turns":4.0},{"damage":22.0,"enemies":"3 Louse","floor":5.0,"turns":3.0},{"damage":23.0,"enemies":"Lagavulin","floor":6.0,"turns":5.0},{"damage":11.0,"enemies":"Red Slaver","floor":7.0,"turns":3.0},{"damage":27.0,"enemies":"3 Sentries","floor":10.0,"turns":4.0},{"damage":22.0,"enemies":"Lagavulin","floor":12.0,"turns":6.0},{"damage":12.0,"enemies":"Lots of Slimes","floor":14.0,"turns":3.0},{"damage":4.0,"enemies":"Slime Boss","floor":16.0,"turns":7.0},{"damage":27.0,"enemies":"3 Byrds","floor":18.0,"turns":4.0},{"damage":12.0,"enemies":"Chosen","floor":20.0,"turns":6.0},{"damage":15.0,"enemies":"Centurion and Healer","floor":22.0,"turns":7.0},{"damage":28.0,"enemies":"Gremlin Leader","floor":23.0,"turns":6.0},{"damage":20.0,"enemies":"Book of Stabbing","floor":27.0,"turns":4.0},{"damage":24.0,"enemies":"3 Cultists","floor":28.0,"turns":6.0},{"damage":20.0,"enemies":"Snake Plant","floor":29.0,"turns":3.0},{"damage":34.0,"enemies":"Shelled Parasite and Fungi","floor":31.0,"turns":5.0},{"damage":79,"enemies":"Collector","floor":33,"turns":7}],"seed_played":"-105893388693934164","potions_obtained":[{"floor":4.0,"key":"GamblersBrew"},{"floor":5.0,"key":"EssenceOfSteel"},{"floor":6.0,"key":"Ancient Potion"},{"floor":10.0,"key":"Energy Potion"},{"floor":18.0,"key":"BloodPotion"},{"floor":27.0,"key":"Dexterity Potion"}],"is_trial":false,"path_per_floor":["M","?","M","M","M","E","M","?","T","E","R","E","R","M","R","B",null,"M","?","M","$","M","E","$","R","T","E","M","M","R","M","R","B"],"character_chosen":"IRONCLAD","items_purchased":["ClockworkSouvenir","True Grit+1"],"campfire_rested":2,"item_purchase_floors":[21,21],"current_hp_per_floor":[67,67,66,60,44,27,22,42,42,21,45,29,29,23,23,25,68,47,47,51,51,55,54,54,54,54,64,59,45,45,35,59,0],"gold":5,"neow_bonus":"TEN_PERCENT_HP_BONUS","is_prod":false,"is_daily":false,"chose_seed":false,"campfire_upgraded":4,"win_rate":0,"timestamp":1561233025,"path_taken":["M","?","M","?","M","E","M","?","T","E","R","E","R","M","R","BOSS","M","?","?","?","M","E","$","R","T","E","?","M","R","M","R","BOSS"],"build_version":"2019-01-23","purchased_purges":1,"victory":false,"max_hp_per_floor":[82,82,82,82,82,82,82,82,82,82,82,82,82,82,82,82,82,82,82,82,82,82,82,82,82,82,82,82,82,82,82,82,82],"card_choices":[{"not_picked":["Body Slam","Dual Wield"],"picked":"Spot Weakness","floor":1.0},{"not_picked":["Clash","Heavy Blade"],"picked":"Anger","floor":3.0},{"not_picked":["Flame Barrier","Perfected Strike"],"picked":"Combust","floor":4.0},{"not_picked":["Double Tap","Hemokinesis"],"picked":"Heavy Blade","floor":5.0},{"not_picked":["Iron Wave","Anger"],"picked":"Pummel","floor":6.0},{"not_picked":["Hemokinesis","Iron Wave"],"picked":"Flex","floor":7.0},{"not_picked":["Iron Wave","Seeing Red"],"picked":"Corruption","floor":10.0},{"not_picked":["Clothesline","Havoc","Hemokinesis"],"picked":"SKIP","floor":12.0},{"not_picked":["Iron Wave","Heavy Blade"],"picked":"Shrug It Off+1","floor":14.0},{"not_picked":["Barricade","Berserk"],"picked":"Impervious+1","floor":16.0},{"not_picked":["Iron Wave+1","Warcry+1"],"picked":"Battle Trance+1","floor":18.0},{"not_picked":["Perfected Strike","Warcry+1","Seeing Red+1"],"picked":"SKIP","floor":20.0},{"not_picked":["Perfected Strike","Blood for Blood"],"picked":"Cleave","floor":22.0},{"not_picked":["Reaper","Sever Soul"],"picked":"Rupture+1","floor":23.0},{"not_picked":["Headbutt","Clash"],"picked":"True Grit+1","floor":27.0},{"not_picked":["Havoc+1","Bludgeon","Headbutt"],"picked":"SKIP","floor":28.0},{"not_picked":["Warcry+1","Heavy Blade"],"picked":"Shrug It Off+1","floor":29.0},{"not_picked":["Warcry+1","Pummel","Twin Strike"],"picked":"SKIP","floor":31.0}],"player_experience":635945,"relics_obtained":[{"floor":6.0,"key":"Oddly Smooth Stone"},{"floor":9.0,"key":"Centennial Puzzle"},{"floor":10.0,"key":"Red Skull"},{"floor":12.0,"key":"Toxic Egg 2"},{"floor":23.0,"key":"Art of War"},{"floor":27.0,"key":"Mummified Hand"}],"event_choices":[{"damage_healed":0.0,"max_hp_gain":0.0,"max_hp_loss":0.0,"gold_gain":0.0,"event_name":"Upgrade Shrine","player_choice":"Upgraded","floor":2.0,"gold_loss":0.0,"damage_taken":0.0,"cards_upgraded":["Bash"]},{"damage_healed":20.0,"max_hp_gain":0.0,"max_hp_loss":0.0,"gold_gain":0.0,"event_name":"Mushrooms","player_choice":"Healed and dodged fight","floor":8.0,"gold_loss":0.0,"damage_taken":0.0,"cards_obtained":["Parasite"]},{"damage_healed":0.0,"max_hp_gain":0.0,"max_hp_loss":0.0,"gold_gain":0.0,"event_name":"Match and Keep!","player_choice":"1 cards matched","floor":19.0,"gold_loss":0.0,"damage_taken":0.0,"cards_obtained":["Reaper"]}],"is_beta":false,"boss_relics":[{"not_picked":["Eternal Feather","Black Star"],"picked":"Ectoplasm"}],"items_purged_floors":[21],"is_endless":false,"potions_floor_spawned":[4,5,6,10,18,27,28,31],"killed_by":"Collector","ascension_level":20}