{"gold_per_floor":[366,366,366,15,35,35,135,174,474,474,493,493,517,270,270,359,359,377,395,395,106,127,127,127,162,162,162,201,201,239,264,276,288],"floor_reached":33,"playtime":1175,"items_purged":["Defend_R","Strike_R","Strike_R"],"score":562,"play_id":"b7523007-ec8c-4779-90ae-2d22ba39d885","local_time":"20181218031912","is_ascension_mode":true,"campfire_choices":[{"data":"Bash","floor":6.0,"key":"SMITH"},{"data":"Shrug It Off","floor":10.0,"key":"SMITH"},{"floor":12.0,"key":"REST"},{"data":"Clash","floor":15.0,"key":"SMITH"},{"floor":23.0,"key":"DIG"},{"floor":27,"key":"REST"},{"floor":29,"key":"REST"},{"floor":32,"key":"DIG"}],"neow_cost":"CURSE","seed_source_timestamp":243302049930200,"circlet_count":0,"master_deck":["AscendersBane","Strike_R","Strike_R","Strike_R","Defend_R","Defend_R","Defend_R","Bash+1","Shrug It Off+1","Twin Strike+1","Clash+1","Dropkick","Feed+1","Exhume","Bloodletting+1","Anger","Flame Barrier"],"special_seed":0,"relics":["Burning Blood","Golden Idol","Membership Card","Lantern","Champion Belt","Old Coin","Regal Pillow","Meat on the Bone","Velvet Choker","MutagenicStrength","Shovel","Red Skull","Pantograph","Pear","Whetstone","Pen Nib","MawBank","Mango"],"potions_floor_usage":[25,25,28,33],"damage_taken":[{"damage":2.0,"enemies":"2 Louse","floor":1.0,"turns":3.0},{"damage":4.0,"enemies":"Small Slimes","floor":5.0,"turns":4.0},{"damage":20.0,"enemies":"Gremlin Nob","floor":8.0,"turns":4.0},{"damage":2.0,"enemies":"Jaw Worm","floor":11.0,"turns":3.0},{"damage":9.0,"enemies":"Gremlin Gang","floor":13.0,"turns":4.0},{"damage":60.0,"enemies":"Slime Boss","floor":16.0,"turns":11.0},{"damage":27.0,"enemies":"Shell Parasite","floor":18.0,"turns":5.0},{"damage":20.0,"enemies":"Spheric Guardian","floor":19.0,"turns":5.0},{"damage":13.0,"enemies":"Snake Plant","floor":22.0,"turns":2.0},{"damage":35,"enemies":"Gremlin Leader","floor":25,"turns":6},{"damage":53,"enemies":"Book of Stabbing","floor":28,"turns":5},{"damage":35,"enemies":"Gremlin Leader","floor":30,"turns":10},{"damage":41,"enemies":"Sentry and Sphere","floor":31,"turns":6},{"damage":110,"enemies":"Champ","floor":33,"turns":11}],"seed_played":"-948669951349556238","potions_obtained":[{"floor":1.0,"key":"Dexterity Potion"},{"floor":8.0,"key":"Explosive Potion"},{"floor":13.0,"key":"Ancient Potion"},{"floor":25,"key":"AttackPotion"},{"floor":31,"key":"SkillPotion"}],"is_trial":false,"path_per_floor":["M","?","?","$","M","R","?","E","T","R","M","R","M","$","R","B",null,"M","M","?","$","M","R","?","E","T","R","E","R","E","M","R","B"],"character_chosen":"IRONCLAD","items_purchased":["Membership Card","Lantern","Twin Strike","Regal Pillow","Meat on the Bone","Shovel","Red Skull"],"campfire_rested":3,"item_purchase_floors":[4,4,4,14,14,21,21],"current_hp_per_floor":[72,54,54,54,56,56,56,42,42,42,46,68,65,65,65,26,65,56,54,54,54,50,50,50,43,43,85,50,91,62,43,57,0],"gold":288,"neow_bonus":"TWO_FIFTY_GOLD","is_prod":false,"is_daily":false,"chose_seed":false,"campfire_upgraded":3,"win_rate":0,"timestamp":1545131952,"path_taken":["M","?","?","$","M","R","?","E","T","R","?","R","M","$","R","BOSS","M","M","?","$","M","R","?","E","T","R","E","R","E","M","R","BOSS"],"build_version":"2018-12-13","purchased_purges":3,"victory":false,"max_hp_per_floor":[75,75,75,75,75,75,75,75,75,75,75,75,75,75,75,78,78,78,78,78,78,81,81,81,91,91,91,91,91,91,95,109,109],"card_choices":[{"not_picked":["Perfected Strike","Pommel Strike"],"picked":"Shrug It Off","floor":1.0},{"not_picked":["Wild Strike","Pommel Strike"],"picked":"Clash","floor":5.0},{"not_picked":["Feel No Pain","Dual Wield","Entrench"],"picked":"SKIP","floor":8.0},{"not_picked":["Carnage","Sword Boomerang"],"picked":"Dropkick","floor":11.0},{"not_picked":["Twin Strike","Anger"],"picked":"Feed","floor":13.0},{"not_picked":["Demon Form","Brutality"],"picked":"Exhume","floor":16.0},{"not_picked":["Cleave","Shockwave"],"picked":"Bloodletting+1","floor":18.0},{"not_picked":["True Grit","Thunderclap"],"picked":"Anger","floor":19.0},{"not_picked":["True Grit+1","Body Slam","Wild Strike"],"picked":"SKIP","floor":22.0},{"not_picked":["Berserk","Second Wind","Corruption"],"picked":"SKIP","floor":25},{"not_picked":["Sword Boomerang","Warcry"],"picked":"Flame Barrier","floor":28},{"not_picked":["Wild Strike","True Grit","Barricade"],"picked":"SKIP","floor":30},{"not_picked":["Havoc+1","Anger","Sentinel"],"picked":"SKIP","floor":31}],"player_experience":134377,"relics_obtained":[{"floor":8.0,"key":"Champion Belt"},{"floor":9.0,"key":"Old Coin"},{"floor":23.0,"key":"Pantograph"},{"floor":25,"key":"Pear"},{"floor":26,"key":"Whetstone"},{"floor":28,"key":"Pen Nib"},{"floor":30,"key":"MawBank"},{"floor":32,"key":"Mango"}],"event_choices":[{"damage_healed":0.0,"max_hp_gain":0.0,"max_hp_loss":0.0,"gold_gain":0.0,"event_name":"Golden Idol","player_choice":"Take Damage","floor":2.0,"gold_loss":0.0,"damage_taken":18.0,"relics_obtained":["Golden Idol"]},{"cards_removed":["Clumsy"],"damage_healed":0.0,"max_hp_gain":0.0,"max_hp_loss":0.0,"gold_gain":0.0,"event_name":"Living Wall","player_choice":"Forget","floor":3.0,"gold_loss":0.0,"damage_taken":0.0},{"damage_healed":0.0,"max_hp_gain":0.0,"max_hp_loss":0.0,"gold_gain":100.0,"event_name":"Golden Shrine","player_choice":"Pray","floor":7.0,"gold_loss":0.0,"damage_taken":0.0},{"damage_healed":0.0,"max_hp_gain":0.0,"max_hp_loss":0.0,"gold_gain":0.0,"event_name":"Drug Dealer","player_choice":"Inject Mutagens","floor":20.0,"gold_loss":0.0,"damage_taken":0.0,"relics_obtained":["MutagenicStrength"]},{"damage_healed":0.0,"max_hp_gain":0.0,"max_hp_loss":0.0,"gold_gain":0.0,"event_name":"Vampires","player_choice":"Ignored","floor":24.0,"gold_loss":0.0,"damage_taken":0.0}],"is_beta":false,"boss_relics":[{"not_picked":["Fusion Hammer","Cursed Key"],"picked":"Velvet Choker"}],"items_purged_floors":[4,14,21],"is_endless":false,"potions_floor_spawned":[1,8,13,19,25,31],"killed_by":"Champ","ascension_level":14}