{"gold_per_floor":[114,214,232,243,243,243,269,269,342,367,367,384,399,417,417,488,488,505,505,505,537,18,48,58,85,85,103,129,144,0,14,14,88,88,107,107,107,117,130,155,155,377,403,403],"floor_reached":44,"playtime":1656,"items_purged":["Strike_R"],"score":1076,"play_id":"7bd80f83-ef89-47d4-9865-99e2836de066","local_time":"20190804231004","is_ascension_mode":true,"campfire_choices":[{"data":"Perfected Strike","floor":6.0,"key":"SMITH"},{"data":"Bludgeon","floor":8.0,"key":"SMITH"},{"floor":15.0,"key":"REST"},{"floor":32,"key":"REST"}],"neow_cost":"NONE","seed_source_timestamp":111301620181800,"circlet_count":0,"master_deck":["AscendersBane","Strike_R","Strike_R+1","Strike_R","Defend_R","Defend_R","Defend_R","Defend_R","Bash","Perfected Strike+1","Pommel Strike","Headbutt","Bludgeon+1","Cleave","Iron Wave","True Grit","Armaments","Impervious","Flame Barrier","RitualDagger","Anger","Perfected Strike","Dark Shackles","Feel No Pain+1","Thunderclap+1","Shockwave","Battle Trance+1","Flame Barrier","True Grit","Corruption","Thunderclap","Immolate","Shrug It Off","Metallicize+1","Shrug It Off"],"special_seed":0,"relics":["Burning Blood","Vajra","Whetstone","Question Card","Champion Belt","FaceOfCleric","Philosopher\u0027s Stone","Red Mask","Kunai","Paper Frog","Self Forming Clay","Sundial","Omamori","Cursed Key","Ancient Tea Set"],"potions_floor_usage":[25,40,40],"damage_taken":[{"damage":7.0,"enemies":"Cultist","floor":1.0,"turns":4.0},{"damage":3.0,"enemies":"2 Louse","floor":3.0,"turns":3.0},{"damage":7.0,"enemies":"Jaw Worm","floor":4.0,"turns":3.0},{"damage":35.0,"enemies":"Lagavulin","floor":7.0,"turns":5.0},{"damage":25.0,"enemies":"3 Sentries","floor":10.0,"turns":7.0},{"damage":15.0,"enemies":"Gremlin Gang","floor":12.0,"turns":3.0},{"damage":7.0,"enemies":"Exordium Wildlife","floor":13.0,"turns":4.0},{"damage":3.0,"enemies":"Blue Slaver","floor":14.0,"turns":3.0},{"damage":27.0,"enemies":"Hexaghost","floor":16.0,"turns":7.0},{"damage":16.0,"enemies":"Chosen","floor":18.0,"turns":5.0},{"damage":28.0,"enemies":"Masked Bandits","floor":21.0,"turns":3.0},{"damage":32.0,"enemies":"Book of Stabbing","floor":23.0,"turns":6.0},{"damage":14.0,"enemies":"2 Thieves","floor":24.0,"turns":4.0},{"damage":16,"enemies":"Slavers","floor":25,"turns":3},{"damage":8,"enemies":"3 Cultists","floor":27,"turns":4},{"damage":6,"enemies":"Snecko","floor":29,"turns":4},{"damage":0,"enemies":"Snake Plant","floor":31,"turns":3},{"damage":43,"enemies":"Collector","floor":33,"turns":11},{"damage":2,"enemies":"Orb Walker","floor":35,"turns":3},{"damage":7,"enemies":"3 Darklings","floor":38,"turns":5},{"damage":40,"enemies":"Spire Growth","floor":39,"turns":6},{"damage":23,"enemies":"Giant Head","floor":40,"turns":7},{"damage":61,"enemies":"Nemesis","floor":44,"turns":13}],"seed_played":"1688075464851977676","potions_obtained":[{"floor":3.0,"key":"Poison Potion"},{"floor":7.0,"key":"FearPotion"},{"floor":13.0,"key":"SkillPotion"},{"floor":16.0,"key":"BloodPotion"},{"floor":24.0,"key":"Swift Potion"},{"floor":25,"key":"SkillPotion"}],"is_trial":false,"path_per_floor":["M","?","M","M","?","R","E","R","T","E","?","M","M","M","R","B",null,"M","?","?","?","$","E","M","E","T","M","T","M","$","M","R","B",null,"M","?","?","M","M","E","?","?","T","E"],"character_chosen":"IRONCLAD","items_purchased":["Perfected Strike","Dark Shackles","Kunai","SteroidPotion","True Grit","Corruption"],"campfire_rested":2,"item_purchase_floors":[22,22,22,22,30,30],"current_hp_per_floor":[74,74,77,76,65,65,36,36,36,17,17,9,9,13,38,18,69,60,60,54,33,33,30,23,14,14,13,13,14,14,21,49,13,75,80,96,96,96,63,47,47,47,47,0],"gold":403,"neow_bonus":"TEN_PERCENT_HP_BONUS","is_prod":false,"is_daily":false,"chose_seed":false,"campfire_upgraded":2,"win_rate":0,"timestamp":1564985404,"path_taken":["M","?","?","M","?","R","E","R","T","E","?","?","M","M","R","BOSS","M","?","?","?","$","E","M","E","T","M","?","?","?","M","R","BOSS","M","?","?","M","?","E","?","?","T","E"],"build_version":"2019-07-17","purchased_purges":1,"victory":false,"max_hp_per_floor":[82,82,82,82,82,82,82,82,82,82,82,83,84,85,85,86,86,87,87,87,88,88,89,90,91,91,92,92,93,93,94,94,95,95,96,96,96,97,98,99,99,99,99,99],"card_choices":[{"not_picked":["Twin Strike","Clothesline"],"picked":"Perfected Strike","floor":1.0},{"not_picked":["Burning Pact","Clash"],"picked":"Pommel Strike","floor":3.0},{"not_picked":["Reckless Charge","Iron Wave","Headbutt"],"picked":"SKIP","floor":4.0},{"not_picked":["Reckless Charge","Iron Wave"],"picked":"Headbutt","floor":4.0},{"not_picked":["Twin Strike","Sever Soul"],"picked":"Bludgeon","floor":7.0},{"not_picked":["Bludgeon","Hemokinesis","Burning Pact"],"picked":"Cleave","floor":10.0},{"not_picked":["Clothesline","Body Slam","Combust"],"picked":"Iron Wave","floor":12.0},{"not_picked":["Entrench","Pummel","Second Wind"],"picked":"True Grit","floor":13.0},{"not_picked":["Clothesline","Twin Strike","Body Slam"],"picked":"Armaments","floor":14.0},{"not_picked":["Bludgeon","Fiend Fire","Limit Break"],"picked":"Impervious","floor":16.0},{"not_picked":["Sever Soul","Searing Blow","Pommel Strike+1"],"picked":"Flame Barrier","floor":18.0},{"not_picked":["Clash","Hemokinesis","Power Through"],"picked":"Anger","floor":21.0},{"not_picked":["Pommel Strike","Sever Soul","Headbutt+1"],"picked":"Feel No Pain+1","floor":23.0},{"not_picked":["Sword Boomerang","Hemokinesis+1","Clash"],"picked":"Thunderclap+1","floor":24.0},{"not_picked":["Searing Blow","Infernal Blade","Havoc"],"picked":"Shockwave","floor":25},{"not_picked":["Evolve","Ghostly Armor","Thunderclap"],"picked":"Battle Trance+1","floor":27},{"not_picked":["Rupture","Iron Wave","Bloodletting"],"picked":"Flame Barrier","floor":29},{"not_picked":["Evolve","Sentinel","Sword Boomerang"],"picked":"Thunderclap","floor":31},{"not_picked":["Bludgeon","Offering","Limit Break"],"picked":"Immolate","floor":33},{"not_picked":["Anger","Clash","Warcry","Perfected Strike"],"picked":"SKIP","floor":35},{"not_picked":["Pommel Strike","Dropkick","Warcry"],"picked":"Shrug It Off","floor":38},{"not_picked":["Headbutt+1","Iron Wave","Fire Breathing"],"picked":"Metallicize+1","floor":39},{"not_picked":["Clothesline","Clash","Headbutt+1"],"picked":"Shrug It Off","floor":40}],"player_experience":734017,"relics_obtained":[{"floor":7.0,"key":"Whetstone"},{"floor":9.0,"key":"Question Card"},{"floor":10.0,"key":"Champion Belt"},{"floor":21.0,"key":"Red Mask"},{"floor":23.0,"key":"Paper Frog"},{"floor":25,"key":"Self Forming Clay"},{"floor":26,"key":"Sundial"},{"floor":28,"key":"Omamori"},{"floor":40,"key":"Ancient Tea Set"}],"event_choices":[{"damage_healed":0.0,"max_hp_gain":0.0,"max_hp_loss":0.0,"gold_gain":100.0,"event_name":"Wheel of Change","player_choice":"Gold","floor":2.0,"gold_loss":0.0,"damage_taken":0.0},{"damage_healed":0.0,"max_hp_gain":0.0,"max_hp_loss":0.0,"gold_gain":0.0,"event_name":"Scrap Ooze","player_choice":"Success","floor":5.0,"gold_loss":0.0,"damage_taken":11.0,"relics_obtained":["Vajra"]},{"damage_healed":0.0,"max_hp_gain":0.0,"max_hp_loss":0.0,"gold_gain":0.0,"event_name":"FaceTrader","player_choice":"Trade","floor":11.0,"gold_loss":0.0,"damage_taken":0.0,"relics_obtained":["FaceOfCleric"]},{"damage_healed":0.0,"max_hp_gain":0.0,"max_hp_loss":0.0,"gold_gain":0.0,"event_name":"Ghosts","player_choice":"Ignored","floor":19.0,"gold_loss":0.0,"damage_taken":0.0},{"damage_healed":0.0,"max_hp_gain":0.0,"max_hp_loss":0.0,"gold_gain":0.0,"event_name":"Nest","player_choice":"Joined the Cult","floor":20.0,"gold_loss":0.0,"damage_taken":6.0,"cards_obtained":["RitualDagger"]},{"damage_healed":0.0,"max_hp_gain":0.0,"max_hp_loss":0.0,"gold_gain":0.0,"event_name":"Masked Bandits","player_choice":"Fought Bandits","floor":21.0,"gold_loss":0.0,"damage_taken":0.0},{"damage_healed":19,"gold_gain":0,"player_choice":"Writhe","damage_taken":0,"max_hp_gain":0,"max_hp_loss":0,"event_name":"Winding Halls","floor":36,"gold_loss":0,"cards_obtained":["Writhe"]},{"damage_healed":0,"gold_gain":0,"player_choice":"0 cards matched","damage_taken":0,"max_hp_gain":0,"max_hp_loss":0,"event_name":"Match and Keep!","floor":37,"gold_loss":0,"cards_obtained":[]},{"cards_removed":["Strike_R"],"damage_healed":0,"gold_gain":0,"player_choice":"Removed Attack","damage_taken":0,"max_hp_gain":0,"max_hp_loss":0,"event_name":"Falling","floor":41,"gold_loss":0},{"damage_healed":0,"gold_gain":222,"player_choice":"Wore Mask","damage_taken":0,"max_hp_gain":0,"max_hp_loss":0,"event_name":"Tomb of Lord Red Mask","floor":42,"gold_loss":0}],"is_beta":false,"boss_relics":[{"not_picked":["Calling Bell","Coffee Dripper"],"picked":"Philosopher\u0027s Stone"},{"not_picked":["Empty Cage","Runic Dome"],"picked":"Cursed Key"}],"items_purged_floors":[22],"is_endless":false,"potions_floor_spawned":[3,7,13,16,24,25,27,31,35,39],"killed_by":"Nemesis","ascension_level":20}