{"gold_per_floor":[117,117,136,12,24,24,53,64,90,102,102],"floor_reached":11,"playtime":599,"items_purged":[],"score":150,"play_id":"00fb14ac-700c-4765-a836-60e8474e0b9d","local_time":"20190625143104","is_ascension_mode":true,"campfire_choices":[{"data":"Bash","floor":6,"key":"SMITH"}],"neow_cost":"NONE","seed_source_timestamp":98159347274400,"circlet_count":0,"master_deck":["AscendersBane","Strike_R","Strike_R","Strike_R","Strike_R","Defend_R","Defend_R","Defend_R","Defend_R","Bash+1","Headbutt","Shrug It Off","Reckless Charge","Combust","Whirlwind","True Grit","Thunderclap"],"relics":["Burning Blood","Art of War","Bag of Marbles"],"potions_floor_usage":[10],"damage_taken":[{"damage":18,"enemies":"Small Slimes","floor":1,"turns":5},{"damage":10,"enemies":"2 Louse","floor":3,"turns":3},{"damage":0,"enemies":"Cultist","floor":5,"turns":3},{"damage":55,"enemies":"Lagavulin","floor":7,"turns":8},{"damage":8,"enemies":"Blue Slaver","floor":8,"turns":4},{"damage":6,"enemies":"Exordium Thugs","floor":10,"turns":4},{"damage":13,"enemies":"2 Fungi Beasts","floor":11,"turns":2}],"seed_played":"-5843652026963472384","potions_obtained":[{"floor":7,"key":"Dexterity Potion"},{"floor":10,"key":"FearPotion"}],"is_trial":false,"path_per_floor":["M","?","M","$","M","R","E","M","T","M","M"],"character_chosen":"IRONCLAD","items_purchased":["Reckless Charge","Combust"],"campfire_rested":0,"item_purchase_floors":[4,4],"current_hp_per_floor":[56,56,52,52,58,58,9,7,7,7,0],"gold":102,"neow_bonus":"REMOVE_CARD","is_prod":false,"is_daily":false,"chose_seed":false,"campfire_upgraded":1,"win_rate":0,"timestamp":1561498264,"path_taken":["M","?","M","$","M","R","E","M","T","M","M"],"build_version":"2019-01-23","purchased_purges":0,"victory":false,"max_hp_per_floor":[75,75,75,75,75,75,75,75,75,75,75],"card_choices":[{"not_picked":["Heavy Blade","Clash"],"picked":"Headbutt","floor":1},{"not_picked":["Havoc","Clash"],"picked":"Shrug It Off","floor":3},{"not_picked":["Body Slam","Flex"],"picked":"Whirlwind","floor":5},{"not_picked":["Clash","Wild Strike"],"picked":"True Grit","floor":7},{"not_picked":["Armaments","Dark Embrace"],"picked":"Thunderclap","floor":8},{"not_picked":["Pummel","Body Slam","Bloodletting"],"picked":"SKIP","floor":10}],"player_experience":639381,"relics_obtained":[{"floor":7,"key":"Art of War"},{"floor":9,"key":"Bag of Marbles"}],"event_choices":[{"damage_healed":0,"gold_gain":0,"player_choice":"Leave","damage_taken":0,"max_hp_gain":0,"max_hp_loss":0,"event_name":"The Cleric","floor":2,"gold_loss":0}],"is_beta":false,"boss_relics":[],"items_purged_floors":[],"is_endless":false,"potions_floor_spawned":[7,10],"killed_by":"2 Fungi Beasts","ascension_level":20}