{"gold_per_floor":[111,36,36,36,50,82,82,110,110,110,43,60,78,88,88,190,190,205,105,105,115,115,115,115,115,115,149,149,180,23,43,43,146,146,163,16,35,35,35],"floor_reached":39,"playtime":943,"items_purged":["Strike_R","Strike_R"],"score":760,"play_id":"6899575c-b098-474d-a73a-47858179c616","local_time":"20181217194558","is_ascension_mode":true,"campfire_choices":[{"data":"Inflame","floor":10.0,"key":"SMITH"},{"data":"Bash","floor":15.0,"key":"SMITH"},{"data":"Limit Break","floor":23.0,"key":"SMITH"},{"data":"Whirlwind","floor":24.0,"key":"SMITH"},{"floor":25.0,"key":"REST"},{"data":"Defend_R","floor":32.0,"key":"SMITH"}],"neow_cost":"NONE","seed_source_timestamp":216422737428000,"circlet_count":0,"master_deck":["AscendersBane","Strike_R+1","Defend_R","Defend_R","Defend_R+1","Defend_R+1","Bash+1","Clash","Inflame+1","Cleave","Twin Strike","Whirlwind+1","Limit Break+1","Iron Wave+1","Feed","Spot Weakness"],"special_seed":0,"relics":["Burning Blood","NeowsBlessing","Mercury Hourglass","Red Skull","WingedGreaves","Sundial","Empty Cage","MutagenicStrength","Frozen Egg 2","Gremlin Horn","Dream Catcher","Ancient Tea Set","Pen Nib","CultistMask"],"potions_floor_usage":[39],"damage_taken":[{"damage":0.0,"enemies":"Small Slimes","floor":1.0,"turns":1.0},{"damage":0.0,"enemies":"2 Louse","floor":5.0,"turns":1.0},{"damage":0.0,"enemies":"Lagavulin","floor":6.0,"turns":1.0},{"damage":15.0,"enemies":"Gremlin Nob","floor":8.0,"turns":4.0},{"damage":2.0,"enemies":"Jaw Worm","floor":12.0,"turns":2.0},{"damage":13.0,"enemies":"Blue Slaver","floor":13.0,"turns":2.0},{"damage":8.0,"enemies":"Lots of Slimes","floor":14.0,"turns":3.0},{"damage":43.0,"enemies":"The Guardian","floor":16.0,"turns":9.0},{"damage":32.0,"enemies":"2 Thieves","floor":18.0,"turns":4.0},{"damage":1.0,"enemies":"Spheric Guardian","floor":21.0,"turns":3.0},{"damage":17.0,"enemies":"Slavers","floor":27.0,"turns":4.0},{"damage":0.0,"enemies":"Gremlin Leader","floor":29.0,"turns":4.0},{"damage":16.0,"enemies":"Snake Plant","floor":31.0,"turns":3.0},{"damage":66.0,"enemies":"Collector","floor":33.0,"turns":6.0},{"damage":26.0,"enemies":"Orb Walker","floor":35.0,"turns":4.0},{"damage":29.0,"enemies":"3 Darklings","floor":37.0,"turns":2.0},{"damage":30,"enemies":"Maw","floor":39,"turns":3}],"seed_played":"-2131935986569335018","potions_obtained":[{"floor":1.0,"key":"AttackPotion"},{"floor":8.0,"key":"FearPotion"},{"floor":16.0,"key":"SkillPotion"},{"floor":27.0,"key":"Dexterity Potion"},{"floor":33.0,"key":"PowerPotion"}],"is_trial":false,"path_per_floor":["M","$","?","?","M","E","?","E","T","R","$","M","M","M","R","B",null,"M","$","?","M","?","R","R","R","T","E","?","E","$","M","R","B",null,"M","$","M","?","M"],"character_chosen":"IRONCLAD","items_purchased":["Cleave","Twin Strike","Ancient Tea Set","Pen Nib"],"campfire_rested":1,"item_purchase_floors":[11,11,30,36],"current_hp_per_floor":[78,78,62,50,56,62,67,58,58,58,58,62,55,53,53,16,68,42,42,42,47,47,47,47,72,72,61,85,85,85,75,75,15,68,48,48,28,28,0],"gold":35,"neow_bonus":"THREE_ENEMY_KILL","is_prod":false,"is_daily":false,"chose_seed":false,"campfire_upgraded":5,"win_rate":0,"timestamp":1545104758,"path_taken":["M","$","?","?","M","E","?","E","T","R","$","M","M","M","R","BOSS","M","$","?","M","?","R","R","R","T","E","?","E","?","M","R","BOSS","M","$","M","?","?"],"build_version":"2018-12-13","purchased_purges":2,"victory":false,"max_hp_per_floor":[80,80,80,80,80,80,85,85,85,85,85,85,85,85,85,85,85,85,85,85,85,85,85,85,85,85,85,85,85,85,85,85,85,85,85,85,88,88,88],"card_choices":[{"not_picked":["Headbutt","Perfected Strike"],"picked":"Clash","floor":1.0},{"not_picked":["Pommel Strike","Perfected Strike","Warcry"],"picked":"SKIP","floor":5.0},{"not_picked":["Clothesline","Heavy Blade"],"picked":"Inflame","floor":6.0},{"not_picked":["Body Slam","Armaments","Disarm"],"picked":"SKIP","floor":8.0},{"not_picked":["Body Slam","Warcry","Sword Boomerang"],"picked":"SKIP","floor":12.0},{"not_picked":["Havoc","Reckless Charge","Body Slam"],"picked":"SKIP","floor":13.0},{"not_picked":["Dark Embrace","Flex"],"picked":"Whirlwind","floor":14.0},{"not_picked":["Dark Embrace","Offering"],"picked":"Limit Break","floor":16.0},{"not_picked":["Pommel Strike","Feel No Pain"],"picked":"Iron Wave+1","floor":18.0},{"not_picked":["Headbutt","Warcry","Blood for Blood"],"picked":"SKIP","floor":21.0},{"not_picked":["Clash","Bludgeon","Sentinel+1"],"picked":"SKIP","floor":27.0},{"not_picked":["Power Through","Bludgeon","Ghostly Armor"],"picked":"SKIP","floor":29.0},{"not_picked":["Body Slam","Wild Strike","Shockwave"],"picked":"SKIP","floor":31.0},{"not_picked":["Immolate","Exhume"],"picked":"Feed","floor":33.0},{"not_picked":["Sentinel","Dual Wield"],"picked":"Spot Weakness","floor":35.0},{"not_picked":["True Grit","Carnage","Headbutt"],"picked":"SKIP","floor":37.0}],"player_experience":123538,"relics_obtained":[{"floor":6.0,"key":"Red Skull"},{"floor":8.0,"key":"WingedGreaves"},{"floor":9.0,"key":"Sundial"},{"floor":26.0,"key":"Frozen Egg 2"},{"floor":27.0,"key":"Gremlin Horn"},{"floor":29.0,"key":"Dream Catcher"}],"event_choices":[{"damage_healed":0.0,"max_hp_gain":0.0,"max_hp_loss":0.0,"gold_gain":0.0,"event_name":"Shining Light","player_choice":"Entered Light","floor":3.0,"gold_loss":0.0,"damage_taken":16.0,"cards_upgraded":["Defend_R","Strike_R"]},{"damage_healed":0.0,"max_hp_gain":0.0,"max_hp_loss":0.0,"gold_gain":0.0,"event_name":"Scrap Ooze","player_choice":"Success","floor":4.0,"gold_loss":0.0,"damage_taken":12.0,"relics_obtained":["Mercury Hourglass"]},{"damage_healed":0.0,"max_hp_gain":5.0,"max_hp_loss":0.0,"gold_gain":0.0,"event_name":"Big Fish","player_choice":"Donut","floor":7.0,"gold_loss":0.0,"damage_taken":0.0},{"damage_healed":0.0,"max_hp_gain":0.0,"max_hp_loss":0.0,"gold_gain":0.0,"event_name":"Ghosts","player_choice":"Ignored","floor":20.0,"gold_loss":0.0,"damage_taken":0.0},{"damage_healed":0.0,"max_hp_gain":0.0,"max_hp_loss":0.0,"gold_gain":0.0,"event_name":"Drug Dealer","player_choice":"Inject Mutagens","floor":22.0,"gold_loss":0.0,"damage_taken":0.0,"relics_obtained":["MutagenicStrength"]},{"damage_healed":28.0,"max_hp_gain":0.0,"max_hp_loss":0.0,"gold_gain":0.0,"event_name":"The Library","player_choice":"Heal","floor":28.0,"gold_loss":0.0,"damage_taken":0.0},{"damage_healed":0.0,"max_hp_gain":0.0,"max_hp_loss":0.0,"gold_gain":0.0,"event_name":"FaceTrader","player_choice":"Trade","floor":38.0,"gold_loss":0.0,"damage_taken":0.0,"relics_obtained":["CultistMask"]}],"is_beta":false,"boss_relics":[{"not_picked":["Black Star","Fusion Hammer"],"picked":"Empty Cage"},{"not_picked":["Runic Dome","Mark of Pain","Pandora\u0027s Box"]}],"items_purged_floors":[2,19],"is_endless":false,"potions_floor_spawned":[1,8,14,16,27,33],"killed_by":"Maw","ascension_level":12}