{"gold_per_floor":[114,134,148,161,18,18,31,48,73,73,88,88,118,131,131,236,236,218,218,218,232,249,249,263,188,211,229,245,245,255,255],"floor_reached":31,"playtime":2595,"items_purged":["Pain"],"score":368,"play_id":"dc8c2ee4-13cb-4633-94c7-fdc58445b6e2","local_time":"20181014155940","is_ascension_mode":true,"campfire_choices":[{"floor":6,"key":"REST"},{"floor":12,"key":"REST"},{"floor":15,"key":"REST"},{"floor":23,"key":"REST"}],"neow_cost":"CURSE","seed_source_timestamp":337164379046796,"circlet_count":0,"master_deck":["Defend_G","Defend_G","Defend_G","Defend_G","Strike_G","Strike_G","Strike_G","Strike_G","Survivor","Neutralize","AscendersBane","Bullet Time","Cloak And Dagger","Catalyst","Crippling Poison","Terror","Noxious Fumes","Quick Slash","Acrobatics","Backflip","Corpse Explosion","Choke","Venomology","All Out Attack","Venomology+1","Outmaneuver+1","PiercingWail+1","Tactician+1"],"relics":["Ring of the Snake","PreservedInsect","Pen Nib","Runic Pyramid","Blood Vial","Toxic Egg 2","Happy Flower"],"potions_floor_usage":[4,4,16,22,22,24,24,24,27,27,27,28,28,28,30,30,30,31,31],"damage_taken":[{"damage":14,"enemies":"Jaw Worm","floor":1,"turns":7},{"damage":4,"enemies":"Small Slimes","floor":2,"turns":5},{"damage":11,"enemies":"Cultist","floor":3,"turns":6},{"damage":12,"enemies":"Exordium Thugs","floor":4,"turns":6},{"damage":7,"enemies":"Large Slime","floor":7,"turns":7},{"damage":3,"enemies":"Looter","floor":8,"turns":3},{"damage":1,"enemies":"Blue Slaver","floor":11,"turns":6},{"damage":26,"enemies":"Gremlin Nob","floor":13,"turns":4},{"damage":0,"enemies":"Exordium Wildlife","floor":14,"turns":2},{"damage":40,"enemies":"The Guardian","floor":16,"turns":10},{"damage":19,"enemies":"2 Thieves","floor":18,"turns":4},{"damage":21,"enemies":"3 Byrds","floor":21,"turns":5},{"damage":4,"enemies":"Snecko","floor":22,"turns":5},{"damage":20,"enemies":"Shelled Parasite and Fungi","floor":24,"turns":5},{"damage":3,"enemies":"Snake Plant","floor":27,"turns":4},{"damage":7,"enemies":"Cultist and Chosen","floor":28,"turns":9},{"damage":3,"enemies":"Sentry and Sphere","floor":30,"turns":3},{"damage":12,"enemies":"Book of Stabbing","floor":31,"turns":3}],"seed_played":"3551332107082143409","potions_obtained":[{"floor":2,"key":"GamblersBrew"},{"floor":3,"key":"Poison Potion"},{"floor":4,"key":"LiquidBronze"},{"floor":13,"key":"Ancient Potion"},{"floor":16,"key":"Explosive Potion"},{"floor":24,"key":"SpeedPotion"},{"floor":28,"key":"LiquidBronze"}],"is_trial":false,"path_per_floor":["M","M","M","M","$","R","M","M","T","?","M","R","E","M","R","B",null,"M","?","T","M","M","R","M","?","T","M","M","?","M"],"character_chosen":"THE_SILENT","items_purchased":["Noxious Fumes"],"campfire_rested":4,"item_purchase_floors":[5],"current_hp_per_floor":[49,45,34,22,22,43,36,33,33,26,25,46,20,20,41,1,53,34,34,34,15,13,34,16,16,16,15,10,10,9,0],"gold":255,"neow_bonus":"THREE_RARE_CARDS","is_prod":false,"is_daily":false,"chose_seed":false,"campfire_upgraded":0,"win_rate":0,"timestamp":1539547180,"path_taken":["M","M","M","M","$","R","M","M","T","?","?","R","E","M","R","BOSS","M","?","?","M","M","R","M","?","T","M","M","?","?","E"],"build_version":"2018-10-11","purchased_purges":1,"victory":false,"max_hp_per_floor":[70,70,70,70,70,70,70,70,70,70,70,70,70,70,70,70,70,70,70,70,70,70,70,70,70,70,70,70,70,70,70],"card_choices":[{"not_picked":["After Image","Doppelganger"],"picked":"Bullet Time","floor":0},{"not_picked":["Deflect","Flying Knee"],"picked":"Cloak And Dagger","floor":1},{"not_picked":["Reflex","Outmaneuver"],"picked":"Catalyst","floor":2},{"not_picked":["Infinite Blades","Dagger Spray"],"picked":"Crippling Poison","floor":3},{"not_picked":["Deflect","Unload"],"picked":"Terror","floor":4},{"not_picked":["Flying Knee","Terror"],"picked":"Quick Slash","floor":7},{"not_picked":["PiercingWail","Masterful Stab"],"picked":"Acrobatics","floor":8},{"not_picked":["Dodge and Roll","Dagger Throw"],"picked":"Backflip","floor":11},{"not_picked":["Dash","Dagger Spray"],"picked":"Corpse Explosion","floor":13},{"not_picked":["Outmaneuver","Prepared"],"picked":"Choke","floor":14},{"not_picked":["A Thousand Cuts","Die Die Die"],"picked":"Venomology","floor":16},{"not_picked":["Dagger Throw","Sucker Punch"],"picked":"All Out Attack","floor":18},{"not_picked":["Dagger Throw","Poisoned Stab"],"picked":"Venomology+1","floor":21},{"not_picked":["Quick Slash","Infinite Blades+1","Acrobatics+1"],"picked":"SKIP","floor":22},{"not_picked":["Crippling Poison+1","Riddle With Holes"],"picked":"Outmaneuver+1","floor":24},{"not_picked":["Noxious Fumes+1","Skewer"],"picked":"PiercingWail+1","floor":27},{"not_picked":["Reflex+1","Dagger Spray+1"],"picked":"Tactician+1","floor":28},{"not_picked":["Dagger Spray","Reflex+1","Backflip+1"],"picked":"SKIP","floor":30}],"player_experience":352000,"relics_obtained":[{"floor":9,"key":"PreservedInsect"},{"floor":13,"key":"Pen Nib"},{"floor":20,"key":"Toxic Egg 2"},{"floor":26,"key":"Happy Flower"}],"event_choices":[{"event_name":"Golden Wing","player_choice":"Card Removal","floor":10,"damage_taken":0},{"event_name":"The Mausoleum","player_choice":"Yes","floor":19,"damage_taken":0},{"event_name":"Beggar","player_choice":"Gave Gold","floor":25,"damage_taken":0},{"event_name":"Purifier","player_choice":"One Purge","floor":29,"damage_taken":0}],"is_beta":false,"boss_relics":[{"not_picked":["Eternal Feather","Runic Dome"],"picked":"Runic Pyramid"}],"items_purged_floors":[5],"is_endless":false,"potions_floor_spawned":[2,3,4,13,16,18,24,28],"killed_by":"Book of Stabbing","ascension_level":10}