{"gold_per_floor":[119,136,147,147,147,179,179,198,198,208,236,255,265,280,280,382,382,399,314,326,21,0,0,20,20,46,64,64,74,74,101,101,199,199,210,210,170,190,190,190,202,202],"floor_reached":42,"playtime":2256,"items_purged":["Defend_B"],"score":430,"play_id":"da2d8f77-c7d7-4df5-8a5c-93b2e12cb3b9","local_time":"20190906082949","is_ascension_mode":false,"campfire_choices":[{"data":"Self Repair","floor":7,"key":"SMITH"},{"data":"Defragment","floor":15,"key":"SMITH"},{"data":"Defragment","floor":23,"key":"SMITH"},{"data":"Self Repair","floor":25,"key":"SMITH"},{"data":"Loop","floor":30,"key":"SMITH"},{"data":"Machine Learning","floor":32,"key":"SMITH"},{"data":"Creative AI","floor":40,"key":"SMITH"}],"neow_cost":"TEN_PERCENT_HP_LOSS","seed_source_timestamp":1781977817131700,"circlet_count":0,"master_deck":["Strike_B+1","Defend_B+1","Zap","Dualcast","Self Repair+1","Reinforced Body","Gash","Coolheaded","Gash","Leap","Defragment+1","Doom and Gloom","Leap","Reprogram","Machine Learning+1","Loop+1","Writhe","Defragment+1","Self Repair+1","Capacitor","Capacitor","Static Discharge","Creative AI+1","Conserve Battery+1","BootSequence","Melter"],"relics":["Cracked Core","Blood Vial","PreservedInsect","Blue Candle","Empty Cage","MawBank","Sundial","Chemical X","Anchor","Busted Crown","Gambling Chip"],"potions_floor_usage":[10,11,16,16,29,31],"damage_taken":[{"damage":1,"enemies":"Jaw Worm","floor":1,"turns":4},{"damage":1,"enemies":"2 Louse","floor":2,"turns":3},{"damage":6,"enemies":"Cultist","floor":3,"turns":3},{"damage":45,"enemies":"Gremlin Nob","floor":6,"turns":5},{"damage":0,"enemies":"2 Fungi Beasts","floor":8,"turns":4},{"damage":11,"enemies":"Exordium Wildlife","floor":10,"turns":3},{"damage":17,"enemies":"3 Sentries","floor":11,"turns":6},{"damage":15,"enemies":"Gremlin Gang","floor":12,"turns":5},{"damage":10,"enemies":"Exordium Thugs","floor":13,"turns":5},{"damage":0,"enemies":"Exordium Wildlife","floor":14,"turns":4},{"damage":29,"enemies":"The Guardian","floor":16,"turns":9},{"damage":1,"enemies":"Chosen","floor":18,"turns":5},{"damage":11,"enemies":"2 Thieves","floor":22,"turns":4},{"damage":22,"enemies":"Shelled Parasite and Fungi","floor":24,"turns":8},{"damage":40,"enemies":"Cultist and Chosen","floor":27,"turns":7},{"damage":12,"enemies":"Centurion and Healer","floor":29,"turns":9},{"damage":57,"enemies":"Book of Stabbing","floor":31,"turns":6},{"damage":9,"enemies":"Champ","floor":33,"turns":12},{"damage":22,"enemies":"3 Darklings","floor":35,"turns":6},{"damage":38,"enemies":"Orb Walker","floor":38,"turns":6},{"damage":28,"enemies":"3 Darklings","floor":41,"turns":5},{"damage":46,"enemies":"Transient","floor":42,"turns":3}],"seed_played":"-5223279155186123213","potions_obtained":[{"floor":1,"key":"FearPotion"},{"floor":3,"key":"SteroidPotion"},{"floor":8,"key":"AttackPotion"},{"floor":11,"key":"FearPotion"},{"floor":14,"key":"Ancient Potion"},{"floor":27,"key":"Regen Potion"},{"floor":29,"key":"Fire Potion"},{"floor":31,"key":"FearPotion"},{"floor":33,"key":"SteroidPotion"},{"floor":41,"key":"Strength Potion"}],"is_trial":false,"path_per_floor":["M","M","M","?","?","E","R","M","T","M","E","M","M","M","R","B",null,"M","?","?","$","M","R","M","R","T","M","$","M","R","E","R","B",null,"M","?","$","M","T","R","M","M"],"character_chosen":"DEFECT","items_purchased":["Defragment","Chemical X","BootSequence"],"campfire_rested":0,"item_purchase_floors":[21,21,37],"current_hp_per_floor":[67,68,68,54,54,16,16,28,28,29,24,21,23,35,35,18,68,68,68,68,68,67,67,56,56,56,38,38,63,63,28,28,41,68,66,66,66,50,50,50,44,0],"gold":202,"neow_bonus":"REMOVE_TWO","is_prod":false,"is_daily":false,"chose_seed":false,"campfire_upgraded":7,"win_rate":0,"timestamp":1567783789,"path_taken":["M","M","M","?","?","E","R","M","T","M","E","M","M","M","R","BOSS","M","?","?","?","M","R","M","R","T","M","$","M","R","E","R","BOSS","M","?","$","?","?","R","M","M"],"build_version":"2019-07-17","purchased_purges":1,"victory":false,"max_hp_per_floor":[68,68,68,68,68,68,68,68,68,68,68,68,68,68,68,68,68,68,68,68,68,68,68,68,68,68,68,68,68,68,68,68,68,68,68,68,68,68,68,68,68,68],"card_choices":[{"not_picked":["Storm","Cold Snap"],"picked":"Self Repair","floor":1},{"not_picked":["Double Energy","Compile Driver"],"picked":"Reinforced Body","floor":2},{"not_picked":["White Noise","Coolheaded"],"picked":"Gash","floor":3},{"not_picked":["Compile Driver","Barrage"],"picked":"Coolheaded","floor":6},{"not_picked":["Stack","Beam Cell"],"picked":"Gash","floor":8},{"not_picked":["Turbo","Reboot"],"picked":"Leap","floor":10},{"not_picked":["Compile Driver","Cold Snap"],"picked":"Defragment","floor":11},{"not_picked":["Sunder","Streamline"],"picked":"Doom and Gloom","floor":12},{"not_picked":["Barrage","Turbo"],"picked":"Leap","floor":13},{"not_picked":["Stack","Streamline"],"picked":"Reprogram","floor":14},{"not_picked":["Multi-Cast","Core Surge"],"picked":"Machine Learning","floor":16},{"not_picked":["Steam Power","Redo"],"picked":"Loop","floor":18},{"not_picked":["Recycle","Leap","Compile Driver"],"picked":"SKIP","floor":22},{"not_picked":["Rebound","Leap"],"picked":"Self Repair","floor":24},{"not_picked":["Undo","Go for the Eyes"],"picked":"Capacitor","floor":27},{"not_picked":["Ball Lightning","Reprogram"],"picked":"Capacitor","floor":29},{"not_picked":["Compile Driver","Fusion+1"],"picked":"Static Discharge","floor":31},{"not_picked":["Multi-Cast","Reboot"],"picked":"Creative AI","floor":33},{"not_picked":[],"picked":"Conserve Battery+1","floor":35},{"not_picked":[],"picked":"Melter","floor":38},{"not_picked":["Rebound+1"],"picked":"SKIP","floor":41}],"player_experience":124760,"relics_obtained":[{"floor":6,"key":"Blood Vial"},{"floor":9,"key":"PreservedInsect"},{"floor":11,"key":"Blue Candle"},{"floor":31,"key":"Anchor"},{"floor":39,"key":"Gambling Chip"}],"event_choices":[{"damage_healed":0,"gold_gain":0,"player_choice":"Entered Light","damage_taken":14,"max_hp_gain":0,"max_hp_loss":0,"event_name":"Shining Light","floor":4,"gold_loss":0,"cards_upgraded":["Defend_B","Strike_B"]},{"damage_healed":0,"gold_gain":0,"player_choice":"Ignored","damage_taken":0,"max_hp_gain":0,"max_hp_loss":0,"event_name":"NoteForYourself","floor":5,"gold_loss":0},{"damage_healed":0,"gold_gain":0,"player_choice":"Obtained Relic","damage_taken":0,"relics_obtained":["MawBank"],"max_hp_gain":0,"max_hp_loss":0,"event_name":"Addict","floor":19,"gold_loss":85},{"damage_healed":0,"gold_gain":0,"player_choice":"Opened","damage_taken":0,"relics_obtained":["Sundial"],"max_hp_gain":0,"max_hp_loss":0,"event_name":"The Mausoleum","floor":20,"gold_loss":0,"cards_obtained":["Writhe"]},{"cards_removed":["Defend_B"],"damage_healed":0,"gold_gain":0,"player_choice":"Purged","damage_taken":0,"max_hp_gain":0,"max_hp_loss":0,"event_name":"Purifier","floor":36,"gold_loss":0}],"is_beta":false,"boss_relics":[{"not_picked":["Velvet Choker","Tiny House"],"picked":"Empty Cage"},{"not_picked":["Black Star","Inserter"],"picked":"Busted Crown"}],"items_purged_floors":[21],"is_endless":false,"potions_floor_spawned":[1,3,8,11,14,27,29,31,33,41],"killed_by":"Transient","ascension_level":0}