{"gold_per_floor":[111,286,39,39,39,73,73,99,124,124,150,164,164,227,227,306,306,324,324,341,358,32,66,66,97,97,97,34,49,49,81,81,81],"floor_reached":33,"playtime":1209,"items_purged":["Doubt","Strike_R","Decay"],"score":505,"play_id":"f7b32941-1723-43c3-aa93-7f1d7531e3a5","local_time":"20181218034005","is_ascension_mode":true,"campfire_choices":[{"data":"Uppercut","floor":7.0,"key":"SMITH"},{"floor":10.0,"key":"REST"},{"data":"Spot Weakness","floor":13.0,"key":"SMITH"},{"floor":15.0,"key":"REST"},{"data":"Armaments","floor":30,"key":"SMITH"},{"data":"Offering","floor":32,"key":"SMITH"}],"neow_cost":"NONE","seed_source_timestamp":244652630060900,"circlet_count":0,"master_deck":["AscendersBane","Strike_R","Strike_R","Strike_R","Defend_R","Defend_R","Defend_R","Defend_R","Bash","Seeing Red","Spot Weakness+1","Uppercut+1","Shrug It Off","Anger","Cleave","Cleave","Offering+1","Armaments+1","True Grit","Inflame+1"],"special_seed":0,"relics":["Burning Blood","Gambling Chip","Magic Flower","Bag of Preparation","Bronze Scales","Pear","Kunai","Mark of Pain","Membership Card","Vajra","Blood Vial","Red Mask","Sundial","Boot"],"potions_floor_usage":[31,33],"damage_taken":[{"damage":8.0,"enemies":"Jaw Worm","floor":1.0,"turns":5.0},{"damage":27.0,"enemies":"Lagavulin","floor":6.0,"turns":5.0},{"damage":22.0,"enemies":"3 Sentries","floor":8.0,"turns":8.0},{"damage":27.0,"enemies":"Lagavulin","floor":11.0,"turns":5.0},{"damage":0.0,"enemies":"2 Louse","floor":12.0,"turns":2.0},{"damage":22.0,"enemies":"Gremlin Nob","floor":14.0,"turns":4.0},{"damage":46.0,"enemies":"Hexaghost","floor":16.0,"turns":9.0},{"damage":6.0,"enemies":"3 Byrds","floor":18.0,"turns":3.0},{"damage":8.0,"enemies":"Chosen","floor":20.0,"turns":2.0},{"damage":11.0,"enemies":"Centurion and Healer","floor":21.0,"turns":3.0},{"damage":56.0,"enemies":"Book of Stabbing","floor":23.0,"turns":6.0},{"damage":13,"enemies":"Masked Bandits","floor":25,"turns":4},{"damage":9,"enemies":"Snake Plant","floor":29,"turns":4},{"damage":13,"enemies":"Slavers","floor":31,"turns":4},{"damage":93,"enemies":"Collector","floor":33,"turns":7}],"seed_played":"9006581171096996822","potions_obtained":[{"floor":6.0,"key":"LiquidBronze"},{"floor":11.0,"key":"GamblersBrew"},{"floor":14.0,"key":"Regen Potion"},{"floor":16.0,"key":"EssenceOfSteel"},{"floor":31,"key":"Strength Potion"}],"is_trial":false,"path_per_floor":["M","?","$","?","?","E","R","E","T","R","E","M","R","?","R","B",null,"M","?","M","M","$","E","?","?","T","?","$","M","R","E","R","B"],"character_chosen":"IRONCLAD","items_purchased":["Uppercut","Shrug It Off","Anger","Membership Card","Vajra"],"campfire_rested":2,"item_purchase_floors":[3,3,3,22,22],"current_hp_per_floor":[66,66,66,71,68,47,47,34,34,58,50,59,59,46,73,36,77,80,80,81,79,79,32,62,61,61,61,61,64,64,82,82,0],"gold":81,"neow_bonus":"THREE_CARDS","is_prod":false,"is_daily":false,"chose_seed":false,"campfire_upgraded":4,"win_rate":0,"timestamp":1545133205,"path_taken":["M","?","$","?","?","E","R","E","T","R","E","?","R","?","R","BOSS","M","?","M","M","$","E","?","?","T","?","$","M","R","E","R","BOSS"],"build_version":"2018-12-13","purchased_purges":3,"victory":false,"max_hp_per_floor":[75,75,75,80,80,80,80,80,80,80,90,90,90,90,90,90,90,90,90,90,90,90,90,90,90,90,90,90,90,90,90,90,90],"card_choices":[{"not_picked":["Heavy Blade","Clothesline"],"picked":"Seeing Red","floor":0.0},{"not_picked":["Sword Boomerang","Clothesline"],"picked":"Spot Weakness","floor":1.0},{"not_picked":["Havoc","Demon Form","Corruption"],"picked":"SKIP","floor":6.0},{"not_picked":["Shockwave","Wild Strike"],"picked":"Cleave","floor":8.0},{"not_picked":["Power Through","Blood for Blood","Flex"],"picked":"SKIP","floor":11.0},{"not_picked":["Flex","Twin Strike"],"picked":"Cleave","floor":12.0},{"not_picked":["Juggernaut","Barricade"],"picked":"Offering","floor":16.0},{"not_picked":["Rage","Intimidate"],"picked":"Armaments","floor":18.0},{"not_picked":["Shockwave","Anger"],"picked":"True Grit","floor":20.0},{"not_picked":["Flame Barrier","Armaments","Body Slam"],"picked":"SKIP","floor":21.0},{"not_picked":["Thunderclap","Anger","Clothesline"],"picked":"SKIP","floor":23.0},{"not_picked":["Clash","Heavy Blade","Rampage"],"picked":"SKIP","floor":29},{"not_picked":["Hemokinesis","Perfected Strike+1"],"picked":"Inflame+1","floor":31}],"player_experience":135552,"relics_obtained":[{"floor":6.0,"key":"Magic Flower"},{"floor":8.0,"key":"Bag of Preparation"},{"floor":9.0,"key":"Bronze Scales"},{"floor":11.0,"key":"Pear"},{"floor":23.0,"key":"Blood Vial"},{"floor":25,"key":"Red Mask"},{"floor":26,"key":"Sundial"},{"floor":31,"key":"Boot"}],"event_choices":[{"damage_healed":0.0,"max_hp_gain":0.0,"max_hp_loss":0.0,"gold_gain":175.0,"event_name":"Liars Game","player_choice":"AGREE","floor":2.0,"gold_loss":0.0,"damage_taken":0.0,"cards_obtained":["Doubt"]},{"damage_healed":0.0,"max_hp_gain":5.0,"max_hp_loss":0.0,"gold_gain":0.0,"event_name":"Big Fish","player_choice":"Donut","floor":4.0,"gold_loss":0.0,"damage_taken":0.0},{"damage_healed":0.0,"max_hp_gain":0.0,"max_hp_loss":0.0,"gold_gain":0.0,"event_name":"Scrap Ooze","player_choice":"Success","floor":5.0,"gold_loss":0.0,"damage_taken":3.0,"relics_obtained":["Gambling Chip"]},{"damage_healed":0.0,"max_hp_gain":0.0,"max_hp_loss":0.0,"gold_gain":0.0,"event_name":"Dead Adventurer","player_choice":"Searched \u00272\u0027 times","floor":14.0,"gold_loss":0.0,"damage_taken":0.0,"relics_obtained":["Kunai"]},{"cards_removed":["Strike_R"],"damage_healed":0.0,"max_hp_gain":0.0,"max_hp_loss":0.0,"gold_gain":0.0,"event_name":"Back to Basics","player_choice":"Elegance","floor":19.0,"gold_loss":0.0,"damage_taken":0.0},{"damage_healed":30.0,"max_hp_gain":0.0,"max_hp_loss":0.0,"gold_gain":0.0,"event_name":"The Library","player_choice":"Heal","floor":24.0,"gold_loss":0.0,"damage_taken":0.0},{"damage_healed":0,"gold_gain":0,"player_choice":"Fought Bandits","damage_taken":0,"max_hp_gain":0,"max_hp_loss":0,"event_name":"Masked Bandits","floor":25,"gold_loss":0},{"damage_healed":0,"gold_gain":0,"player_choice":"Cursed","damage_taken":0,"max_hp_gain":0,"max_hp_loss":0,"event_name":"Wheel of Change","floor":27,"gold_loss":0,"cards_obtained":["Decay"]}],"is_beta":false,"boss_relics":[{"not_picked":["Snecko Eye","Pandora\u0027s Box"],"picked":"Mark of Pain"}],"items_purged_floors":[3,22,28],"is_endless":false,"potions_floor_spawned":[6,11,14,16,20,23,29,31],"killed_by":"Collector","ascension_level":14}