{"gold_per_floor":[109,119,138,90,107,107,139,139,163,181,198,198,178,196,196,297,297,309,328,345,444,37,71,81,81,131,131,97,155,155],"floor_reached":30,"playtime":1245,"items_purged":["Strike_B"],"score":299,"play_id":"60420ad6-c8b2-4cf5-874b-2c3645f29c6c","local_time":"20190103024033","is_ascension_mode":true,"campfire_choices":[{"data":"Fission","floor":6,"key":"SMITH"},{"floor":8,"key":"REST"},{"data":"Defragment","floor":15,"key":"SMITH"},{"data":"Defragment","floor":25,"key":"SMITH"},{"data":"Defragment","floor":27,"key":"SMITH"}],"neow_cost":"TEN_PERCENT_HP_LOSS","seed_source_timestamp":555235131748579,"circlet_count":0,"master_deck":["Strike_B","Defend_B","Defend_B","Defend_B","Defend_B","Zap+1","Dualcast","Fission+1","Loop","Defragment+1","Defragment+1","Cold Snap","Go for the Eyes","Steam","Gash","Conserve Battery","Cold Snap","All For One","Steam+1","Barrage+1","Gash","Defragment+1","Conserve Battery","Steam+1","Chill","Reinforced Body","Hologram+1"],"relics":["Cracked Core","Centennial Puzzle","Strawberry","Empty Cage","Bottled Tornado","Regal Pillow","Oddly Smooth Stone","Tiny Chest"],"potions_floor_usage":[29,29,29],"damage_taken":[{"damage":6,"enemies":"Cultist","floor":1,"turns":4},{"damage":9,"enemies":"Jaw Worm","floor":2,"turns":4},{"damage":9,"enemies":"2 Louse","floor":3,"turns":2},{"damage":27,"enemies":"Gremlin Gang","floor":5,"turns":5},{"damage":9,"enemies":"Lagavulin","floor":7,"turns":6},{"damage":1,"enemies":"Blue Slaver","floor":10,"turns":2},{"damage":1,"enemies":"Looter","floor":11,"turns":3},{"damage":6,"enemies":"Exordium Thugs","floor":14,"turns":5},{"damage":3,"enemies":"The Guardian","floor":16,"turns":14},{"damage":19,"enemies":"Spheric Guardian","floor":18,"turns":5},{"damage":10,"enemies":"2 Thieves","floor":19,"turns":5},{"damage":15,"enemies":"Sentry and Sphere","floor":20,"turns":5},{"damage":18,"enemies":"Book of Stabbing","floor":23,"turns":5},{"damage":1,"enemies":"Snecko","floor":24,"turns":5},{"damage":3,"enemies":"Slavers","floor":29,"turns":5},{"damage":21,"enemies":"3 Cultists","floor":30,"turns":7}],"seed_played":"8639736287354808576","potions_obtained":[{"floor":1,"key":"FearPotion"},{"floor":7,"key":"Block Potion"},{"floor":10,"key":"Strength Potion"},{"floor":13,"key":"Weak Potion"},{"floor":14,"key":"EssenceOfSteel"},{"floor":18,"key":"SkillPotion"}],"is_trial":false,"path_per_floor":["M","M","M","$","M","R","E","R","T","M","M","?","?","M","R","B",null,"M","M","M","?","$","E","M","R","T","R","$","E","M"],"character_chosen":"DEFECT","items_purchased":["Cold Snap","Bottled Tornado","Defragment","Conserve Battery","Reinforced Body"],"campfire_rested":1,"item_purchase_floors":[4,22,22,22,28],"current_hp_per_floor":[62,53,44,44,17,17,8,28,35,34,33,33,33,27,27,24,75,56,46,31,31,31,13,12,12,12,12,12,9,0],"gold":155,"neow_bonus":"THREE_RARE_CARDS","is_prod":false,"is_daily":false,"chose_seed":false,"campfire_upgraded":4,"win_rate":0,"timestamp":1546504833,"path_taken":["M","M","M","?","M","R","E","R","T","M","M","?","?","?","R","BOSS","M","M","M","?","$","E","M","R","T","R","$","E","M"],"build_version":"2018-12-20","purchased_purges":1,"victory":false,"max_hp_per_floor":[68,68,68,68,68,68,68,68,75,75,75,75,75,75,75,75,75,75,75,75,75,75,75,75,75,75,75,75,75,75],"card_choices":[{"not_picked":["Meteor Strike","Rainbow"],"picked":"Fission","floor":0},{"not_picked":["Auto Shields","Beam Cell"],"picked":"Loop","floor":1},{"not_picked":["Steam","Beam Cell"],"picked":"Defragment","floor":2},{"not_picked":["Coolheaded","Steam Power"],"picked":"Defragment","floor":3},{"not_picked":["Rebound","Aggregate"],"picked":"Go for the Eyes","floor":5},{"not_picked":["Electrodynamics","Lockon"],"picked":"Steam","floor":7},{"not_picked":["Streamline","Tempest"],"picked":"Gash","floor":10},{"not_picked":["Ball Lightning","Streamline"],"picked":"Conserve Battery","floor":11},{"not_picked":["Beam Cell","Hello World"],"picked":"Cold Snap","floor":14},{"not_picked":["Echo Form","Multi-Cast"],"picked":"All For One","floor":16},{"not_picked":["Self Repair","White Noise"],"picked":"Steam+1","floor":18},{"not_picked":["Streamline","Sunder"],"picked":"Barrage+1","floor":19},{"not_picked":["Coolheaded","Redo"],"picked":"Gash","floor":20},{"not_picked":["Undo","Reprogram"],"picked":"Steam+1","floor":23},{"not_picked":["Barrage","Loop+1"],"picked":"Chill","floor":24},{"not_picked":["Rip and Tear","Self Repair"],"picked":"Hologram+1","floor":29}],"player_experience":98595,"relics_obtained":[{"floor":7,"key":"Centennial Puzzle"},{"floor":9,"key":"Strawberry"},{"floor":23,"key":"Regal Pillow"},{"floor":26,"key":"Oddly Smooth Stone"},{"floor":29,"key":"Tiny Chest"}],"event_choices":[{"damage_healed":0,"gold_gain":0,"player_choice":"Grow","damage_taken":0,"max_hp_gain":0,"max_hp_loss":0,"event_name":"Living Wall","floor":12,"gold_loss":0,"cards_upgraded":["Zap"]},{"damage_healed":0,"gold_gain":0,"player_choice":"Bought 1 Potion","damage_taken":0,"max_hp_gain":0,"max_hp_loss":0,"event_name":"The Woman in Blue","floor":13,"gold_loss":0},{"damage_healed":0,"gold_gain":99,"player_choice":"Stole From Cult","damage_taken":0,"max_hp_gain":0,"max_hp_loss":0,"event_name":"Nest","floor":21,"gold_loss":0}],"is_beta":false,"boss_relics":[{"not_picked":["Astrolabe","Cursed Key"],"picked":"Empty Cage"}],"items_purged_floors":[22],"is_endless":false,"potions_floor_spawned":[1,7,10,14,18],"killed_by":"3 Cultists","ascension_level":2}