{"gold_per_floor":[119,119,269,104,104,104,143,173,228,253,253,328,347,35,35,125,125,139,153,177,102,102,102,23,46,127,147,147,170,170,170,170,268,268,282,282,407,407,407],"floor_reached":39,"playtime":1094,"items_purged":["Doubt"],"score":675,"play_id":"a30781a4-c37e-4093-b5f7-e524984b8a56","local_time":"20181223155820","is_ascension_mode":true,"campfire_choices":[{"data":"Bash","floor":6.0,"key":"SMITH"},{"floor":11.0,"key":"REST"},{"data":"Armaments","floor":15.0,"key":"SMITH"},{"floor":23.0,"key":"REST"},{"floor":28.0,"key":"REST"},{"floor":32.0,"key":"REST"}],"neow_cost":"NONE","seed_source_timestamp":174473590179800,"circlet_count":0,"master_deck":["AscendersBane","Strike_R+1","Strike_R","Strike_R","Defend_R","Defend_R","Defend_R","Defend_R","Feel No Pain","Entrench+1","Iron Wave","Armaments+1","Fiend Fire","Juggernaut","Body Slam","Juggernaut","Offering+1"],"special_seed":0,"relics":["Burning Blood","Pen Nib","Golden Idol","Matryoshka","Tiny Chest","Self Forming Clay","Velvet Choker","Nloth\u0027s Gift","Red Skull","Toxic Egg 2","Frozen Egg 2","Eternal Feather","Calipers"],"potions_floor_usage":[],"damage_taken":[{"damage":2.0,"enemies":"2 Louse","floor":1.0,"turns":3.0},{"damage":26.0,"enemies":"Gremlin Nob","floor":7.0,"turns":4.0},{"damage":1.0,"enemies":"Small Slimes","floor":10.0,"turns":4.0},{"damage":2.0,"enemies":"Jaw Worm","floor":13.0,"turns":3.0},{"damage":27.0,"enemies":"The Guardian","floor":16.0,"turns":18.0},{"damage":12.0,"enemies":"Spheric Guardian","floor":18.0,"turns":4.0},{"damage":10.0,"enemies":"Chosen","floor":19.0,"turns":5.0},{"damage":21.0,"enemies":"Snecko","floor":20.0,"turns":6.0},{"damage":15.0,"enemies":"Centurion and Healer","floor":25.0,"turns":5.0},{"damage":16.0,"enemies":"Sentry and Sphere","floor":27.0,"turns":5.0},{"damage":13.0,"enemies":"Shelled Parasite and Fungi","floor":29.0,"turns":3.0},{"damage":28.0,"enemies":"Champ","floor":33.0,"turns":8.0},{"damage":13,"enemies":"3 Shapes","floor":35,"turns":5},{"damage":23,"enemies":"Mind Bloom Boss Battle","floor":37,"turns":6},{"damage":40,"enemies":"3 Darklings","floor":39,"turns":2}],"seed_played":"1652743950661571341","potions_obtained":[{"floor":1.0,"key":"Explosive Potion"},{"floor":10.0,"key":"SpeedPotion"},{"floor":16.0,"key":"Block Potion"},{"floor":25.0,"key":"LiquidBronze"},{"floor":27.0,"key":"AttackPotion"},{"floor":29.0,"key":"EssenceOfSteel"}],"is_trial":false,"path_per_floor":["M","?","?","$","?","R","E","?","T","M","R","?","M","$","R","B",null,"M","M","M","?","?","R","$","M","T","M","R","M","?","T","R","B",null,"M","?","?","?","M"],"character_chosen":"IRONCLAD","items_purchased":["Entrench","Self Forming Clay","Armaments","Juggernaut"],"campfire_rested":4,"item_purchase_floors":[4,14,14,24],"current_hp_per_floor":[72,68,68,68,48,48,28,28,28,33,53,42,46,46,46,25,57,51,47,32,32,32,52,52,43,43,33,53,46,46,46,66,44,62,55,55,38,38,0],"gold":407,"neow_bonus":"RANDOM_COMMON_RELIC","is_prod":false,"is_daily":false,"chose_seed":false,"campfire_upgraded":2,"win_rate":0,"timestamp":1545609500,"path_taken":["M","?","?","$","?","R","E","?","T","?","R","?","M","$","R","BOSS","M","M","M","?","?","R","$","M","T","?","R","M","?","?","R","BOSS","M","?","?","?","M"],"build_version":"2018-12-20","purchased_purges":1,"victory":false,"max_hp_per_floor":[75,68,68,68,68,68,68,68,68,68,68,68,68,68,68,68,68,68,68,68,68,68,68,68,68,68,68,68,68,68,68,68,68,68,68,68,68,68,68],"card_choices":[{"not_picked":["Sever Soul","Rage"],"picked":"Feel No Pain","floor":1.0},{"not_picked":["Heavy Blade","Entrench","Pommel Strike"],"picked":"SKIP","floor":7.0},{"not_picked":["Cleave","Twin Strike"],"picked":"Iron Wave","floor":10.0},{"not_picked":["Dropkick","Flex","Wild Strike"],"picked":"SKIP","floor":13.0},{"not_picked":["Dark Embrace","Berserk"],"picked":"Fiend Fire","floor":16.0},{"not_picked":["Twin Strike","Clash","Evolve"],"picked":"SKIP","floor":18.0},{"not_picked":["Corruption+1","Perfected Strike","Warcry"],"picked":"SKIP","floor":19.0},{"not_picked":["Cleave","Headbutt","Second Wind"],"picked":"SKIP","floor":20.0},{"not_picked":["Anger","Blood for Blood","Sentinel"],"picked":"SKIP","floor":25.0},{"not_picked":["Havoc+1","Rampage"],"picked":"Body Slam","floor":27.0},{"not_picked":["Burning Pact+1","Warcry+1"],"picked":"Juggernaut","floor":29.0},{"not_picked":["Berserk+1","Brutality+1"],"picked":"Offering+1","floor":33.0},{"not_picked":["Cleave+1","Clash","Sentinel+1"],"picked":"SKIP","floor":35}],"player_experience":184613,"relics_obtained":[{"floor":7.0,"key":"Matryoshka"},{"floor":9.0,"key":"Letter Opener"},{"floor":9.0,"key":"Tiny Chest"},{"floor":26.0,"key":"Red Skull"},{"floor":26.0,"key":"Toxic Egg 2"},{"floor":31.0,"key":"Frozen Egg 2"},{"floor":37,"key":"Calipers"}],"event_choices":[{"damage_healed":0.0,"max_hp_gain":0.0,"max_hp_loss":7.0,"gold_gain":0.0,"event_name":"Golden Idol","player_choice":"Lose Max HP","floor":2.0,"gold_loss":0.0,"damage_taken":0.0,"relics_obtained":["Golden Idol"]},{"damage_healed":0.0,"max_hp_gain":0.0,"max_hp_loss":0.0,"gold_gain":150.0,"event_name":"Liars Game","player_choice":"AGREE","floor":3.0,"gold_loss":0.0,"damage_taken":0.0,"cards_obtained":["Doubt"]},{"damage_healed":0.0,"max_hp_gain":0.0,"max_hp_loss":0.0,"gold_gain":0.0,"event_name":"Shining Light","player_choice":"Entered Light","floor":5.0,"gold_loss":0.0,"damage_taken":20.0,"cards_upgraded":["Strike_R","Entrench"]},{"damage_healed":0.0,"max_hp_gain":0.0,"max_hp_loss":0.0,"gold_gain":30.0,"event_name":"Dead Adventurer","player_choice":"Searched \u00271\u0027 times","floor":8.0,"gold_loss":0.0,"damage_taken":0.0},{"damage_healed":0.0,"max_hp_gain":0.0,"max_hp_loss":0.0,"gold_gain":75.0,"event_name":"World of Goop","player_choice":"Gather Gold","floor":12.0,"gold_loss":0.0,"damage_taken":11.0},{"cards_removed":["Strike_R"],"damage_healed":0.0,"max_hp_gain":0.0,"max_hp_loss":0.0,"gold_gain":0.0,"event_name":"Beggar","player_choice":"Gave Gold","floor":21.0,"gold_loss":75.0,"damage_taken":0.0},{"damage_healed":0.0,"max_hp_gain":0.0,"max_hp_loss":0.0,"gold_gain":0.0,"event_name":"N\u0027loth","player_choice":"Traded Relic","floor":22.0,"relics_lost":["Letter Opener"],"gold_loss":0.0,"damage_taken":0.0,"relics_obtained":["Nloth\u0027s Gift"]},{"damage_healed":0.0,"max_hp_gain":0.0,"max_hp_loss":0.0,"gold_gain":0.0,"event_name":"The Mausoleum","player_choice":"Ignored","floor":30.0,"gold_loss":0.0,"damage_taken":0.0},{"cards_removed":["Bash"],"damage_healed":0,"gold_gain":0,"player_choice":"Removed Attack","damage_taken":0,"max_hp_gain":0,"max_hp_loss":0,"event_name":"Falling","floor":36,"gold_loss":0},{"damage_healed":0,"gold_gain":0,"player_choice":"Fight","damage_taken":0,"max_hp_gain":0,"max_hp_loss":0,"event_name":"MindBloom","floor":37,"gold_loss":0},{"cards_removed":["Strike_R"],"damage_healed":0,"gold_gain":0,"player_choice":"Purged","damage_taken":0,"max_hp_gain":0,"max_hp_loss":0,"event_name":"Purifier","floor":38,"gold_loss":0}],"is_beta":false,"boss_relics":[{"not_picked":["Snecko Eye","Runic Dome"],"picked":"Velvet Choker"},{"not_picked":["Cursed Key","Busted Crown"],"picked":"Eternal Feather"}],"items_purged_floors":[4],"is_endless":false,"potions_floor_spawned":[1,10,16,25,27,29],"killed_by":"3 Darklings","ascension_level":16}