{"gold_per_floor":[113,127,143,143,68,68,68,68,68,88,119,131,142,92,92,193,193,212,230,145,145,157,172,190,17,17,17,17,33,33,44,44,147,147,162,37,54,54,68,68,68,94,142,169,169,169,169],"floor_reached":47,"playtime":3138,"items_purged":["Strike_R","Strike_R","Defend_R"],"score":562,"play_id":"1a6b55bc-2175-485e-a623-92b22f1d0bf9","local_time":"20190902121334","is_ascension_mode":false,"campfire_choices":[{"data":"Shrug It Off","floor":6.0,"key":"SMITH"},{"data":"Inflame","floor":8.0,"key":"SMITH"},{"data":"Shrug It Off","floor":15.0,"key":"SMITH"},{"floor":28.0,"key":"REST"},{"data":"Sword Boomerang","floor":30.0,"key":"SMITH"},{"data":"Demon Form","floor":32.0,"key":"SMITH"},{"floor":40.0,"key":"RECALL"},{"floor":45,"key":"REST"}],"neow_cost":"NONE","seed_source_timestamp":1448153837423900,"circlet_count":0,"master_deck":["Strike_R","Strike_R","Strike_R","Defend_R","Bash","Spot Weakness+1","Inflame+1","Shrug It Off+1","Headbutt","Impervious","Battle Trance+1","Shrug It Off+1","Demon Form+1","Clothesline","Armaments+1","Necronomicurse","Anger+1","Sword Boomerang+1","Bludgeon","Headbutt","Double Tap","Limit Break+1","Rage+1","Burning Pact","Parasite","Cleave+1","Flex+1","Seeing Red"],"special_seed":0,"relics":["Black Blood","Matryoshka","Sozu","Ornamental Fan","Necronomicon","Anchor","Kunai","Pear","Vajra","PreservedInsect","War Paint","Ancient Tea Set"],"potions_floor_usage":[],"damage_taken":[{"damage":1.0,"enemies":"Jaw Worm","floor":1.0,"turns":5.0},{"damage":9.0,"enemies":"Small Slimes","floor":2.0,"turns":4.0},{"damage":6.0,"enemies":"Cultist","floor":3.0,"turns":3.0},{"damage":3.0,"enemies":"Exordium Wildlife","floor":10.0,"turns":5.0},{"damage":22.0,"enemies":"Lagavulin","floor":11.0,"turns":7.0},{"damage":0.0,"enemies":"Large Slime","floor":12.0,"turns":6.0},{"damage":0.0,"enemies":"3 Louse","floor":13.0,"turns":5.0},{"damage":37.0,"enemies":"The Guardian","floor":16.0,"turns":9.0},{"damage":0.0,"enemies":"Spheric Guardian","floor":18.0,"turns":3.0},{"damage":4.0,"enemies":"Shell Parasite","floor":19.0,"turns":8.0},{"damage":26.0,"enemies":"Sentry and Sphere","floor":22.0,"turns":6.0},{"damage":16.0,"enemies":"Shelled Parasite and Fungi","floor":23.0,"turns":5.0},{"damage":15.0,"enemies":"Centurion and Healer","floor":24.0,"turns":5.0},{"damage":6.0,"enemies":"Sentry and Sphere","floor":29.0,"turns":4.0},{"damage":0.0,"enemies":"Snecko","floor":31.0,"turns":3.0},{"damage":0.0,"enemies":"Champ","floor":33.0,"turns":6.0},{"damage":10.0,"enemies":"3 Darklings","floor":35.0,"turns":6.0},{"damage":0.0,"enemies":"Orb Walker","floor":37.0,"turns":2.0},{"damage":0.0,"enemies":"Writhing Mass","floor":39.0,"turns":4.0},{"damage":64.0,"enemies":"Reptomancer","floor":42.0,"turns":7.0},{"damage":10,"enemies":"Nemesis","floor":44,"turns":5},{"damage":76,"enemies":"Reptomancer","floor":47,"turns":3}],"seed_played":"-6656891623842439056","potions_obtained":[{"floor":3.0,"key":"Strength Potion"},{"floor":10.0,"key":"Dexterity Potion"}],"is_trial":false,"path_per_floor":["M","M","M","?","$","R","?","R","T","M","E","M","M","?","R","B",null,"M","M","?","?","M","M","M","$","T","$","R","M","R","M","R","B",null,"M","$","M","?","M","R","T","E","T","E","R","?","E"],"character_chosen":"IRONCLAD","items_purchased":["Bludgeon"],"campfire_rested":2,"item_purchase_floors":[25],"current_hp_per_floor":[88,85,85,85,85,85,85,85,85,88,72,78,84,84,84,53,88,88,88,88,72,52,42,33,33,33,33,59,59,59,65,65,71,88,88,88,88,88,88,88,98,44,44,44,73,73,0],"gold":169,"neow_bonus":"TEN_PERCENT_HP_BONUS","is_prod":false,"is_daily":false,"chose_seed":false,"campfire_upgraded":5,"win_rate":0,"timestamp":1567451614,"path_taken":["M","M","M","?","$","R","?","R","T","M","E","?","M","?","R","BOSS","M","M","?","?","M","M","M","$","T","?","R","M","R","?","R","BOSS","M","$","M","?","?","R","?","E","T","E","R","?","E"],"build_version":"2019-07-17","purchased_purges":3,"victory":false,"max_hp_per_floor":[88,88,88,88,88,88,88,88,88,88,88,88,88,88,88,88,88,88,88,88,88,88,88,88,88,88,88,88,88,88,88,88,88,88,88,88,88,88,88,88,98,98,98,98,98,98,98],"card_choices":[{"not_picked":["Sword Boomerang","Flex"],"picked":"Spot Weakness","floor":1.0},{"not_picked":["Searing Blow","Shockwave"],"picked":"Inflame","floor":2.0},{"not_picked":["Searing Blow","Cleave"],"picked":"Shrug It Off","floor":3.0},{"not_picked":["Heavy Blade","Anger"],"picked":"Headbutt","floor":10.0},{"not_picked":["Body Slam","Wild Strike"],"picked":"Impervious","floor":11.0},{"not_picked":["Perfected Strike","Pommel Strike"],"picked":"Battle Trance","floor":12.0},{"not_picked":["Pummel","Flex"],"picked":"Shrug It Off","floor":13.0},{"not_picked":["Double Tap","Reaper"],"picked":"Demon Form","floor":16.0},{"not_picked":["Perfected Strike+1","Clash+1"],"picked":"Clothesline","floor":18.0},{"not_picked":["Perfected Strike","Sever Soul+1"],"picked":"Armaments+1","floor":19.0},{"not_picked":["Wild Strike+1","Perfected Strike","Hemokinesis+1"],"picked":"SKIP","floor":22.0},{"not_picked":["Clothesline","Perfected Strike+1"],"picked":"Anger+1","floor":23.0},{"not_picked":["Perfected Strike","Warcry"],"picked":"Sword Boomerang","floor":24.0},{"not_picked":["Combust","Perfected Strike"],"picked":"Headbutt","floor":29.0},{"not_picked":["Cleave","Thunderclap"],"picked":"Double Tap","floor":31.0},{"not_picked":["Fiend Fire","Juggernaut"],"picked":"Limit Break","floor":33.0},{"not_picked":["Thunderclap+1","Pummel"],"picked":"Rage+1","floor":35.0},{"not_picked":["Searing Blow","Bloodletting+1"],"picked":"Burning Pact","floor":37.0},{"not_picked":["Evolve","Ghostly Armor"],"picked":"Cleave+1","floor":39.0},{"not_picked":["Reckless Charge+1","Spot Weakness+1"],"picked":"Flex+1","floor":42.0},{"not_picked":["Rage","Rupture"],"picked":"Seeing Red","floor":44}],"player_experience":84289,"relics_obtained":[{"floor":11.0,"key":"Matryoshka"},{"floor":21.0,"key":"Necronomicon"},{"floor":26.0,"key":"Anchor"},{"floor":26.0,"key":"Kunai"},{"floor":41.0,"key":"Pear"},{"floor":41.0,"key":"Vajra"},{"floor":42.0,"key":"PreservedInsect"},{"floor":43.0,"key":"War Paint"},{"floor":44,"key":"Ancient Tea Set"}],"event_choices":[{"damage_healed":0.0,"max_hp_gain":0.0,"max_hp_loss":0.0,"gold_gain":0.0,"event_name":"Living Wall","player_choice":"Grow","floor":4.0,"gold_loss":0.0,"damage_taken":0.0,"cards_upgraded":["Spot Weakness"]},{"damage_healed":0.0,"max_hp_gain":0.0,"max_hp_loss":0.0,"gold_gain":0.0,"event_name":"NoteForYourself","player_choice":"Ignored","floor":7.0,"gold_loss":0.0,"damage_taken":0.0},{"cards_removed":["Defend_R"],"damage_healed":0.0,"max_hp_gain":0.0,"max_hp_loss":0.0,"gold_gain":0.0,"event_name":"The Cleric","player_choice":"Card Removal","floor":14.0,"gold_loss":50.0,"damage_taken":0.0},{"damage_healed":0.0,"max_hp_gain":0.0,"max_hp_loss":0.0,"gold_gain":0.0,"event_name":"Addict","player_choice":"Obtained Relic","floor":20.0,"gold_loss":85.0,"damage_taken":0.0,"relics_obtained":["Ornamental Fan"]},{"damage_healed":0.0,"max_hp_gain":0.0,"max_hp_loss":0.0,"gold_gain":0.0,"event_name":"Cursed Tome","player_choice":"Obtained Book","floor":21.0,"gold_loss":0.0,"damage_taken":16.0},{"cards_removed":["Defend_R"],"damage_healed":0.0,"max_hp_gain":0.0,"max_hp_loss":0.0,"gold_gain":0.0,"event_name":"Purifier","player_choice":"Purged","floor":38.0,"gold_loss":0.0,"damage_taken":0.0},{"damage_healed":0,"gold_gain":0,"player_choice":"Ignored","damage_taken":0,"max_hp_gain":0,"max_hp_loss":0,"event_name":"Mysterious Sphere","floor":46,"gold_loss":0}],"is_beta":false,"boss_relics":[{"not_picked":["Ectoplasm","Empty Cage"],"picked":"Sozu"},{"not_picked":["Astrolabe","Lizard Tail"],"picked":"Black Blood"}],"items_purged_floors":[5,25,36],"is_endless":false,"potions_floor_spawned":[3,10,18,31,39,42],"killed_by":"Reptomancer","ascension_level":0}