{"gold_per_floor":[116,86,101,117,117,144,144,176,199,38,38,14,29,57,57,57],"floor_reached":16,"playtime":464,"items_purged":[],"score":236,"play_id":"50891bc4-347d-4c8f-a8ba-b43c06ac25d5","local_time":"20190728224547","is_ascension_mode":true,"campfire_choices":[{"data":"Pommel Strike","floor":7,"key":"SMITH"},{"data":"Demon Form","floor":15,"key":"SMITH"}],"neow_cost":"NONE","seed_source_timestamp":1006265538514200,"circlet_count":0,"master_deck":["AscendersBane","Strike_R","Strike_R","Strike_R","Strike_R","Strike_R","Defend_R","Defend_R","Defend_R","Defend_R","Bash","Shrug It Off","Anger","Pommel Strike+1","Demon Form","Disarm","Shockwave","Iron Wave","Corruption","Demon Form+1"],"relics":["Burning Blood","Boot","Bronze Scales","Omamori","Potion Belt"],"potions_floor_usage":[6,6,6,8,16],"damage_taken":[{"damage":1,"enemies":"Cultist","floor":1,"turns":3},{"damage":3,"enemies":"2 Louse","floor":3,"turns":3},{"damage":11,"enemies":"Small Slimes","floor":4,"turns":5},{"damage":28,"enemies":"Gremlin Nob","floor":6,"turns":4},{"damage":34,"enemies":"3 Sentries","floor":8,"turns":8},{"damage":3,"enemies":"Looter","floor":13,"turns":3},{"damage":13,"enemies":"Lagavulin","floor":14,"turns":6},{"damage":59,"enemies":"Slime Boss","floor":16,"turns":5}],"seed_played":"-2562018137824270552","potions_obtained":[{"floor":2,"key":"SneckoOil"},{"floor":2,"key":"EntropicBrew"},{"floor":13,"key":"Regen Potion"},{"floor":14,"key":"LiquidBronze"}],"is_trial":false,"path_per_floor":["M","?","M","M","?","E","R","E","T","$","?","$","M","E","R","B"],"character_chosen":"IRONCLAD","items_purchased":["Disarm","Shockwave","Iron Wave"],"campfire_rested":0,"item_purchase_floors":[10,10,12],"current_hp_per_floor":[80,80,82,77,82,60,60,32,32,32,32,32,35,28,28,0],"gold":57,"neow_bonus":"TEN_PERCENT_HP_BONUS","is_prod":false,"is_daily":false,"chose_seed":false,"campfire_upgraded":2,"win_rate":0,"timestamp":1564379147,"path_taken":["M","?","M","?","?","E","R","E","T","?","?","$","M","E","R","BOSS"],"build_version":"2019-07-17","purchased_purges":0,"victory":false,"max_hp_per_floor":[82,82,82,82,82,82,82,82,82,82,82,82,82,82,82,82],"card_choices":[{"not_picked":["Havoc","Corruption"],"picked":"Shrug It Off","floor":1},{"not_picked":["Body Slam","True Grit"],"picked":"Armaments","floor":3},{"not_picked":["Pommel Strike","Shrug It Off"],"picked":"Anger","floor":4},{"not_picked":["Wild Strike","Searing Blow"],"picked":"Pommel Strike","floor":6},{"not_picked":["Shrug It Off","Armaments"],"picked":"Demon Form","floor":8},{"not_picked":["Blood for Blood","Heavy Blade"],"picked":"Corruption","floor":13},{"not_picked":["Evolve","Dual Wield"],"picked":"Demon Form","floor":14}],"player_experience":716284,"relics_obtained":[{"floor":6,"key":"Boot"},{"floor":8,"key":"Bronze Scales"},{"floor":9,"key":"Omamori"},{"floor":14,"key":"Potion Belt"}],"event_choices":[{"damage_healed":0,"gold_gain":0,"player_choice":"Bought 2 Potions","damage_taken":0,"max_hp_gain":0,"max_hp_loss":0,"event_name":"The Woman in Blue","floor":2,"gold_loss":0},{"cards_removed":["Armaments"],"damage_healed":5,"gold_gain":0,"player_choice":"Offered Common","damage_taken":0,"max_hp_gain":0,"max_hp_loss":0,"event_name":"Bonfire Elementals","floor":5,"gold_loss":0},{"cards_removed":["Armaments"],"damage_healed":5,"gold_gain":0,"player_choice":"Offered Special","damage_taken":0,"max_hp_gain":0,"max_hp_loss":0,"event_name":"Bonfire Elementals","floor":5,"gold_loss":0},{"damage_healed":0,"gold_gain":0,"player_choice":"Ignored","damage_taken":0,"max_hp_gain":0,"max_hp_loss":0,"event_name":"Shining Light","floor":11,"gold_loss":0}],"is_beta":false,"boss_relics":[],"items_purged_floors":[],"is_endless":false,"potions_floor_spawned":[3,4,13,14],"killed_by":"Slime Boss","ascension_level":20}