{"gold_per_floor":[110,110,110,123,123,123,140,140,140,150,1,1,28,45,45,149,149,169,188,20,30,30,30,42,42,119,139,169,169,149,166,166,271,271,284,301,314,314,414,414,441,441,441,459,479,258,275,302,302,302],"floor_reached":51,"playtime":3931,"items_purged":["Strike_R","Strike_R","Strike_R"],"score":844,"play_id":"0c1e9f7a-8d0b-4cd2-8875-a477a3c5ac4a","local_time":"20181212165855","is_ascension_mode":true,"campfire_choices":[{"data":"True Grit","floor":6.0,"key":"SMITH"},{"data":"Flame Barrier","floor":8.0,"key":"SMITH"},{"floor":12.0,"key":"REST"},{"data":"Armaments","floor":15.0,"key":"SMITH"},{"floor":23.0,"key":"REST"},{"floor":25.0,"key":"REST"},{"data":"Offering","floor":29.0,"key":"SMITH"},{"floor":32.0,"key":"REST"},{"data":"Seeing Red","floor":40.0,"key":"SMITH"},{"data":"Uppercut","floor":42.0,"key":"SMITH"},{"data":"Pommel Strike","floor":49.0,"key":"SMITH"}],"neow_cost":"PERCENT_DAMAGE","seed_source_timestamp":36072187710600,"circlet_count":0,"master_deck":["Strike_R+1","Defend_R","Defend_R","Defend_R","Bash+1","True Grit+1","Whirlwind+1","Flame Barrier+1","Seeing Red+1","Inflame","Armaments+1","Offering+1","Impervious","Flex","Pommel Strike+1","Uppercut+1","Spot Weakness","Seeing Red+1","Battle Trance+1","Seeing Red+1","Reaper","Shockwave+1"],"special_seed":0,"relics":["Burning Blood","Orichalcum","Dodecahedron","Whetstone","Orrery","Ice Cream","Darkstone Periapt","Pantograph","Runic Pyramid","Unceasing Top","War Paint","Ornamental Fan","Red Skull"],"potions_floor_usage":[50,50,50,50,50,50],"damage_taken":[{"damage":0.0,"enemies":"Small Slimes","floor":1.0,"turns":3.0},{"damage":7.0,"enemies":"Jaw Worm","floor":4.0,"turns":3.0},{"damage":0.0,"enemies":"2 Louse","floor":7.0,"turns":1.0},{"damage":18.0,"enemies":"Exordium Thugs","floor":10.0,"turns":4.0},{"damage":16.0,"enemies":"3 Sentries","floor":13.0,"turns":7.0},{"damage":0.0,"enemies":"Blue Slaver","floor":14.0,"turns":3.0},{"damage":75.0,"enemies":"Hexaghost","floor":16.0,"turns":12.0},{"damage":0.0,"enemies":"3 Byrds","floor":18.0,"turns":1.0},{"damage":27.0,"enemies":"Shell Parasite","floor":19.0,"turns":7.0},{"damage":25.0,"enemies":"Snecko","floor":21.0,"turns":4.0},{"damage":13.0,"enemies":"Centurion and Healer","floor":24.0,"turns":5.0},{"damage":13.0,"enemies":"Cultist and Chosen","floor":27.0,"turns":6.0},{"damage":20.0,"enemies":"Gremlin Leader","floor":28.0,"turns":4.0},{"damage":31.0,"enemies":"Snecko","floor":31.0,"turns":5.0},{"damage":59.0,"enemies":"Automaton","floor":33.0,"turns":10.0},{"damage":13.0,"enemies":"3 Darklings","floor":35.0,"turns":3.0},{"damage":12.0,"enemies":"Orb Walker","floor":36.0,"turns":2.0},{"damage":33.0,"enemies":"Writhing Mass","floor":37.0,"turns":10.0},{"damage":3.0,"enemies":"Mind Bloom Boss Battle","floor":39.0,"turns":7.0},{"damage":36.0,"enemies":"Nemesis","floor":41.0,"turns":3.0},{"damage":31.0,"enemies":"Transient","floor":44.0,"turns":5.0},{"damage":29.0,"enemies":"Sphere and 2 Shapes","floor":45.0,"turns":5.0},{"damage":8.0,"enemies":"4 Shapes","floor":47.0,"turns":4.0},{"damage":16,"enemies":"Awakened One","floor":50,"turns":16}],"seed_played":"3448336969283321185","potions_obtained":[{"floor":7.0,"key":"Explosive Potion"},{"floor":10.0,"key":"Dexterity Potion"},{"floor":14.0,"key":"Swift Potion"},{"floor":16.0,"key":"Swift Potion"},{"floor":21.0,"key":"SteroidPotion"},{"floor":24.0,"key":"SkillPotion"},{"floor":30.0,"key":"Regen Potion"},{"floor":31.0,"key":"Explosive Potion"}],"is_trial":false,"path_per_floor":["M","?","?","M","?","R","M","R","T","M","$","R","E","M","R","B",null,"M","M","$","M","?","R","M","R","T","M","E","R","?","M","R","B",null,"M","M","M","?","?","R","E","R","T","M","M","$","M","T","R","B",null],"character_chosen":"IRONCLAD","items_purchased":["Inflame","Seeing Red","EntropicBrew"],"campfire_rested":4,"item_purchase_floors":[11,20,46],"current_hp_per_floor":[57,39,65,64,64,64,70,70,70,58,58,80,70,76,76,7,62,68,47,47,28,28,52,45,69,69,62,48,48,48,32,56,27,67,60,64,52,52,80,80,69,69,69,44,32,32,70,70,70,80],"gold":302,"neow_bonus":"REMOVE_TWO","is_prod":false,"is_daily":false,"chose_seed":false,"campfire_upgraded":7,"win_rate":0,"timestamp":1544662735,"path_taken":["M","?","?","M","?","R","M","R","T","M","$","R","E","?","R","BOSS","M","M","$","M","?","R","M","R","T","?","E","R","?","M","R","BOSS","M","?","M","?","?","R","E","R","T","M","M","$","M","?","R","BOSS"],"build_version":"2018-12-06","purchased_purges":3,"victory":true,"max_hp_per_floor":[80,80,80,80,80,80,80,80,80,80,80,80,80,80,80,80,80,80,80,80,80,80,80,80,80,80,80,80,80,80,80,80,80,80,80,80,80,80,80,80,80,80,80,80,80,80,80,80,80,80],"card_choices":[{"not_picked":["Infernal Blade","Clash"],"picked":"True Grit","floor":1.0},{"not_picked":["Flex","Clash"],"picked":"Whirlwind","floor":4.0},{"not_picked":["Heavy Blade","Headbutt"],"picked":"Flame Barrier","floor":7.0},{"not_picked":["Ghostly Armor","Infernal Blade"],"picked":"Seeing Red","floor":10.0},{"not_picked":["Heavy Blade","Burning Pact"],"picked":"Armaments","floor":13.0},{"not_picked":["True Grit","Pommel Strike"],"picked":"Offering","floor":14.0},{"not_picked":["Juggernaut","Demon Form"],"picked":"Impervious","floor":16.0},{"not_picked":["Dropkick","Headbutt"],"picked":"Flex","floor":17.0},{"not_picked":["Reckless Charge","Armaments"],"picked":"Pommel Strike","floor":17.0},{"not_picked":["Heavy Blade+1","Iron Wave"],"picked":"Uppercut","floor":18.0},{"not_picked":["Headbutt","Intimidate"],"picked":"Spot Weakness","floor":19.0},{"not_picked":["Rampage+1","Pommel Strike"],"picked":"Battle Trance","floor":21.0},{"not_picked":["Iron Wave+1","Bludgeon","Entrench"],"picked":"SKIP","floor":24.0},{"not_picked":["Flex","Anger","Havoc"],"picked":"SKIP","floor":27.0},{"not_picked":["Combust+1","Wild Strike"],"picked":"Seeing Red+1","floor":28.0},{"not_picked":["Cleave+1","Power Through+1","Blood for Blood+1"],"picked":"SKIP","floor":31.0},{"not_picked":["Fiend Fire","Dark Embrace"],"picked":"Reaper","floor":33.0},{"not_picked":["Armaments+1","Cleave","Clash"],"picked":"SKIP","floor":35.0},{"not_picked":["Twin Strike","Iron Wave"],"picked":"Shockwave+1","floor":36.0},{"not_picked":["Cleave+1","Iron Wave+1","Clash+1"],"picked":"SKIP","floor":37.0},{"not_picked":["Wild Strike","Hemokinesis","Sentinel"],"picked":"SKIP","floor":41.0},{"not_picked":["Rage","Clash+1","Thunderclap"],"picked":"SKIP","floor":44.0},{"not_picked":["Hemokinesis+1","Headbutt","Whirlwind+1"],"picked":"SKIP","floor":45.0},{"not_picked":["Evolve+1","Clash","Thunderclap"],"picked":"SKIP","floor":47.0}],"player_experience":58858,"relics_obtained":[{"floor":9.0,"key":"Dodecahedron"},{"floor":13.0,"key":"Whetstone"},{"floor":26.0,"key":"Darkstone Periapt"},{"floor":28.0,"key":"Pantograph"},{"floor":39.0,"key":"Unceasing Top"},{"floor":41.0,"key":"War Paint"},{"floor":43.0,"key":"Ornamental Fan"},{"floor":48.0,"key":"Red Skull"}],"event_choices":[{"damage_healed":0.0,"max_hp_gain":0.0,"max_hp_loss":0.0,"gold_gain":0.0,"event_name":"Scrap Ooze","player_choice":"Success","floor":2.0,"gold_loss":0.0,"damage_taken":18.0,"relics_obtained":["Orichalcum"]},{"damage_healed":26.0,"max_hp_gain":0.0,"max_hp_loss":0.0,"gold_gain":0.0,"event_name":"Big Fish","player_choice":"Banana","floor":3.0,"gold_loss":0.0,"damage_taken":0.0},{"damage_healed":0.0,"max_hp_gain":0.0,"max_hp_loss":0.0,"gold_gain":0.0,"event_name":"Accursed Blacksmith","player_choice":"Forge","floor":5.0,"gold_loss":0.0,"damage_taken":0.0,"cards_upgraded":["Whirlwind"]},{"damage_healed":0.0,"max_hp_gain":0.0,"max_hp_loss":0.0,"gold_gain":0.0,"event_name":"WeMeetAgain","player_choice":"Gave Potion","floor":22.0,"gold_loss":0.0,"damage_taken":0.0,"relics_obtained":["Ice Cream"]},{"damage_healed":0.0,"max_hp_gain":0.0,"max_hp_loss":0.0,"gold_gain":0.0,"event_name":"The Woman in Blue","player_choice":"Bought 1 Potion","floor":30.0,"gold_loss":0.0,"damage_taken":0.0},{"damage_healed":0.0,"max_hp_gain":0.0,"max_hp_loss":0.0,"gold_gain":0.0,"event_name":"Tomb of Lord Red Mask","player_choice":"Ignored","floor":38.0,"gold_loss":0.0,"damage_taken":0.0},{"damage_healed":0.0,"max_hp_gain":0.0,"max_hp_loss":0.0,"gold_gain":0.0,"event_name":"MindBloom","player_choice":"Fight","floor":39.0,"gold_loss":0.0,"damage_taken":0.0}],"is_beta":false,"boss_relics":[{"not_picked":["Philosopher\u0027s Stone","Runic Dome"],"picked":"Orrery"},{"not_picked":["Runic Cube","Fusion Hammer"],"picked":"Runic Pyramid"}],"items_purged_floors":[11,20,46],"is_endless":false,"potions_floor_spawned":[7,10,14,16,21,24,27,31,33,37,39,41],"ascension_level":6}