{"gold_per_floor":[118,118,132,62,62,62,96,96,96,113,145,2,30,50,50,148,148,162,162,39,50,60,60,75,103,103,25,25,25,25,38,38,137,137,148,163,263,263,282,313,67,81,107,107,120,133,147,195,195,195],"floor_reached":51,"playtime":2433,"items_purged":["Strike_B","Strike_B"],"score":1009,"play_id":"7c8b7119-36a7-4e46-a411-f1fbf8d0b84b","local_time":"20190724053014","is_ascension_mode":true,"campfire_choices":[{"data":"Chaos","floor":6.0,"key":"SMITH"},{"data":"Zap","floor":8.0,"key":"SMITH"},{"floor":15.0,"key":"REST"},{"floor":23.0,"key":"REST"},{"data":"Defragment","floor":28.0,"key":"SMITH"},{"data":"Redo","floor":30.0,"key":"SMITH"},{"floor":32.0,"key":"REST"},{"data":"Defragment","floor":44,"key":"SMITH"},{"floor":49,"key":"REST"}],"neow_cost":"NONE","seed_source_timestamp":0,"circlet_count":0,"master_deck":["Defend_B","Defend_B","Defend_B","Defend_B","Zap+1","Dualcast","Rebound","Capacitor+1","Chaos+1","Storm","Redo+1","Coolheaded","Defragment+1","Leap","Hologram","Machine Learning","Chaos+1","Compile Driver","Electrodynamics","Self Repair+1","Storm","Defragment+1","Barrage+1","Ball Lightning+1","Redo","Defragment+1","Leap","Steam+1","Glacier+1","Conserve Battery","Glacier+1","Reprogram+1","Defragment+1"],"special_seed":0,"relics":["Cracked Core","NeowsBlessing","Regal Pillow","Incense Burner","Orichalcum","Centennial Puzzle","Sozu","Happy Flower","Bottled Tornado","Orrery","Unceasing Top","Strawberry","ClockworkSouvenir","Art of War","Blood Vial"],"potions_floor_usage":[],"damage_taken":[{"damage":0.0,"enemies":"Jaw Worm","floor":1.0,"turns":1.0},{"damage":0.0,"enemies":"2 Louse","floor":3.0,"turns":1.0},{"damage":0.0,"enemies":"3 Sentries","floor":7.0,"turns":2.0},{"damage":10.0,"enemies":"Cultist","floor":10.0,"turns":4.0},{"damage":39.0,"enemies":"Gremlin Nob","floor":11.0,"turns":5.0},{"damage":3.0,"enemies":"3 Sentries","floor":13.0,"turns":6.0},{"damage":0.0,"enemies":"Exordium Thugs","floor":14.0,"turns":4.0},{"damage":7.0,"enemies":"The Guardian","floor":16.0,"turns":10.0},{"damage":21.0,"enemies":"Spheric Guardian","floor":18.0,"turns":4.0},{"damage":5.0,"enemies":"Shell Parasite","floor":21.0,"turns":4.0},{"damage":13.0,"enemies":"Snake Plant","floor":22.0,"turns":3.0},{"damage":6.0,"enemies":"3 Cultists","floor":24.0,"turns":5.0},{"damage":27.0,"enemies":"Book of Stabbing","floor":25.0,"turns":6.0},{"damage":6.0,"enemies":"Snecko","floor":31.0,"turns":4.0},{"damage":5.0,"enemies":"Collector","floor":33.0,"turns":6.0},{"damage":3.0,"enemies":"3 Shapes","floor":35.0,"turns":3.0},{"damage":26.0,"enemies":"3 Darklings","floor":36.0,"turns":4.0},{"damage":0.0,"enemies":"Mind Bloom Boss Battle","floor":37.0,"turns":5.0},{"damage":0.0,"enemies":"Sphere and 2 Shapes","floor":39.0,"turns":3.0},{"damage":40,"enemies":"Giant Head","floor":40,"turns":8},{"damage":13,"enemies":"Spire Growth","floor":42,"turns":4},{"damage":0,"enemies":"3 Darklings","floor":45,"turns":6},{"damage":14,"enemies":"Transient","floor":46,"turns":5},{"damage":15,"enemies":"Spire Growth","floor":47,"turns":4},{"damage":15,"enemies":"Time Eater","floor":50,"turns":10}],"seed_played":"-4844011362543033983","potions_obtained":[{"floor":3.0,"key":"LiquidBronze"},{"floor":10.0,"key":"Strength Potion"},{"floor":11.0,"key":"SpeedPotion"},{"floor":13.0,"key":"Swift Potion"}],"is_trial":false,"path_per_floor":["M","?","M","$","?","R","E","R","T","M","E","$","E","M","R","B",null,"M","?","$","M","M","R","M","E","T","$","R","?","R","M","R","B",null,"M","M","?","?","M","E","$","M","T","R","M","M","M","T","R","B",null],"character_chosen":"DEFECT","items_purchased":["Chaos","Defragment","Compile Driver","Defragment","ClockworkSouvenir","Conserve Battery"],"campfire_rested":4,"item_purchase_floors":[4,12,20,27,41,41],"current_hp_per_floor":[68,61,61,61,61,61,61,61,61,51,12,12,9,9,46,39,66,45,45,45,40,27,64,58,41,41,41,41,41,41,45,75,75,75,75,59,69,69,75,52,52,49,49,49,59,45,40,40,79,66],"gold":195,"neow_bonus":"THREE_ENEMY_KILL","is_prod":false,"is_daily":false,"chose_seed":false,"campfire_upgraded":5,"win_rate":0,"timestamp":1563964214,"path_taken":["M","?","M","$","?","R","E","R","T","M","E","$","E","?","R","BOSS","M","?","?","M","M","R","M","E","T","$","R","?","R","M","R","BOSS","M","M","?","?","?","E","$","M","T","R","?","M","M","?","R","BOSS"],"build_version":"2019-07-17","purchased_purges":2,"victory":true,"max_hp_per_floor":[75,75,75,75,75,75,75,75,75,75,75,75,75,75,75,75,75,75,75,75,75,75,75,75,75,75,75,75,75,75,75,75,75,75,75,75,75,75,75,82,82,82,82,82,82,82,82,82,82,82],"card_choices":[{"not_picked":["Steam","Go for the Eyes"],"picked":"Rebound","floor":1.0},{"not_picked":["Conserve Battery","Recycle"],"picked":"Capacitor","floor":3.0},{"not_picked":["Sunder","Heatsinks"],"picked":"Storm","floor":7.0},{"not_picked":["Aggregate","Fission"],"picked":"Redo","floor":10.0},{"not_picked":["Ball Lightning","Stack"],"picked":"Coolheaded","floor":11.0},{"not_picked":["Turbo","Beam Cell"],"picked":"Leap","floor":13.0},{"not_picked":["Sweeping Beam","Steam"],"picked":"Hologram","floor":14.0},{"not_picked":["Core Surge","All For One"],"picked":"Machine Learning","floor":16.0},{"not_picked":["Stack+1","Cold Snap+1"],"picked":"Chaos+1","floor":18.0},{"not_picked":["Fusion","Reprogram+1","Barrage"],"picked":"SKIP","floor":21.0},{"not_picked":["Hologram","Stack"],"picked":"Electrodynamics","floor":22.0},{"not_picked":["Redo","Doom and Gloom"],"picked":"Self Repair+1","floor":24.0},{"not_picked":["Chaos","All For One"],"picked":"Storm","floor":25.0},{"not_picked":["Auto Shields","Gash","Lockon"],"picked":"SKIP","floor":31.0},{"not_picked":["Rebound","Go for the Eyes"],"picked":"Barrage+1","floor":34.0},{"not_picked":["Reprogram","Stack"],"picked":"Ball Lightning+1","floor":34.0},{"not_picked":["Coolheaded","Barrage"],"picked":"Redo","floor":34.0},{"not_picked":["Reprogram","Biased Cognition"],"picked":"Defragment","floor":35.0},{"not_picked":["Hologram","Barrage","Blizzard"],"picked":"SKIP","floor":36.0},{"not_picked":["Steam Power+1","Barrage+1"],"picked":"Leap","floor":37.0},{"not_picked":["Redo","Darkness+1"],"picked":"Steam+1","floor":39.0},{"not_picked":["Stack","Aggregate+1"],"picked":"Glacier+1","floor":40},{"not_picked":["Beam Cell","Aggregate+1","All For One"],"picked":"SKIP","floor":42},{"not_picked":["Conserve Battery","Gash+1"],"picked":"Glacier+1","floor":45},{"not_picked":["Rip and Tear+1","Doom and Gloom"],"picked":"Reprogram+1","floor":46},{"not_picked":["Storm+1","Beam Cell"],"picked":"Defragment+1","floor":47}],"player_experience":197969,"relics_obtained":[{"floor":7.0,"key":"Regal Pillow"},{"floor":9.0,"key":"Incense Burner"},{"floor":11.0,"key":"Orichalcum"},{"floor":13.0,"key":"Centennial Puzzle"},{"floor":25.0,"key":"Happy Flower"},{"floor":26.0,"key":"Bottled Tornado"},{"floor":37.0,"key":"Unceasing Top"},{"floor":40,"key":"Strawberry"},{"floor":43,"key":"Art of War"},{"floor":48,"key":"Blood Vial"}],"event_choices":[{"cards_removed":["Strike_B"],"damage_healed":0.0,"max_hp_gain":0.0,"max_hp_loss":0.0,"gold_gain":0.0,"event_name":"Golden Wing","player_choice":"Card Removal","floor":2.0,"gold_loss":0.0,"damage_taken":7.0},{"damage_healed":0.0,"max_hp_gain":0.0,"max_hp_loss":0.0,"gold_gain":0.0,"event_name":"The Woman in Blue","player_choice":"Bought 0 Potions","floor":5.0,"gold_loss":0.0,"damage_taken":0.0},{"damage_healed":0.0,"max_hp_gain":0.0,"max_hp_loss":0.0,"gold_gain":0.0,"event_name":"Accursed Blacksmith","player_choice":"Forge","floor":19.0,"gold_loss":0.0,"damage_taken":0.0,"cards_upgraded":["Defragment"]},{"damage_healed":0.0,"max_hp_gain":0.0,"max_hp_loss":0.0,"gold_gain":0.0,"event_name":"Upgrade Shrine","player_choice":"Upgraded","floor":29.0,"gold_loss":0.0,"damage_taken":0.0,"cards_upgraded":["Capacitor"]},{"damage_healed":0.0,"max_hp_gain":0.0,"max_hp_loss":0.0,"gold_gain":0.0,"event_name":"MindBloom","player_choice":"Fight","floor":37.0,"gold_loss":0.0,"damage_taken":0.0},{"cards_removed":["Strike_B"],"damage_healed":0.0,"max_hp_gain":0.0,"max_hp_loss":0.0,"gold_gain":0.0,"event_name":"Wheel of Change","player_choice":"Card Removal","floor":38.0,"gold_loss":0.0,"damage_taken":0.0}],"is_beta":false,"boss_relics":[{"not_picked":["Pandora\u0027s Box","White Beast Statue"],"picked":"Sozu"},{"not_picked":["Tiny House","Black Star"],"picked":"Orrery"}],"items_purged_floors":[12,20],"is_endless":false,"potions_floor_spawned":[3,10,11,13,18,25,33,35,40,47],"ascension_level":7}