{"gold_per_floor":[119,134,148,163,238,238,258,115,115,67,67,17,48,68,68,68],"floor_reached":16,"playtime":1815,"items_purged":[],"score":102,"play_id":"70cc3ac7-412b-4176-89f8-9ff6ebaa1d19","local_time":"20190909174945","is_ascension_mode":false,"campfire_choices":[{"data":"Omniscience","floor":11,"key":"SMITH"},{"data":"TalkToTheHand","floor":15,"key":"SMITH"}],"neow_cost":"NONE","seed_source_timestamp":410842003433500,"circlet_count":0,"master_deck":["Strike_P","Strike_P","Defend_P","Defend_P","Defend_P","Defend_P","Eruption","Vigilance","Weave","EmptyBody","Protect","FollowUp","Omniscience+1","FollowUp","Halt+1","Scrawl","TalkToTheHand+1"],"special_seed":0,"relics":["PureWater","Sling","Girya","WingedGreaves"],"potions_floor_usage":[13],"damage_taken":[{"damage":0.0,"enemies":"Cultist","floor":1.0,"turns":3.0},{"damage":0.0,"enemies":"Small Slimes","floor":2.0,"turns":2.0},{"damage":2.0,"enemies":"2 Louse","floor":3.0,"turns":4.0},{"damage":2.0,"enemies":"Exordium Thugs","floor":4.0,"turns":7.0},{"damage":0.0,"enemies":"Looter","floor":7.0,"turns":2.0},{"damage":13,"enemies":"3 Sentries","floor":13,"turns":4},{"damage":19,"enemies":"Blue Slaver","floor":14,"turns":7},{"damage":34,"enemies":"Hexaghost","floor":16,"turns":12}],"seed_played":"1794298949732824694","potions_obtained":[{"floor":2.0,"key":"AttackPotion"},{"floor":13,"key":"Ancient Potion"},{"floor":14,"key":"SkillPotion"}],"is_trial":false,"path_per_floor":["M","M","M","M","?","?","M","$","T","$","R","?","E","M","R","B"],"character_chosen":"WATCHER","items_purchased":["Sling","Halt"],"campfire_rested":0,"item_purchase_floors":[8,10],"current_hp_per_floor":[71,71,69,67,56,56,56,56,56,56,56,56,43,24,24,0],"gold":68,"neow_bonus":"TEN_PERCENT_HP_BONUS","is_prod":false,"is_daily":false,"chose_seed":false,"campfire_upgraded":2,"win_rate":0.0,"timestamp":1568065785,"path_taken":["M","M","M","M","?","?","M","$","T","$","R","?","E","M","R","BOSS"],"build_version":"2019-09-09","purchased_purges":0,"victory":false,"max_hp_per_floor":[71,71,71,71,71,71,71,71,71,71,71,71,71,71,71,71],"card_choices":[{"not_picked":["Sanctity","Crescendo"],"picked":"Weave","floor":1.0},{"not_picked":["Meditate","Sanctity"],"picked":"EmptyBody","floor":2.0},{"not_picked":["BowlingBash","FlurryOfBlows"],"picked":"Protect","floor":3.0},{"not_picked":["Conclude","Sanctity"],"picked":"FollowUp","floor":4.0},{"not_picked":["Vengeance","WaveOfTheHand"],"picked":"FollowUp","floor":7.0},{"not_picked":["CarveReality","BattleHymn"],"picked":"Scrawl","floor":13},{"not_picked":["BowlingBash","SpiritShield"],"picked":"TalkToTheHand","floor":14}],"player_experience":794351,"relics_obtained":[{"floor":9,"key":"Girya"},{"floor":13,"key":"WingedGreaves"}],"event_choices":[{"damage_healed":0.0,"max_hp_gain":0.0,"max_hp_loss":0.0,"gold_gain":75.0,"event_name":"World of Goop","player_choice":"Gather Gold","floor":5.0,"gold_loss":0.0,"damage_taken":11.0},{"damage_healed":0.0,"max_hp_gain":0.0,"max_hp_loss":0.0,"gold_gain":0.0,"cards_transformed":["Strike_P"],"event_name":"Living Wall","player_choice":"Change","floor":6.0,"gold_loss":0.0,"damage_taken":0.0,"cards_obtained":["Omniscience"]},{"cards_removed":["Strike_P"],"damage_healed":0,"gold_gain":0,"player_choice":"Card Removal","damage_taken":0,"max_hp_gain":0,"max_hp_loss":0,"event_name":"The Cleric","floor":12,"gold_loss":50}],"is_beta":true,"boss_relics":[],"items_purged_floors":[],"is_endless":false,"potions_floor_spawned":[2,13,14],"killed_by":"Hexaghost","ascension_level":0}