{"gold_per_floor":[114,39,59,75,150,150,175,175,201,232,248,266,266,4,4,99,99,122,22,22,40,40,40,40,40,40,40,55,76,99,99,99,99],"floor_reached":33,"playtime":1183,"items_purged":["Decay","Strike_R"],"score":434,"play_id":"0ff9c8cb-4289-4aab-b697-2ac8060ac8b5","local_time":"20181218025642","is_ascension_mode":true,"campfire_choices":[{"data":"Fiend Fire","floor":6.0,"key":"SMITH"},{"floor":8.0,"key":"REST"},{"data":"Armaments","floor":15.0,"key":"SMITH"},{"data":"Uppercut","floor":23,"key":"SMITH"},{"floor":25,"key":"REST"},{"floor":32,"key":"REST"}],"neow_cost":"CURSE","seed_source_timestamp":242032404601000,"circlet_count":0,"master_deck":["AscendersBane","Strike_R","Strike_R","Strike_R","Strike_R","Defend_R","Defend_R","Defend_R+1","Defend_R","Bash","Fiend Fire+1","Flame Barrier","Dropkick","Shrug It Off+1","Inflame","Armaments+1","Uppercut+1","Inflame","Double Tap","Spot Weakness","Limit Break"],"special_seed":0,"relics":["Black Blood","War Paint","Oddly Smooth Stone","Matryoshka","Golden Idol","Mummified Hand","Nilry\u0027s Codex","Strawberry","Question Card"],"potions_floor_usage":[16,21,21],"damage_taken":[{"damage":6.0,"enemies":"Cultist","floor":1.0,"turns":4.0},{"damage":4.0,"enemies":"2 Louse","floor":3.0,"turns":4.0},{"damage":0.0,"enemies":"Jaw Worm","floor":4.0,"turns":4.0},{"damage":38.0,"enemies":"Gremlin Nob","floor":7.0,"turns":5.0},{"damage":21.0,"enemies":"3 Sentries","floor":10.0,"turns":9.0},{"damage":0.0,"enemies":"2 Fungi Beasts","floor":11.0,"turns":4.0},{"damage":7.0,"enemies":"Looter","floor":12.0,"turns":4.0},{"damage":42,"enemies":"Slime Boss","floor":16,"turns":11},{"damage":13,"enemies":"Shell Parasite","floor":18,"turns":11},{"damage":17,"enemies":"2 Thieves","floor":21,"turns":4},{"damage":14,"enemies":"Centurion and Healer","floor":28,"turns":7},{"damage":11,"enemies":"Snake Plant","floor":29,"turns":3},{"damage":42,"enemies":"Chosen and Byrds","floor":30,"turns":8},{"damage":67,"enemies":"Automaton","floor":33,"turns":6}],"seed_played":"-8220865372121126769","potions_obtained":[{"floor":3.0,"key":"EssenceOfSteel"},{"floor":7.0,"key":"Explosive Potion"},{"floor":11.0,"key":"PowerPotion"},{"floor":18,"key":"SkillPotion"}],"is_trial":false,"path_per_floor":["M","$","M","M","?","R","E","R","T","E","M","M","?","$","R","B",null,"M","$","?","M","?","R","$","R","T","?","M","M","M","?","R","B"],"character_chosen":"IRONCLAD","items_purchased":["Mummified Hand"],"campfire_rested":3,"item_purchase_floors":[14],"current_hp_per_floor":[68,68,70,75,64,64,32,54,54,39,45,44,44,44,44,8,54,51,51,35,28,28,28,28,48,55,76,72,71,39,39,61,0],"gold":99,"neow_bonus":"THREE_RARE_CARDS","is_prod":false,"is_daily":false,"chose_seed":false,"campfire_upgraded":3,"win_rate":0,"timestamp":1545130602,"path_taken":["M","$","M","M","?","R","E","R","T","E","M","M","?","$","R","BOSS","M","$","?","M","?","R","$","R","T","?","M","?","M","?","R","BOSS"],"build_version":"2018-12-13","purchased_purges":2,"victory":false,"max_hp_per_floor":[75,75,75,75,75,75,75,75,75,75,75,75,69,69,69,69,69,69,69,69,69,69,69,69,69,76,76,76,76,76,76,76,76],"card_choices":[{"not_picked":["Immolate","Berserk"],"picked":"Fiend Fire","floor":0.0},{"not_picked":["Rage","Sword Boomerang"],"picked":"Flame Barrier","floor":1.0},{"not_picked":["Carnage","Twin Strike"],"picked":"Dropkick","floor":3.0},{"not_picked":["Shockwave","Perfected Strike"],"picked":"Shrug It Off","floor":4.0},{"not_picked":["Cleave","Body Slam"],"picked":"Inflame","floor":7.0},{"not_picked":["Flex","Anger"],"picked":"Armaments","floor":10.0},{"not_picked":["Perfected Strike","Body Slam"],"picked":"Uppercut","floor":11.0},{"not_picked":["Iron Wave","Searing Blow"],"picked":"Inflame","floor":12.0},{"not_picked":["Juggernaut","Dark Embrace"],"picked":"Double Tap","floor":16},{"not_picked":["Pommel Strike","Twin Strike"],"picked":"Seeing Red","floor":18},{"not_picked":["Twin Strike","Body Slam","Rage"],"picked":"SKIP","floor":21},{"not_picked":["Second Wind+1","Infernal Blade","Sword Boomerang+1","Armaments"],"picked":"SKIP","floor":28},{"not_picked":["Warcry","Iron Wave","Clothesline"],"picked":"Limit Break","floor":29},{"not_picked":["Carnage","Warcry","Pommel Strike","Spot Weakness"],"picked":"SKIP","floor":30}],"player_experience":133194,"relics_obtained":[{"floor":7.0,"key":"War Paint"},{"floor":9.0,"key":"Oddly Smooth Stone"},{"floor":10.0,"key":"Matryoshka"},{"floor":20,"key":"Nilry\u0027s Codex"},{"floor":26,"key":"Strawberry"},{"floor":26,"key":"Question Card"}],"event_choices":[{"damage_healed":0.0,"max_hp_gain":0.0,"max_hp_loss":0.0,"gold_gain":75.0,"event_name":"World of Goop","player_choice":"Gather Gold","floor":5.0,"gold_loss":0.0,"damage_taken":11.0},{"damage_healed":0.0,"max_hp_gain":0.0,"max_hp_loss":6.0,"gold_gain":0.0,"event_name":"Golden Idol","player_choice":"Lose Max HP","floor":13.0,"gold_loss":0.0,"damage_taken":0.0,"relics_obtained":["Golden Idol"]},{"damage_healed":0,"gold_gain":0,"player_choice":"Obtained Book","damage_taken":16,"max_hp_gain":0,"max_hp_loss":0,"event_name":"Cursed Tome","floor":20,"gold_loss":0},{"damage_healed":0,"gold_gain":0,"player_choice":"Read","damage_taken":0,"max_hp_gain":0,"max_hp_loss":0,"event_name":"The Library","floor":22,"gold_loss":0,"cards_obtained":["Spot Weakness"]},{"cards_removed":["Seeing Red"],"damage_healed":21,"gold_gain":0,"player_choice":"Offered Uncommon","damage_taken":0,"max_hp_gain":0,"max_hp_loss":0,"event_name":"Bonfire Elementals","floor":27,"gold_loss":0},{"damage_healed":0,"gold_gain":0,"player_choice":"0 cards matched","damage_taken":0,"max_hp_gain":0,"max_hp_loss":0,"event_name":"Match and Keep!","floor":31,"gold_loss":0,"cards_obtained":[]}],"is_beta":false,"boss_relics":[{"not_picked":["Calling Bell","Orrery"],"picked":"Black Blood"}],"items_purged_floors":[2,19],"is_endless":false,"potions_floor_spawned":[3,7,10,11,18],"killed_by":"Automaton","ascension_level":14}