{"gold_per_floor":[20,38,313,324,336,363,363,376,399,399,425,425,24,43,43,136,136,160,160,160,160,210,240,240,275,323,323,333,333,333,346,346,346],"floor_reached":33,"playtime":1075,"items_purged":["Regret"],"score":611,"play_id":"6866622b-3f62-42c5-9233-cf3d49386fd2","local_time":"20190905155049","is_ascension_mode":true,"campfire_choices":[{"floor":10.0,"key":"REST"},{"data":"Armaments","floor":15.0,"key":"SMITH"},{"data":"J.A.X.","floor":30,"key":"SMITH"},{"floor":32,"key":"REST"}],"neow_cost":"NO_GOLD","seed_source_timestamp":381944429268600,"circlet_count":0,"master_deck":["AscendersBane","Defend_R+1","Defend_R+1","Defend_R+1","Defend_R+1","Bash","Juggernaut","True Grit","Iron Wave","Spot Weakness","Clothesline","Pommel Strike","Flame Barrier","Feed","Feel No Pain","Rage","Armaments+1","Exhume","Whirlwind","Bite","Bite","Bite","Bite","Bite","RitualDagger","Shockwave","Warcry+1","J.A.X.+1","Shrug It Off"],"special_seed":0,"relics":["Burning Blood","Happy Flower","Juzu Bracelet","Pen Nib","Bloody Idol","Bronze Scales","Sozu","Potion Belt","PreservedInsect","Dream Catcher"],"potions_floor_usage":[],"damage_taken":[{"damage":7.0,"enemies":"Small Slimes","floor":1.0,"turns":4.0},{"damage":1.0,"enemies":"Cultist","floor":2.0,"turns":4.0},{"damage":10.0,"enemies":"Jaw Worm","floor":4.0,"turns":5.0},{"damage":29.0,"enemies":"Red Slaver","floor":5.0,"turns":4.0},{"damage":36.0,"enemies":"Lagavulin","floor":6.0,"turns":10.0},{"damage":8.0,"enemies":"Blue Slaver","floor":8.0,"turns":4.0},{"damage":11.0,"enemies":"Gremlin Nob","floor":11.0,"turns":3.0},{"damage":0.0,"enemies":"2 Fungi Beasts","floor":14.0,"turns":5.0},{"damage":19.0,"enemies":"The Guardian","floor":16.0,"turns":9.0},{"damage":18.0,"enemies":"Shell Parasite","floor":18.0,"turns":5.0},{"damage":45.0,"enemies":"Gremlin Leader","floor":23.0,"turns":8.0},{"damage":11.0,"enemies":"Book of Stabbing","floor":25.0,"turns":5.0},{"damage":23.0,"enemies":"Colosseum Slavers","floor":27.0,"turns":6.0},{"damage":26.0,"enemies":"2 Thieves","floor":28.0,"turns":4.0},{"damage":30,"enemies":"Snecko","floor":31,"turns":5},{"damage":62,"enemies":"Collector","floor":33,"turns":6}],"seed_played":"-7554732343367830605","potions_obtained":[{"floor":2.0,"key":"Dexterity Potion"},{"floor":4.0,"key":"Energy Potion"},{"floor":6.0,"key":"Poison Potion"},{"floor":7.0,"key":"Explosive Potion"},{"floor":7.0,"key":"EntropicBrew"},{"floor":11.0,"key":"AttackPotion"},{"floor":16.0,"key":"Weak Potion"}],"is_trial":false,"path_per_floor":["M","M","?","M","M","E","?","M","T","R","E","?","$","M","R","B",null,"M","?","?","?","?","E","?","E","T","?","M","?","R","M","R","B"],"character_chosen":"IRONCLAD","items_purchased":["Bronze Scales","Feel No Pain","Rage"],"campfire_rested":2,"item_purchase_floors":[13,13,13],"current_hp_per_floor":[67,72,72,68,45,15,15,13,13,35,30,30,30,39,39,26,60,52,52,46,46,51,31,31,35,40,32,34,34,34,23,40,0],"gold":346,"neow_bonus":"THREE_RARE_CARDS","is_prod":false,"is_daily":false,"chose_seed":false,"campfire_upgraded":2,"win_rate":0,"timestamp":1567723849,"path_taken":["M","M","?","M","?","E","?","M","T","R","E","?","$","M","R","BOSS","M","?","?","?","?","E","?","E","T","?","M","?","R","M","R","BOSS"],"build_version":"2019-07-17","purchased_purges":1,"victory":false,"max_hp_per_floor":[75,75,75,75,75,75,75,75,75,75,75,68,68,71,71,71,71,75,52,52,52,52,56,56,56,56,59,59,59,59,59,59,59],"card_choices":[{"not_picked":["Double Tap","Exhume"],"picked":"Juggernaut","floor":0.0},{"not_picked":["Clash","Havoc"],"picked":"True Grit","floor":1.0},{"not_picked":["Flex","Headbutt"],"picked":"Iron Wave","floor":2.0},{"not_picked":["Pummel","Flex"],"picked":"Spot Weakness","floor":4.0},{"not_picked":["Spot Weakness","Clash"],"picked":"Clothesline","floor":5.0},{"not_picked":["Carnage","Wild Strike"],"picked":"Pommel Strike","floor":6.0},{"not_picked":["Burning Pact","Armaments"],"picked":"Flame Barrier","floor":8.0},{"not_picked":["Body Slam","Rupture"],"picked":"Feed","floor":11.0},{"not_picked":["Warcry","True Grit"],"picked":"Armaments","floor":14.0},{"not_picked":["Dark Embrace","Barricade"],"picked":"Exhume","floor":16.0},{"not_picked":["Rupture","Searing Blow"],"picked":"Whirlwind","floor":18.0},{"not_picked":["Clash","Body Slam"],"picked":"Shockwave","floor":23.0},{"not_picked":["Cleave","Heavy Blade","Clash"],"picked":"SKIP","floor":25.0},{"not_picked":["Reckless Charge","Feed"],"picked":"Warcry+1","floor":28.0},{"not_picked":["Whirlwind+1","Twin Strike","Rampage"],"picked":"SKIP","floor":31},{"not_picked":["Headbutt","Pummel"],"picked":"Shrug It Off","floor":32}],"player_experience":870029,"relics_obtained":[{"floor":6.0,"key":"Happy Flower"},{"floor":9.0,"key":"Juzu Bracelet"},{"floor":11.0,"key":"Pen Nib"},{"floor":23.0,"key":"Potion Belt"},{"floor":25.0,"key":"PreservedInsect"},{"floor":26.0,"key":"Dream Catcher"}],"event_choices":[{"damage_healed":0.0,"max_hp_gain":0.0,"max_hp_loss":0.0,"gold_gain":275.0,"event_name":"Golden Shrine","player_choice":"Desecrate","floor":3.0,"gold_loss":0.0,"damage_taken":0.0,"cards_obtained":["Regret"]},{"damage_healed":0.0,"max_hp_gain":0.0,"max_hp_loss":0.0,"gold_gain":0.0,"event_name":"Lab","player_choice":"Got Potions","floor":7.0,"gold_loss":0.0,"damage_taken":0.0},{"damage_healed":0.0,"max_hp_gain":0.0,"max_hp_loss":7.0,"gold_gain":0.0,"event_name":"Golden Idol","player_choice":"Lose Max HP","floor":12.0,"gold_loss":0.0,"damage_taken":0.0,"relics_obtained":["Golden Idol"]},{"damage_healed":0.0,"max_hp_gain":0.0,"max_hp_loss":23.0,"gold_gain":0.0,"event_name":"Vampires","player_choice":"Became a vampire","floor":19.0,"gold_loss":0.0,"damage_taken":0.0,"cards_obtained":["Bite","Bite","Bite","Bite","Bite"]},{"damage_healed":0.0,"max_hp_gain":0.0,"max_hp_loss":0.0,"gold_gain":0.0,"event_name":"Nest","player_choice":"Joined the Cult","floor":20.0,"gold_loss":0.0,"damage_taken":6.0,"cards_obtained":["RitualDagger"]},{"damage_healed":0.0,"max_hp_gain":0.0,"max_hp_loss":0.0,"gold_gain":0.0,"event_name":"Forgotten Altar","player_choice":"Gave Idol","floor":21.0,"relics_lost":["Golden Idol"],"gold_loss":0.0,"damage_taken":0.0,"relics_obtained":["Bloody Idol"]},{"damage_healed":0.0,"max_hp_gain":0.0,"max_hp_loss":0.0,"gold_gain":50.0,"event_name":"Golden Shrine","player_choice":"Pray","floor":22.0,"gold_loss":0.0,"damage_taken":0.0},{"damage_healed":0.0,"max_hp_gain":0.0,"max_hp_loss":0.0,"gold_gain":0.0,"event_name":"Back to Basics","player_choice":"Simplicity","floor":24.0,"gold_loss":0.0,"damage_taken":0.0,"cards_upgraded":["Defend_R","Defend_R","Defend_R","Defend_R"]},{"damage_healed":0.0,"max_hp_gain":0.0,"max_hp_loss":0.0,"gold_gain":0.0,"event_name":"Colosseum","player_choice":"Fight","floor":27.0,"gold_loss":0.0,"damage_taken":0.0},{"damage_healed":0.0,"max_hp_gain":0.0,"max_hp_loss":0.0,"gold_gain":0.0,"event_name":"Colosseum","player_choice":"Fled From Nobs","floor":27.0,"gold_loss":0.0,"damage_taken":0.0},{"damage_healed":0,"gold_gain":0,"player_choice":"Obtain J.A.X.","damage_taken":0,"max_hp_gain":0,"max_hp_loss":0,"event_name":"Drug Dealer","floor":29,"gold_loss":0,"cards_obtained":["J.A.X."]}],"is_beta":false,"boss_relics":[{"not_picked":["Calling Bell","Mark of Pain"],"picked":"Sozu"}],"items_purged_floors":[13],"is_endless":false,"potions_floor_spawned":[2,4,6,11,16,18,27,28],"killed_by":"Collector","ascension_level":20}