{"gold_per_floor":[109,119,70,84,97,97,108,108,135,135,159,182,201,235],"floor_reached":14,"playtime":584,"items_purged":[],"score":86,"play_id":"80dbd60a-9df9-4395-b894-ad91e73d54d0","local_time":"20190831185446","is_ascension_mode":false,"campfire_choices":[{"data":"Defragment","floor":6,"key":"SMITH"},{"data":"Stack","floor":10,"key":"SMITH"}],"neow_cost":"NONE","seed_source_timestamp":1302742089138800,"circlet_count":0,"master_deck":["Strike_B","Strike_B","Strike_B","Strike_B","Defend_B","Defend_B","Defend_B","Defend_B","Zap","Dualcast","Blizzard","Gash","Defragment+1","Stack+1","Steam"],"relics":["Cracked Core","NeowsBlessing","Golden Idol","Vajra","Odd Mushroom"],"potions_floor_usage":[7,7,13,13],"damage_taken":[{"damage":0,"enemies":"Cultist","floor":1,"turns":1},{"damage":0,"enemies":"Jaw Worm","floor":2,"turns":1},{"damage":0,"enemies":"Small Slimes","floor":4,"turns":1},{"damage":7,"enemies":"Looter","floor":5,"turns":4},{"damage":1,"enemies":"Lots of Slimes","floor":7,"turns":3},{"damage":14,"enemies":"Blue Slaver","floor":11,"turns":4},{"damage":3,"enemies":"2 Fungi Beasts","floor":12,"turns":4},{"damage":1,"enemies":"Lots of Slimes","floor":13,"turns":3},{"damage":29,"enemies":"The Mushroom Lair","floor":14,"turns":4}],"seed_played":"-425804268670583263","potions_obtained":[{"floor":1,"key":"Fire Potion"},{"floor":2,"key":"Fire Potion"},{"floor":5,"key":"Regen Potion"},{"floor":11,"key":"Weak Potion"},{"floor":12,"key":"AttackPotion"}],"is_trial":false,"path_per_floor":["M","M","$","M","M","R","M","?","T","R","M","M","M","?"],"character_chosen":"DEFECT","items_purchased":["Gash"],"campfire_rested":0,"item_purchase_floors":[3],"current_hp_per_floor":[75,75,75,75,68,68,67,49,49,49,35,32,40,11],"gold":235,"neow_bonus":"THREE_ENEMY_KILL","is_prod":false,"is_daily":false,"chose_seed":false,"campfire_upgraded":2,"win_rate":0.0,"timestamp":1567302886,"path_taken":["M","?","$","M","M","R","M","?","T","R","M","M","M","?"],"build_version":"2019-07-17","purchased_purges":0,"victory":false,"max_hp_per_floor":[75,75,75,75,75,75,75,75,75,75,75,75,75,75],"card_choices":[{"not_picked":["Auto Shields","Leap"],"picked":"Blizzard","floor":1},{"not_picked":["Darkness","Ball Lightning","Hologram"],"picked":"SKIP","floor":2},{"not_picked":["Stack","Go for the Eyes"],"picked":"Defragment","floor":4},{"not_picked":["Fission","Heatsinks","Conserve Battery"],"picked":"SKIP","floor":5},{"not_picked":["Sweeping Beam","Storm"],"picked":"Stack","floor":7},{"not_picked":["Aggregate","Turbo","Conserve Battery"],"picked":"SKIP","floor":11},{"not_picked":["Sweeping Beam","Heatsinks","Biased Cognition"],"picked":"SKIP","floor":12},{"not_picked":["Ball Lightning","Leap","Go for the Eyes"],"picked":"SKIP","floor":13},{"not_picked":["Conserve Battery","Beam Cell"],"picked":"Steam","floor":14}],"player_experience":55332,"relics_obtained":[{"floor":9,"key":"Vajra"},{"floor":14,"key":"Odd Mushroom"}],"event_choices":[{"damage_healed":0,"gold_gain":0,"player_choice":"Take Damage","damage_taken":18,"relics_obtained":["Golden Idol"],"max_hp_gain":0,"max_hp_loss":0,"event_name":"Golden Idol","floor":8,"gold_loss":0},{"damage_healed":0,"gold_gain":0,"player_choice":"Fought Mushrooms","damage_taken":0,"max_hp_gain":0,"max_hp_loss":0,"event_name":"Mushrooms","floor":14,"gold_loss":0}],"is_beta":false,"boss_relics":[],"items_purged_floors":[],"is_endless":false,"potions_floor_spawned":[1,2,5,11,12],"killed_by":"The Mushroom Lair","ascension_level":0}