{"gold_per_floor":[19,19,35,54,31,31,42,62,62,62,75,94,94,113,113,210,210,227,240,48,64,64,64,64,64,91,105,105,139,64,76,76,174,174,188,288,288,288,35,46,46,46,46,46,57,67,67,85,85,85],"floor_reached":50,"playtime":5680,"items_purged":["Defend_G"],"score":481,"play_id":"5d4e06d2-7a55-4739-88c4-2cb2844cf925","local_time":"20190310184246","is_ascension_mode":false,"campfire_choices":[{"data":"Well Laid Plans","floor":6,"key":"SMITH"},{"data":"Crippling Poison","floor":10,"key":"SMITH"},{"floor":15,"key":"REST"},{"data":"Corpse Explosion","floor":25,"key":"SMITH"},{"floor":28,"key":"REST"},{"floor":32,"key":"REST"},{"data":"Catalyst","floor":41,"key":"SMITH"},{"floor":42,"key":"REST"},{"data":"Madness","floor":44,"key":"SMITH"},{"floor":47,"key":"REST"},{"floor":49,"key":"REST"}],"neow_cost":"NO_GOLD","seed_source_timestamp":31578500878160,"circlet_count":0,"master_deck":["Defend_G","Defend_G","Strike_G","Strike_G","Strike_G+1","Survivor","Neutralize","Well Laid Plans+1","Crippling Poison+1","Dagger Spray","Bane","Escape Plan","Dash+1","Burst","Corpse Explosion+1","Bane","Cloak And Dagger","Eviscerate","Cloak And Dagger","Catalyst+1","Adrenaline","Escape Plan","Deadly Poison","PiercingWail+1","Backflip+1","Madness+1","Madness","Corpse Explosion+1","Deadly Poison","Parasite","Dodge and Roll+1","Noxious Fumes+1"],"relics":["Ring of the Snake","Bottled Tornado","Sozu","Strange Spoon","Potion Belt","Shuriken","Orrery","WingedGreaves","DollysMirror","Du-Vu Doll"],"potions_floor_usage":[3,8,12,14,16,18,19],"damage_taken":[{"damage":3,"enemies":"Jaw Worm","floor":1,"turns":7},{"damage":4,"enemies":"Cultist","floor":3,"turns":3},{"damage":6,"enemies":"2 Louse","floor":4,"turns":3},{"damage":9,"enemies":"Exordium Wildlife","floor":7,"turns":3},{"damage":0,"enemies":"2 Fungi Beasts","floor":8,"turns":4},{"damage":1,"enemies":"Blue Slaver","floor":11,"turns":3},{"damage":7,"enemies":"Looter","floor":12,"turns":4},{"damage":4,"enemies":"Exordium Thugs","floor":14,"turns":4},{"damage":47,"enemies":"Slime Boss","floor":16,"turns":15},{"damage":7,"enemies":"Chosen","floor":18,"turns":5},{"damage":0,"enemies":"2 Thieves","floor":19,"turns":3},{"damage":5,"enemies":"Centurion and Healer","floor":21,"turns":5},{"damage":6,"enemies":"Colosseum Slavers","floor":24,"turns":2},{"damage":8,"enemies":"Snake Plant","floor":27,"turns":4},{"damage":22,"enemies":"Slavers","floor":29,"turns":3},{"damage":6,"enemies":"3 Cultists","floor":31,"turns":3},{"damage":44,"enemies":"Automaton","floor":33,"turns":9},{"damage":3,"enemies":"3 Darklings","floor":35,"turns":3},{"damage":10,"enemies":"Mind Bloom Boss Battle","floor":36,"turns":5},{"damage":3,"enemies":"3 Shapes","floor":40,"turns":3},{"damage":0,"enemies":"Writhing Mass","floor":45,"turns":5},{"damage":28,"enemies":"Spire Growth","floor":46,"turns":4},{"damage":4,"enemies":"Jaw Worm Horde","floor":48,"turns":3},{"damage":77,"enemies":"Awakened One","floor":50,"turns":8}],"seed_played":"8319178618379238014","potions_obtained":[{"floor":2,"key":"SpeedPotion"},{"floor":2,"key":"Fire Potion"},{"floor":2,"key":"GhostInAJar"},{"floor":4,"key":"Weak Potion"},{"floor":8,"key":"Regen Potion"},{"floor":12,"key":"SpeedPotion"},{"floor":16,"key":"GhostInAJar"}],"is_trial":false,"path_per_floor":["M","?","M","M","$","R","M","M","T","R","M","M","?","M","R","B",null,"M","M","$","M","?","?","?","R","T","M","R","E","$","M","R","B",null,"M","?","?","?","$","M","R","R","T","R","M","M","R","M","R","B"],"character_chosen":"THE_SILENT","items_purchased":["Bane","Strange Spoon","DollysMirror","Deadly Poison"],"campfire_rested":6,"item_purchase_floors":[5,20,39,39],"current_hp_per_floor":[67,67,63,57,57,57,48,48,48,48,47,54,40,36,57,10,70,63,63,63,58,58,58,52,52,52,44,65,43,43,37,58,14,70,67,57,57,48,48,45,45,66,66,66,66,38,59,55,70,0],"gold":85,"neow_bonus":"TRANSFORM_TWO_CARDS","is_prod":false,"is_daily":false,"chose_seed":false,"campfire_upgraded":5,"win_rate":0,"timestamp":1552223566,"path_taken":["M","?","M","M","?","R","M","M","T","R","M","M","?","M","R","BOSS","M","M","$","M","?","?","?","R","T","M","R","E","$","M","R","BOSS","M","?","?","?","?","M","R","R","T","R","M","M","R","M","R","BOSS"],"build_version":"2019-01-23","purchased_purges":1,"victory":false,"max_hp_per_floor":[70,70,70,70,70,70,70,70,70,70,70,70,70,70,70,70,70,70,70,70,70,70,70,70,70,70,70,70,70,70,70,70,70,70,70,70,70,70,70,70,70,70,70,70,70,70,70,70,70,70],"card_choices":[{"not_picked":["Deflect","Outmaneuver","Quick Slash"],"picked":"SKIP","floor":1},{"not_picked":["Infinite Blades","Endless Agony"],"picked":"Dagger Spray","floor":3},{"not_picked":["Sucker Punch","Backflip","Outmaneuver"],"picked":"SKIP","floor":4},{"not_picked":["Dodge and Roll","Wraith Form v2"],"picked":"Escape Plan","floor":7},{"not_picked":["Blade Dance","PiercingWail"],"picked":"Dash","floor":8},{"not_picked":["Quick Slash","Calculated Gamble","Blade Dance"],"picked":"SKIP","floor":11},{"not_picked":["Dagger Spray","Dagger Throw","Predator"],"picked":"SKIP","floor":12},{"not_picked":["Quick Slash","Deflect"],"picked":"Burst","floor":14},{"not_picked":["Phantasmal Killer","Die Die Die"],"picked":"Corpse Explosion","floor":16},{"not_picked":["Flechettes","Backstab"],"picked":"Bane","floor":18},{"not_picked":["Sucker Punch","Quick Slash","Masterful Stab"],"picked":"SKIP","floor":19},{"not_picked":["Backflip","Blade Dance"],"picked":"Cloak And Dagger","floor":21},{"not_picked":["Outmaneuver","Dash","Terror"],"picked":"SKIP","floor":27},{"not_picked":["Blade Dance","Dagger Spray"],"picked":"Catalyst","floor":29},{"not_picked":["Night Terror","Blur","Underhanded Strike"],"picked":"SKIP","floor":31},{"not_picked":["A Thousand Cuts","Storm of Steel"],"picked":"Adrenaline","floor":33},{"not_picked":["Infinite Blades","Well Laid Plans+1"],"picked":"Escape Plan","floor":34},{"not_picked":["Underhanded Strike","Blade Dance"],"picked":"Deadly Poison","floor":34},{"not_picked":["Slice","Terror+1"],"picked":"PiercingWail+1","floor":34},{"not_picked":["Finisher+1","Tactician","Backflip"],"picked":"SKIP","floor":35},{"not_picked":["Eviscerate+1","PiercingWail"],"picked":"Backflip+1","floor":36},{"not_picked":["Glass Knife","Well Laid Plans+1","Prepared+1"],"picked":"SKIP","floor":40},{"not_picked":["Underhanded Strike","Bane"],"picked":"Dodge and Roll+1","floor":45},{"not_picked":["Caltrops+1","Deadly Poison"],"picked":"Noxious Fumes+1","floor":46},{"not_picked":["All Out Attack","Choke+1","Underhanded Strike"],"picked":"SKIP","floor":48}],"player_experience":59769,"relics_obtained":[{"floor":9,"key":"Bottled Tornado"},{"floor":26,"key":"Potion Belt"},{"floor":29,"key":"Shuriken"},{"floor":36,"key":"WingedGreaves"},{"floor":43,"key":"Du-Vu Doll"}],"event_choices":[{"damage_healed":0,"gold_gain":0,"player_choice":"Got Potions","damage_taken":0,"max_hp_gain":0,"max_hp_loss":0,"event_name":"Lab","floor":2,"gold_loss":0},{"damage_healed":0,"gold_gain":0,"player_choice":"Entered Light","damage_taken":14,"max_hp_gain":0,"max_hp_loss":0,"event_name":"Shining Light","floor":13,"gold_loss":0,"cards_upgraded":["Strike_G","Dash"]},{"damage_healed":0,"gold_gain":0,"player_choice":"Ignored","damage_taken":0,"max_hp_gain":0,"max_hp_loss":0,"event_name":"Vampires","floor":22,"gold_loss":0},{"damage_healed":0,"gold_gain":0,"cards_transformed":["Defend_G","Defend_G"],"player_choice":"Became Test Subject","damage_taken":0,"max_hp_gain":0,"max_hp_loss":0,"event_name":"Drug Dealer","floor":23,"gold_loss":0,"cards_obtained":["Eviscerate","Cloak And Dagger"]},{"damage_healed":0,"gold_gain":0,"player_choice":"Fight","damage_taken":0,"max_hp_gain":0,"max_hp_loss":0,"event_name":"Colosseum","floor":24,"gold_loss":0},{"damage_healed":0,"gold_gain":0,"player_choice":"Fled From Nobs","damage_taken":0,"max_hp_gain":0,"max_hp_loss":0,"event_name":"Colosseum","floor":24,"gold_loss":0},{"damage_healed":0,"gold_gain":0,"player_choice":"Fight","damage_taken":0,"max_hp_gain":0,"max_hp_loss":0,"event_name":"MindBloom","floor":36,"gold_loss":0},{"damage_healed":0,"gold_gain":0,"player_choice":"Ignored","damage_taken":0,"max_hp_gain":0,"max_hp_loss":0,"event_name":"Tomb of Lord Red Mask","floor":37,"gold_loss":0},{"damage_healed":0,"gold_gain":0,"player_choice":"Embrace Madness","damage_taken":9,"max_hp_gain":0,"max_hp_loss":0,"event_name":"Winding Halls","floor":38,"gold_loss":0,"cards_obtained":["Madness","Madness"]}],"is_beta":false,"boss_relics":[{"not_picked":["Ectoplasm","Calling Bell"],"picked":"Sozu"},{"not_picked":["Velvet Choker","Eternal Feather"],"picked":"Orrery"}],"items_purged_floors":[30],"is_endless":false,"potions_floor_spawned":[4,8,11,12,16,19,29,35,36,40,48],"killed_by":"Awakened One","ascension_level":0}