{"gold_per_floor":[109,109,109,109,119,147,147,182,208,133,133,148,148,183,183,257,257,274,306,316,316,334,349,349,33,107,107,137,137,37,65,65,138,138,156,378,378,1377,1377,1377,887,910,910,930,202,69,69],"floor_reached":47,"playtime":1582,"items_purged":["Strike_R","Decay","Normality","Normality"],"score":1046,"play_id":"28b34032-f61d-47bc-bbab-7c04772f09cb","local_time":"20190908191311","is_ascension_mode":true,"campfire_choices":[{"data":"Clothesline","floor":7.0,"key":"SMITH"},{"data":"Anger","floor":11.0,"key":"SMITH"},{"data":"Power Through","floor":13.0,"key":"SMITH"},{"data":"Headbutt","floor":15.0,"key":"SMITH"},{"floor":24.0,"key":"REST"},{"floor":29.0,"key":"REST"},{"floor":32.0,"key":"REST"},{"data":"Demon Form","floor":40,"key":"SMITH"}],"neow_cost":"NONE","seed_source_timestamp":652527442773000,"circlet_count":0,"master_deck":["AscendersBane","Strike_R","Strike_R+1","Strike_R","Defend_R","Defend_R","Defend_R","Defend_R","Bash+1","Clothesline+1","Anger+1","Power Through+1","Second Wind","Feel No Pain","Headbutt+1","Demon Form+1","Feel No Pain","True Grit","Power Through","Entrench","Corruption","Reaper","Shrug It Off","Twin Strike","Heavy Blade+1","Whirlwind+1","Shrug It Off"],"special_seed":0,"relics":["Burning Blood","NeowsBlessing","Orichalcum","Regal Pillow","Bag of Marbles","Oddly Smooth Stone","Velvet Choker","Red Mask","Bag of Preparation","Pantograph","Ancient Tea Set","Pen Nib","Busted Crown","Mango","PreservedInsect","Molten Egg 2","Self Forming Clay"],"potions_floor_usage":[33],"damage_taken":[{"damage":0.0,"enemies":"Cultist","floor":1.0,"turns":1.0},{"damage":0.0,"enemies":"2 Louse","floor":5.0,"turns":1.0},{"damage":0.0,"enemies":"Gremlin Nob","floor":6.0,"turns":1.0},{"damage":20.0,"enemies":"Lagavulin","floor":8.0,"turns":6.0},{"damage":0.0,"enemies":"Small Slimes","floor":12.0,"turns":2.0},{"damage":12.0,"enemies":"Gremlin Nob","floor":14.0,"turns":4.0},{"damage":61.0,"enemies":"Slime Boss","floor":16.0,"turns":13.0},{"damage":3.0,"enemies":"Chosen","floor":18.0,"turns":5.0},{"damage":37.0,"enemies":"Masked Bandits","floor":19.0,"turns":7.0},{"damage":10.0,"enemies":"Spheric Guardian","floor":20.0,"turns":5.0},{"damage":12.0,"enemies":"Snake Plant","floor":22.0,"turns":5.0},{"damage":7.0,"enemies":"Sentry and Sphere","floor":23.0,"turns":6.0},{"damage":41.0,"enemies":"Gremlin Leader","floor":28.0,"turns":7.0},{"damage":41.0,"enemies":"Slavers","floor":31.0,"turns":9.0},{"damage":58,"enemies":"Automaton","floor":33,"turns":11},{"damage":48,"enemies":"3 Darklings","floor":35,"turns":8},{"damage":0,"enemies":"3 Shapes","floor":44,"turns":10},{"damage":92,"enemies":"Reptomancer","floor":47,"turns":3}],"seed_played":"816494087663504004","potions_obtained":[{"floor":5.0,"key":"BloodPotion"},{"floor":12.0,"key":"FearPotion"},{"floor":16.0,"key":"Poison Potion"},{"floor":19.0,"key":"Weak Potion"},{"floor":22.0,"key":"PowerPotion"},{"floor":23.0,"key":"Fire Potion"},{"floor":31.0,"key":"Explosive Potion"},{"floor":33,"key":"PowerPotion"},{"floor":35,"key":"Regen Potion"}],"is_trial":false,"path_per_floor":["M","$","?","?","M","E","R","E","T","?","R","M","R","E","R","B",null,"M","?","M","?","M","M","R","$","T","?","E","R","$","E","R","B",null,"M","?","?","?","?","R","$","T","T","M","$","$","E"],"character_chosen":"IRONCLAD","items_purchased":["Corruption","Bag of Preparation","Shrug It Off","Mango","Molten Egg 2","Self Forming Clay","Heavy Blade+1","Whirlwind+1","Shrug It Off"],"campfire_rested":3,"item_purchase_floors":[25,25,41,41,45,45,45,46,46],"current_hp_per_floor":[74,74,51,51,57,63,63,49,49,49,49,55,55,49,49,12,59,62,31,27,27,21,20,57,57,57,57,22,59,59,24,61,23,62,68,68,68,68,68,68,82,82,82,85,85,85,0],"gold":69,"neow_bonus":"THREE_ENEMY_KILL","is_prod":false,"is_daily":false,"chose_seed":false,"campfire_upgraded":5,"win_rate":0,"timestamp":1567995191,"path_taken":["M","?","?","?","M","E","R","E","T","?","R","M","R","E","R","BOSS","M","?","M","?","M","M","R","$","T","?","E","R","?","E","R","BOSS","M","?","?","?","?","R","$","?","T","?","?","$","E"],"build_version":"2019-07-17","purchased_purges":4,"victory":false,"max_hp_per_floor":[75,75,75,75,75,75,75,75,75,75,75,75,75,75,75,75,75,75,75,75,75,75,75,75,75,75,75,75,75,75,75,75,75,75,75,75,75,75,71,71,85,85,85,85,85,85,85],"card_choices":[{"not_picked":["Twin Strike","Rupture"],"picked":"Clothesline","floor":1.0},{"not_picked":["Warcry","Flex"],"picked":"Anger","floor":5.0},{"not_picked":["Body Slam","Seeing Red"],"picked":"Power Through","floor":6.0},{"not_picked":["Power Through","Whirlwind"],"picked":"Second Wind","floor":8.0},{"not_picked":["Seeing Red","Warcry"],"picked":"Feel No Pain","floor":12.0},{"not_picked":["Sword Boomerang","Feel No Pain"],"picked":"Headbutt","floor":14.0},{"not_picked":["Limit Break","Barricade"],"picked":"Demon Form","floor":16.0},{"not_picked":["Fire Breathing","Sever Soul"],"picked":"Feel No Pain","floor":18.0},{"not_picked":["Iron Wave","Havoc"],"picked":"True Grit","floor":20.0},{"not_picked":["Thunderclap","Heavy Blade+1"],"picked":"Power Through","floor":22.0},{"not_picked":["Rampage","Blood for Blood"],"picked":"Entrench","floor":23.0},{"not_picked":["Seeing Red","Ghostly Armor","Bloodletting"],"picked":"SKIP","floor":28.0},{"not_picked":["Demon Form","Dropkick"],"picked":"Body Slam","floor":31.0},{"not_picked":["Limit Break","Berserk"],"picked":"Reaper","floor":33},{"not_picked":["Clash"],"picked":"SKIP","floor":35},{"not_picked":[],"picked":"Twin Strike","floor":44}],"player_experience":897675,"relics_obtained":[{"floor":6.0,"key":"Orichalcum"},{"floor":8.0,"key":"Regal Pillow"},{"floor":9.0,"key":"Bag of Marbles"},{"floor":14.0,"key":"Oddly Smooth Stone"},{"floor":19.0,"key":"Red Mask"},{"floor":26.0,"key":"Pantograph"},{"floor":28.0,"key":"Ancient Tea Set"},{"floor":31.0,"key":"Pen Nib"},{"floor":42,"key":"PreservedInsect"}],"event_choices":[{"damage_healed":0.0,"max_hp_gain":0.0,"max_hp_loss":0.0,"gold_gain":0.0,"event_name":"Shining Light","player_choice":"Entered Light","floor":3.0,"gold_loss":0.0,"damage_taken":23.0,"cards_upgraded":["Strike_R","Bash"]},{"damage_healed":0.0,"max_hp_gain":0.0,"max_hp_loss":0.0,"gold_gain":0.0,"event_name":"Liars Game","player_choice":"Ignored","floor":4.0,"gold_loss":0.0,"damage_taken":0.0},{"cards_removed":["Strike_R"],"damage_healed":0.0,"max_hp_gain":0.0,"max_hp_loss":0.0,"gold_gain":0.0,"event_name":"The Cleric","player_choice":"Card Removal","floor":10.0,"gold_loss":75.0,"damage_taken":0.0},{"damage_healed":0.0,"max_hp_gain":0.0,"max_hp_loss":0.0,"gold_gain":0.0,"event_name":"Masked Bandits","player_choice":"Fought Bandits","floor":19.0,"gold_loss":0.0,"damage_taken":0.0},{"damage_healed":0.0,"max_hp_gain":0.0,"max_hp_loss":0.0,"gold_gain":0.0,"event_name":"Forgotten Altar","player_choice":"Smashed Altar","floor":21.0,"gold_loss":0.0,"damage_taken":0.0,"cards_obtained":["Decay"]},{"damage_healed":0.0,"max_hp_gain":0.0,"max_hp_loss":0.0,"gold_gain":0.0,"event_name":"Vampires","player_choice":"Ignored","floor":27.0,"gold_loss":0.0,"damage_taken":0.0},{"damage_healed":0,"gold_gain":222,"player_choice":"Wore Mask","damage_taken":0,"max_hp_gain":0,"max_hp_loss":0,"event_name":"Tomb of Lord Red Mask","floor":36,"gold_loss":0},{"cards_removed":["Body Slam"],"damage_healed":0,"gold_gain":0,"player_choice":"Removed Attack","damage_taken":0,"max_hp_gain":0,"max_hp_loss":0,"event_name":"Falling","floor":37,"gold_loss":0},{"damage_healed":0,"gold_gain":999,"player_choice":"Gold","damage_taken":0,"max_hp_gain":0,"max_hp_loss":0,"event_name":"MindBloom","floor":38,"gold_loss":0,"cards_obtained":["Normality","Normality"]},{"damage_healed":0,"gold_gain":0,"player_choice":"Max HP","damage_taken":0,"max_hp_gain":0,"max_hp_loss":4,"event_name":"Winding Halls","floor":39,"gold_loss":0}],"is_beta":false,"boss_relics":[{"not_picked":["Runic Pyramid","Fusion Hammer"],"picked":"Velvet Choker"},{"not_picked":["Runic Cube","Orrery"],"picked":"Busted Crown"}],"items_purged_floors":[25,30,41,45],"is_endless":false,"potions_floor_spawned":[5,12,16,19,22,23,31,33,35,44],"killed_by":"Reptomancer","ascension_level":20}