{"gold_per_floor":[16,16,30,30,30,30,59,59,59,9,25,25,44,62,62,141,141,157,116,116,116,127,127],"floor_reached":23,"playtime":670,"items_purged":["Pain"],"score":378,"play_id":"3de79908-ebcf-4687-a9dc-e22362b7d97a","local_time":"20190903174754","is_ascension_mode":true,"campfire_choices":[{"data":"Rage","floor":6,"key":"SMITH"},{"data":"Anger","floor":8,"key":"SMITH"},{"data":"Corruption","floor":12,"key":"SMITH"},{"data":"Bash","floor":15,"key":"SMITH"}],"neow_cost":"NO_GOLD","seed_source_timestamp":216679850918800,"circlet_count":0,"master_deck":["AscendersBane","Strike_R","Strike_R","Strike_R","Strike_R","Defend_R","Defend_R","Defend_R","Bash+1","Rage+1","Entrench+1","Anger+1","Twin Strike","Thunderclap","Corruption+1","Second Wind","Double Tap","Shockwave","Feel No Pain","Body Slam"],"relics":["Burning Blood","Gambling Chip","WarpedTongs","Smiling Mask","Meat on the Bone","Mark of Pain"],"potions_floor_usage":[16],"damage_taken":[{"damage":14,"enemies":"Cultist","floor":1,"turns":5},{"damage":2,"enemies":"2 Louse","floor":3,"turns":3},{"damage":24,"enemies":"Lagavulin","floor":7,"turns":5},{"damage":0,"enemies":"Jaw Worm","floor":11,"turns":2},{"damage":0,"enemies":"Looter","floor":13,"turns":2},{"damage":12,"enemies":"Lots of Slimes","floor":14,"turns":4},{"damage":45,"enemies":"Hexaghost","floor":16,"turns":10},{"damage":18,"enemies":"Chosen","floor":18,"turns":4},{"damage":27,"enemies":"3 Byrds","floor":22,"turns":8},{"damage":52,"enemies":"Gremlin Leader","floor":23,"turns":6}],"seed_played":"-8951323985288934014","potions_obtained":[{"floor":11,"key":"GamblersBrew"},{"floor":14,"key":"AttackPotion"}],"is_trial":false,"path_per_floor":["M","T","M","?","?","R","E","R","T","$","M","R","M","M","R","B",null,"M","$","?","?","M","E"],"character_chosen":"IRONCLAD","items_purchased":["Feel No Pain"],"campfire_rested":0,"item_purchase_floors":[19],"current_hp_per_floor":[60,60,64,64,64,64,46,46,46,46,52,52,58,52,52,25,63,51,51,51,51,42,0],"gold":127,"neow_bonus":"TRANSFORM_TWO_CARDS","is_prod":false,"is_daily":false,"chose_seed":false,"campfire_upgraded":4,"win_rate":0,"timestamp":1567558074,"path_taken":["M","?","?","?","?","R","E","R","T","$","M","R","?","M","R","BOSS","M","$","?","?","?","E"],"build_version":"2019-07-17","purchased_purges":1,"victory":false,"max_hp_per_floor":[75,75,75,75,75,75,75,75,75,75,75,75,75,75,75,75,75,75,75,75,75,75,75],"card_choices":[{"not_picked":["Shrug It Off","Cleave"],"picked":"Anger","floor":1},{"not_picked":["Clothesline","Blood for Blood"],"picked":"Twin Strike","floor":3},{"not_picked":["Dark Embrace","Wild Strike"],"picked":"Thunderclap","floor":7},{"not_picked":["Twin Strike","Iron Wave"],"picked":"Corruption","floor":11},{"not_picked":["Iron Wave","Cleave","Fire Breathing"],"picked":"SKIP","floor":13},{"not_picked":["Uppercut","Ghostly Armor"],"picked":"Second Wind","floor":14},{"not_picked":["Exhume","Fiend Fire"],"picked":"Double Tap","floor":16},{"not_picked":["Hemokinesis","Thunderclap"],"picked":"Shockwave","floor":18},{"not_picked":["Fire Breathing","Anger"],"picked":"Body Slam","floor":22}],"player_experience":849738,"relics_obtained":[{"floor":2,"key":"Gambling Chip"},{"floor":7,"key":"Smiling Mask"},{"floor":9,"key":"Meat on the Bone"}],"event_choices":[{"damage_healed":0,"gold_gain":0,"player_choice":"Grow","damage_taken":0,"max_hp_gain":0,"max_hp_loss":0,"event_name":"Living Wall","floor":4,"gold_loss":0,"cards_upgraded":["Entrench"]},{"damage_healed":0,"gold_gain":0,"player_choice":"Rummage","damage_taken":0,"relics_obtained":["WarpedTongs"],"max_hp_gain":0,"max_hp_loss":0,"event_name":"Accursed Blacksmith","floor":5,"gold_loss":0,"cards_obtained":["Pain"]},{"damage_healed":0,"gold_gain":0,"player_choice":"Ignored","damage_taken":0,"max_hp_gain":0,"max_hp_loss":0,"event_name":"Beggar","floor":20,"gold_loss":0},{"damage_healed":0,"gold_gain":0,"player_choice":"Ignored","damage_taken":0,"max_hp_gain":0,"max_hp_loss":0,"event_name":"N\u0027loth","floor":21,"gold_loss":0}],"is_beta":false,"boss_relics":[{"not_picked":["Coffee Dripper","Orrery"],"picked":"Mark of Pain"}],"items_purged_floors":[10],"is_endless":false,"potions_floor_spawned":[11,14],"killed_by":"Gremlin Leader","ascension_level":20}