{"gold_per_floor":[119,139,214,214,214,241,241,253,253,59,72,72,107,126,126,231,231,186,186,186,40,40,40,40,40,40,40,40,40,40,40,40,40,40,40,40,40,40,40,40,40,40,40,40,40,40,40,40,40,40,40,40,40,40],"floor_reached":54,"playtime":4694,"items_purged":[],"score":777,"play_id":"49deb268-17f3-4f26-adcf-38dc1119e97e","local_time":"20190831192345","is_ascension_mode":true,"campfire_choices":[{"floor":7,"key":"REST"},{"floor":15,"key":"REST"},{"floor":23,"key":"RECALL"},{"data":"Acrobatics","floor":27,"key":"SMITH"},{"floor":32,"key":"REST"},{"data":"Acrobatics","floor":40,"key":"SMITH"},{"floor":46,"key":"REST"},{"data":"Dodge and Roll","floor":49,"key":"SMITH"},{"data":"PiercingWail","floor":52,"key":"SMITH"}],"neow_cost":"NONE","seed_source_timestamp":9322995117400,"circlet_count":0,"master_deck":["Strike_G","Strike_G","Strike_G+1","Defend_G","Defend_G","Defend_G","Survivor","Neutralize","Predator","Skewer","Crippling Poison","Leg Sweep","Acrobatics+1","Bouncing Flask","Skewer","Bullet Time","Dodge and Roll+1","PiercingWail+1","Reflex","Skewer","Leg Sweep+1","Dash","PiercingWail+1","Acrobatics+1","Cloak And Dagger+1","Night Terror","Adrenaline+1","Dagger Spray+1","Riddle With Holes+1","Dash+1","Dodge and Roll+1","Backflip+1","Dagger Throw+1","Parasite","Deflect+1","Calculated Gamble+1","Footwork"],"relics":["Ring of the Snake","Thread and Needle","Chemical X","StoneCalendar","Ectoplasm","Bronze Scales","Happy Flower","Astrolabe","Whetstone"],"potions_floor_usage":[33,33,33,44,50],"damage_taken":[{"damage":0,"enemies":"2 Louse","floor":1,"turns":2},{"damage":0,"enemies":"Small Slimes","floor":2,"turns":3},{"damage":29,"enemies":"3 Sentries","floor":6,"turns":11},{"damage":0,"enemies":"Cultist","floor":8,"turns":4},{"damage":10,"enemies":"Large Slime","floor":11,"turns":5},{"damage":11,"enemies":"Gremlin Nob","floor":13,"turns":4},{"damage":4,"enemies":"Gremlin Gang","floor":14,"turns":3},{"damage":0,"enemies":"The Guardian","floor":16,"turns":9},{"damage":3,"enemies":"2 Thieves","floor":18,"turns":4},{"damage":0,"enemies":"Chosen","floor":19,"turns":4},{"damage":1,"enemies":"3 Cultists","floor":20,"turns":6},{"damage":5,"enemies":"Shelled Parasite and Fungi","floor":22,"turns":4},{"damage":0,"enemies":"Snecko","floor":25,"turns":3},{"damage":15,"enemies":"Snake Plant","floor":28,"turns":2},{"damage":0,"enemies":"Chosen and Byrds","floor":29,"turns":5},{"damage":0,"enemies":"Centurion and Healer","floor":30,"turns":6},{"damage":10,"enemies":"3 Cultists","floor":31,"turns":5},{"damage":33,"enemies":"Champ","floor":33,"turns":12},{"damage":0,"enemies":"3 Shapes","floor":35,"turns":5},{"damage":8,"enemies":"Orb Walker","floor":36,"turns":3},{"damage":4,"enemies":"Writhing Mass","floor":37,"turns":4},{"damage":8,"enemies":"Sphere and 2 Shapes","floor":38,"turns":7},{"damage":0,"enemies":"3 Darklings","floor":39,"turns":4},{"damage":5,"enemies":"Writhing Mass","floor":44,"turns":7},{"damage":14,"enemies":"Sphere and 2 Shapes","floor":45,"turns":7},{"damage":0,"enemies":"3 Darklings","floor":48,"turns":6},{"damage":41,"enemies":"Donu and Deca","floor":50,"turns":14},{"damage":66,"enemies":"Shield and Spear","floor":54,"turns":3}],"seed_played":"2588038492083668923","potions_obtained":[{"floor":1,"key":"Ancient Potion"},{"floor":8,"key":"Dexterity Potion"},{"floor":11,"key":"Swift Potion"},{"floor":36,"key":"Block Potion"},{"floor":38,"key":"Dexterity Potion"}],"is_trial":false,"path_per_floor":["M","M","?","?","?","E","R","M","T","$","M","$","E","M","R","B",null,"M","M","M","$","M","R","?","M","T","R","M","M","M","M","R","B",null,"M","M","M","M","M","R","?","?","T","M","M","R","$","M","R","B",null,"R","$","E"],"character_chosen":"THE_SILENT","items_purchased":["Chemical X","Bronze Scales"],"campfire_rested":4,"item_purchase_floors":[10,21],"current_hp_per_floor":[70,70,59,59,59,30,51,51,51,51,41,41,30,26,47,47,70,67,67,66,66,61,61,54,54,54,54,39,39,39,29,50,17,70,70,62,58,50,50,50,50,50,50,45,31,50,50,50,50,9,66,66,66,0],"gold":40,"neow_bonus":"REMOVE_CARD","is_prod":false,"is_daily":false,"chose_seed":false,"campfire_upgraded":4,"win_rate":0,"timestamp":1567297425,"path_taken":["M","M","?","?","?","E","R","M","T","$","M","$","E","M","R","BOSS","M","?","M","$","M","R","?","?","T","R","M","M","?","M","R","BOSS","M","M","M","M","M","R","?","?","T","M","M","R","$","M","R","BOSS","R","$","E"],"build_version":"2019-07-17","purchased_purges":0,"victory":false,"max_hp_per_floor":[70,70,70,70,70,70,70,70,70,70,70,70,70,70,70,70,70,70,70,70,70,70,70,70,70,70,70,70,70,70,70,70,70,70,70,70,70,70,70,70,66,66,66,66,66,66,66,66,66,66,66,66,66,66],"card_choices":[{"not_picked":["Underhanded Strike","Accuracy"],"picked":"Predator","floor":1},{"not_picked":["Flying Knee","Distraction"],"picked":"Skewer","floor":2},{"not_picked":["Deadly Poison","Terror"],"picked":"Crippling Poison","floor":6},{"not_picked":["Crippling Poison","Bane"],"picked":"Leg Sweep","floor":8},{"not_picked":["Concentrate","Deadly Poison"],"picked":"Acrobatics","floor":11},{"not_picked":["Predator","Bane"],"picked":"Bouncing Flask","floor":13},{"not_picked":["Acrobatics","Deadly Poison"],"picked":"Skewer","floor":14},{"not_picked":["Grand Finale","After Image"],"picked":"Bullet Time","floor":16},{"not_picked":["Concentrate","Tactician"],"picked":"Dodge and Roll","floor":18},{"not_picked":["Blade Dance+1","Prepared"],"picked":"PiercingWail","floor":19},{"not_picked":["PiercingWail","Deflect+1"],"picked":"Reflex","floor":20},{"not_picked":["Sucker Punch","Flying Knee+1"],"picked":"Skewer","floor":22},{"not_picked":["Dagger Spray+1","Cloak And Dagger"],"picked":"Leg Sweep+1","floor":25},{"not_picked":["Grand Finale","Dagger Spray+1"],"picked":"Dash","floor":28},{"not_picked":["Prepared+1","Deadly Poison"],"picked":"PiercingWail+1","floor":29},{"not_picked":["Bane","Deflect"],"picked":"Acrobatics","floor":30},{"not_picked":["Masterful Stab+1","Dash"],"picked":"Cloak And Dagger+1","floor":31},{"not_picked":["Grand Finale","Corpse Explosion"],"picked":"Night Terror","floor":33},{"not_picked":["Choke","Dagger Throw+1"],"picked":"Dash","floor":35},{"not_picked":["Concentrate+1","Endless Agony"],"picked":"Dodge and Roll+1","floor":36},{"not_picked":["Footwork+1","Calculated Gamble"],"picked":"Backflip+1","floor":37},{"not_picked":["Quick Slash","Slice"],"picked":"Accuracy+1","floor":38},{"not_picked":["Dagger Spray+1","Bane"],"picked":"Dagger Throw+1","floor":39},{"not_picked":["Slice","Dagger Throw"],"picked":"Deflect+1","floor":44},{"not_picked":["Skewer+1","Choke"],"picked":"Calculated Gamble+1","floor":45},{"not_picked":["Quick Slash+1","Skewer+1"],"picked":"Footwork","floor":48}],"player_experience":261531,"relics_obtained":[{"floor":6,"key":"Thread and Needle"},{"floor":13,"key":"StoneCalendar"},{"floor":26,"key":"Happy Flower"},{"floor":43,"key":"Whetstone"}],"event_choices":[{"damage_healed":0,"gold_gain":75,"player_choice":"Gather Gold","damage_taken":11,"max_hp_gain":0,"max_hp_loss":0,"event_name":"World of Goop","floor":3,"gold_loss":0},{"damage_healed":0,"gold_gain":0,"player_choice":"Ignored","damage_taken":0,"max_hp_gain":0,"max_hp_loss":0,"event_name":"Liars Game","floor":4,"gold_loss":0},{"damage_healed":0,"gold_gain":0,"player_choice":"Bought 0 Potions","damage_taken":0,"max_hp_gain":0,"max_hp_loss":0,"event_name":"The Woman in Blue","floor":5,"gold_loss":0},{"damage_healed":0,"gold_gain":75,"player_choice":"Touch","damage_taken":7,"max_hp_gain":0,"max_hp_loss":0,"event_name":"FaceTrader","floor":24,"gold_loss":0},{"damage_healed":0,"gold_gain":0,"player_choice":"Max HP","damage_taken":0,"max_hp_gain":0,"max_hp_loss":4,"event_name":"Winding Halls","floor":41,"gold_loss":0},{"cards_removed":["Accuracy"],"damage_healed":0,"gold_gain":0,"player_choice":"Removed Power","damage_taken":0,"max_hp_gain":0,"max_hp_loss":0,"event_name":"Falling","floor":42,"gold_loss":0}],"is_beta":false,"boss_relics":[{"not_picked":["Runic Dome","Busted Crown"],"picked":"Ectoplasm"},{"not_picked":["Ring of the Serpent","Tiny House"],"picked":"Astrolabe"}],"items_purged_floors":[],"is_endless":false,"potions_floor_spawned":[1,8,11,18,25,28,31,36,38],"killed_by":"Shield and Spear","ascension_level":2}