{"gold_per_floor":[111,129,141,91,102,133,133,133,133,103,123,123,134,154,154,257,257,270,41,110,160,178,178,192,202,248,298,298],"floor_reached":28,"playtime":1744,"items_purged":["Strike_R"],"score":224,"play_id":"0065de23-9bbb-46f0-abb0-247cfb3029d6","local_time":"20190909204923","is_ascension_mode":false,"campfire_choices":[{"floor":8,"key":"REST"},{"floor":12,"key":"REST"},{"floor":15,"key":"REST"},{"data":"Rampage","floor":23,"key":"SMITH"}],"neow_cost":"NONE","seed_source_timestamp":279728224700,"circlet_count":0,"master_deck":["Strike_R","Strike_R","Defend_R","Defend_R","Defend_R","Defend_R","Bash","Twin Strike","Power Through","Metallicize","Rage","Shockwave","Combust","Feel No Pain","Rampage+1","Seeing Red","Offering","Fire Breathing+1","Rupture","Shrug It Off","True Grit"],"relics":["Burning Blood","Gambling Chip","SsserpentHead","The Courier","Snecko Eye","Anchor","Smiling Mask"],"potions_floor_usage":[16,18,24,25],"damage_taken":[{"damage":6,"enemies":"Cultist","floor":1,"turns":3},{"damage":3,"enemies":"Jaw Worm","floor":2,"turns":4},{"damage":1,"enemies":"2 Louse","floor":3,"turns":3},{"damage":20,"enemies":"Lots of Slimes","floor":5,"turns":7},{"damage":58,"enemies":"Gremlin Nob","floor":6,"turns":6},{"damage":8,"enemies":"Looter","floor":11,"turns":3},{"damage":9,"enemies":"Blue Slaver","floor":13,"turns":4},{"damage":16,"enemies":"Large Slime","floor":14,"turns":7},{"damage":37,"enemies":"Slime Boss","floor":16,"turns":12},{"damage":5,"enemies":"2 Thieves","floor":18,"turns":5},{"damage":17,"enemies":"Chosen","floor":20,"turns":7},{"damage":14,"enemies":"Snake Plant","floor":22,"turns":6},{"damage":42,"enemies":"Centurion and Healer","floor":24,"turns":9},{"damage":13,"enemies":"Shelled Parasite and Fungi","floor":25,"turns":6},{"damage":17,"enemies":"Colosseum Slavers","floor":27,"turns":7},{"damage":15,"enemies":"Slavers","floor":28,"turns":2}],"seed_played":"-4072249705706255272","potions_obtained":[{"floor":2,"key":"GamblersBrew"},{"floor":3,"key":"FearPotion"},{"floor":6,"key":"SteroidPotion"},{"floor":18,"key":"Energy Potion"},{"floor":20,"key":"SteroidPotion"},{"floor":24,"key":"Energy Potion"}],"is_trial":false,"path_per_floor":["M","M","M","?","M","E","?","R","T","$","M","R","M","M","R","B",null,"M","$","M","?","M","R","M","M","T","?","E"],"character_chosen":"IRONCLAD","items_purchased":["Combust","Rupture","Anchor"],"campfire_rested":3,"item_purchase_floors":[10,19,19],"current_hp_per_floor":[88,88,88,88,74,22,22,48,48,48,46,72,69,59,85,54,88,88,88,77,77,69,69,33,26,26,15,0],"gold":298,"neow_bonus":"TEN_PERCENT_HP_BONUS","is_prod":false,"is_daily":false,"chose_seed":false,"campfire_upgraded":1,"win_rate":0,"timestamp":1568033363,"path_taken":["M","?","M","?","M","E","?","R","T","$","M","R","M","M","R","BOSS","M","$","?","?","M","R","M","M","T","?","E"],"build_version":"2019-07-17","purchased_purges":1,"victory":false,"max_hp_per_floor":[88,88,88,88,88,88,88,88,88,88,88,88,88,88,88,88,88,88,88,88,88,88,88,88,88,88,88,88],"card_choices":[{"not_picked":["Warcry","Thunderclap"],"picked":"Twin Strike","floor":1},{"not_picked":["Feel No Pain","Entrench"],"picked":"Power Through","floor":2},{"not_picked":["Thunderclap","Armaments"],"picked":"Metallicize","floor":3},{"not_picked":["Dropkick","Anger"],"picked":"Rage","floor":5},{"not_picked":["Cleave","Wild Strike"],"picked":"Shockwave","floor":6},{"not_picked":["Blood for Blood","Power Through"],"picked":"Feel No Pain","floor":11},{"not_picked":["Havoc","Pommel Strike"],"picked":"Rampage","floor":13},{"not_picked":["Clothesline","Fire Breathing"],"picked":"Seeing Red","floor":14},{"not_picked":["Bludgeon","Exhume"],"picked":"Offering","floor":16},{"not_picked":["Sentinel+1","Flex+1"],"picked":"Fire Breathing+1","floor":18},{"not_picked":["Reckless Charge+1","Ghostly Armor"],"picked":"Shrug It Off","floor":20},{"not_picked":["Twin Strike+1","Flex","Anger"],"picked":"SKIP","floor":22},{"not_picked":["Sword Boomerang+1","Wild Strike+1"],"picked":"True Grit","floor":24},{"not_picked":["Metallicize","Burning Pact","Sword Boomerang"],"picked":"SKIP","floor":25}],"player_experience":339193,"relics_obtained":[{"floor":6,"key":"Gambling Chip"},{"floor":9,"key":"The Courier"},{"floor":26,"key":"Smiling Mask"}],"event_choices":[{"cards_removed":["Strike_R"],"damage_healed":0,"gold_gain":0,"player_choice":"Card Removal","damage_taken":0,"max_hp_gain":0,"max_hp_loss":0,"event_name":"The Cleric","floor":4,"gold_loss":50},{"damage_healed":0,"gold_gain":0,"player_choice":"Trade","damage_taken":0,"relics_obtained":["SsserpentHead"],"max_hp_gain":0,"max_hp_loss":0,"event_name":"FaceTrader","floor":7,"gold_loss":0},{"cards_removed":["Strike_R"],"damage_healed":0,"gold_gain":0,"player_choice":"Elegance","damage_taken":0,"max_hp_gain":0,"max_hp_loss":0,"event_name":"Back to Basics","floor":21,"gold_loss":0},{"damage_healed":0,"gold_gain":0,"player_choice":"Fight","damage_taken":0,"max_hp_gain":0,"max_hp_loss":0,"event_name":"Colosseum","floor":27,"gold_loss":0},{"damage_healed":0,"gold_gain":0,"player_choice":"Fled From Nobs","damage_taken":0,"max_hp_gain":0,"max_hp_loss":0,"event_name":"Colosseum","floor":27,"gold_loss":0}],"is_beta":false,"boss_relics":[{"not_picked":["Tiny House","Calling Bell"],"picked":"Snecko Eye"}],"items_purged_floors":[19],"is_endless":false,"potions_floor_spawned":[2,3,6,18,20,24,27],"killed_by":"Slavers","ascension_level":0}