{"gold_per_floor":[109,109,184,31,51,51,64,98,98,98,113,113],"floor_reached":12,"playtime":396,"items_purged":["Strike_B"],"score":78,"play_id":"df7a48fd-80e1-4d82-8283-e1535197d32d","local_time":"20190906225258","is_ascension_mode":false,"campfire_choices":[{"data":"Static Discharge","floor":6,"key":"SMITH"},{"floor":10,"key":"REST"}],"neow_cost":"NONE","seed_source_timestamp":1191625300600,"circlet_count":0,"master_deck":["Strike_B","Strike_B","Defend_B","Defend_B","Defend_B","Defend_B","Zap","Dualcast","Multi-Cast","Capacitor","Regret","Static Discharge+1","Gash+1","Doom and Gloom+1","Loop","Go for the Eyes+1"],"relics":["Cracked Core","Molten Egg 2","Shuriken","Meat on the Bone"],"potions_floor_usage":[11],"damage_taken":[{"damage":6,"enemies":"Cultist","floor":1,"turns":3},{"damage":5,"enemies":"Small Slimes","floor":5,"turns":3},{"damage":2,"enemies":"Jaw Worm","floor":7,"turns":3},{"damage":45,"enemies":"Gremlin Nob","floor":8,"turns":4},{"damage":10,"enemies":"Gremlin Gang","floor":11,"turns":2},{"damage":38,"enemies":"3 Sentries","floor":12,"turns":4}],"seed_played":"3710920835486644181","potions_obtained":[{"floor":1,"key":"SkillPotion"}],"is_trial":false,"path_per_floor":["M","?","?","$","M","R","M","E","T","R","M","E"],"character_chosen":"DEFECT","items_purchased":["Static Discharge"],"campfire_rested":1,"item_purchase_floors":[4],"current_hp_per_floor":[69,69,58,58,53,53,51,6,6,28,30,0],"gold":113,"neow_bonus":"TRANSFORM_CARD","is_prod":false,"is_daily":false,"chose_seed":false,"campfire_upgraded":1,"win_rate":0,"timestamp":1567781578,"path_taken":["M","?","?","?","M","R","M","E","T","R","M","E"],"build_version":"2019-07-17","purchased_purges":1,"victory":false,"max_hp_per_floor":[75,75,75,75,75,75,75,75,75,75,75,75],"card_choices":[{"not_picked":["Leap","Beam Cell"],"picked":"Capacitor","floor":1},{"not_picked":["Rebound+1","White Noise"],"picked":"Gash+1","floor":5},{"not_picked":["Stack","Fission"],"picked":"Doom and Gloom+1","floor":7},{"not_picked":["Capacitor","Auto Shields"],"picked":"Loop","floor":8},{"not_picked":["Conserve Battery","Sweeping Beam+1"],"picked":"Go for the Eyes+1","floor":11}],"player_experience":300911,"relics_obtained":[{"floor":8,"key":"Shuriken"},{"floor":9,"key":"Meat on the Bone"}],"event_choices":[{"damage_healed":0,"gold_gain":0,"player_choice":"Box","damage_taken":0,"relics_obtained":["Molten Egg 2"],"max_hp_gain":0,"max_hp_loss":0,"event_name":"Big Fish","floor":2,"gold_loss":0,"cards_obtained":["Regret"]},{"damage_healed":0,"gold_gain":75,"player_choice":"Gather Gold","damage_taken":11,"max_hp_gain":0,"max_hp_loss":0,"event_name":"World of Goop","floor":3,"gold_loss":0}],"is_beta":false,"boss_relics":[],"items_purged_floors":[4],"is_endless":false,"potions_floor_spawned":[1],"killed_by":"3 Sentries","ascension_level":0}