{"gold_per_floor":[109,109,129,148,164,220,220,238,238,252,252],"floor_reached":11,"playtime":674,"items_purged":[],"score":119,"play_id":"ea0bdf74-c33d-4ff1-b33c-8f76c7c23181","local_time":"20181217173523","is_ascension_mode":true,"campfire_choices":[{"data":"Rampage","floor":7,"key":"SMITH"}],"neow_cost":"NONE","seed_source_timestamp":365718687758008,"circlet_count":0,"master_deck":["AscendersBane","Strike_R","Strike_R","Strike_R","Strike_R","Defend_R","Defend_R","Defend_R","Defend_R","Bash","Headbutt","Blood for Blood","Twin Strike","Inflame","Sever Soul","Rampage+1","Cleave","Limit Break"],"relics":["Burning Blood","Tiny Chest","Mercury Hourglass"],"potions_floor_usage":[10,10,11,11],"damage_taken":[{"damage":6,"enemies":"Cultist","floor":1,"turns":3},{"damage":11,"enemies":"2 Louse","floor":3,"turns":3},{"damage":7,"enemies":"Small Slimes","floor":4,"turns":3},{"damage":16,"enemies":"Blue Slaver","floor":5,"turns":4},{"damage":32,"enemies":"Gremlin Nob","floor":6,"turns":4},{"damage":16,"enemies":"Exordium Thugs","floor":8,"turns":4},{"damage":11,"enemies":"Looter","floor":10,"turns":3},{"damage":20,"enemies":"Exordium Wildlife","floor":11,"turns":1}],"seed_played":"-127296034091167233","potions_obtained":[{"floor":6,"key":"Dexterity Potion"},{"floor":8,"key":"EntropicBrew"}],"is_trial":false,"path_per_floor":["M","?","M","M","M","E","R","M","T","M","M"],"character_chosen":"IRONCLAD","items_purchased":[],"campfire_rested":0,"item_purchase_floors":[],"current_hp_per_floor":[72,72,67,66,56,30,30,20,20,15,0],"gold":252,"neow_bonus":"REMOVE_CARD","is_prod":false,"is_daily":false,"chose_seed":false,"campfire_upgraded":1,"win_rate":0,"timestamp":1545086123,"path_taken":["M","?","M","M","M","E","R","M","T","M","?"],"build_version":"2018-12-13","purchased_purges":0,"victory":false,"max_hp_per_floor":[80,80,80,80,80,80,80,80,80,80,80],"card_choices":[{"not_picked":["Perfected Strike","Searing Blow"],"picked":"Headbutt","floor":1},{"not_picked":["Body Slam","Heavy Blade"],"picked":"Twin Strike","floor":3},{"not_picked":["Bloodletting","Wild Strike"],"picked":"Inflame","floor":4},{"not_picked":["Havoc","Thunderclap"],"picked":"Sever Soul","floor":5},{"not_picked":["Headbutt","Body Slam"],"picked":"Rampage","floor":6},{"not_picked":["Perfected Strike","Wild Strike"],"picked":"Cleave","floor":8},{"not_picked":["True Grit","Second Wind"],"picked":"Limit Break","floor":10}],"player_experience":420938,"relics_obtained":[{"floor":6,"key":"Tiny Chest"},{"floor":9,"key":"Mercury Hourglass"}],"event_choices":[{"damage_healed":0,"gold_gain":0,"player_choice":"1 cards matched","damage_taken":0,"max_hp_gain":0,"max_hp_loss":0,"event_name":"Match and Keep!","floor":2,"gold_loss":0,"cards_obtained":["Blood for Blood"]}],"is_beta":false,"boss_relics":[],"items_purged_floors":[],"is_endless":false,"potions_floor_spawned":[6,8],"killed_by":"Exordium Wildlife","ascension_level":11}