{"gold_per_floor":[211,227,227,146,146,71,71,95,149,187,199,231,243],"floor_reached":13,"playtime":259,"items_purged":["Strike_R"],"score":149,"play_id":"617767a5-a52a-4b5d-9211-e79ce19e6504","local_time":"20181223044612","is_ascension_mode":true,"campfire_choices":[{"floor":11,"key":"REST"}],"neow_cost":"NONE","seed_source_timestamp":135219872353100,"circlet_count":0,"master_deck":["AscendersBane","Strike_R","Strike_R","Strike_R","Strike_R","Defend_R","Defend_R","Defend_R","Defend_R","Bash","Cleave","Disarm","Flame Barrier","Anger","True Grit"],"relics":["Burning Blood","Golden Idol","Centennial Puzzle","MawBank"],"potions_floor_usage":[],"damage_taken":[{"damage":4,"enemies":"2 Louse","floor":1,"turns":4},{"damage":11,"enemies":"Jaw Worm","floor":2,"turns":4},{"damage":4,"enemies":"Small Slimes","floor":8,"turns":3},{"damage":56,"enemies":"Gremlin Nob","floor":10,"turns":5},{"damage":17,"enemies":"Red Slaver","floor":12,"turns":6},{"damage":0,"enemies":"3 Sentries","floor":13,"turns":1}],"seed_played":"-7386723662470133748","potions_obtained":[{"floor":2,"key":"SkillPotion"},{"floor":10,"key":"SteroidPotion"}],"is_trial":false,"path_per_floor":["M","M","?","$","?","$","?","M","T","E","R","M","E"],"character_chosen":"IRONCLAD","items_purchased":["Flame Barrier"],"campfire_rested":1,"item_purchase_floors":[4],"current_hp_per_floor":[70,65,65,65,65,65,70,72,72,22,43,32,32],"gold":243,"neow_bonus":"HUNDRED_GOLD","is_prod":false,"is_daily":false,"chose_seed":false,"campfire_upgraded":0,"win_rate":0,"timestamp":1545569172,"path_taken":["M","M","?","$","?","$","?","M","T","E","R","M","E"],"build_version":"2018-12-20","purchased_purges":1,"victory":false,"max_hp_per_floor":[75,75,68,68,68,68,73,73,73,73,73,73,73],"card_choices":[{"not_picked":["Sword Boomerang","Combust"],"picked":"Cleave","floor":1},{"not_picked":["Evolve","Flex"],"picked":"Disarm","floor":2},{"not_picked":["Blood for Blood","Ghostly Armor","Sever Soul"],"picked":"SKIP","floor":8},{"not_picked":["Shockwave","Thunderclap"],"picked":"Anger","floor":10},{"not_picked":["Feel No Pain","Thunderclap"],"picked":"True Grit","floor":12}],"player_experience":179512,"relics_obtained":[{"floor":9,"key":"Centennial Puzzle"},{"floor":10,"key":"MawBank"}],"event_choices":[{"damage_healed":0,"gold_gain":0,"player_choice":"Lose Max HP","damage_taken":0,"relics_obtained":["Golden Idol"],"max_hp_gain":0,"max_hp_loss":7,"event_name":"Golden Idol","floor":3,"gold_loss":0},{"damage_healed":0,"gold_gain":0,"player_choice":"Leave","damage_taken":0,"max_hp_gain":0,"max_hp_loss":0,"event_name":"The Cleric","floor":5,"gold_loss":0},{"damage_healed":0,"gold_gain":0,"player_choice":"Donut","damage_taken":0,"max_hp_gain":5,"max_hp_loss":0,"event_name":"Big Fish","floor":7,"gold_loss":0}],"is_beta":false,"boss_relics":[],"items_purged_floors":[6],"is_endless":false,"potions_floor_spawned":[2,10],"killed_by":"3 Sentries","ascension_level":16}