{"gold_per_floor":[118,10,10,26,73,73,103,103,103,103,138,138,158,178,178,249,249,268,268,70,70,70,70,105,105,105,122,147,147,157,177,177,177],"floor_reached":33,"playtime":912,"items_purged":[],"score":582,"play_id":"af441b59-dca9-476d-b877-579542548731","local_time":"20190728195536","is_ascension_mode":true,"campfire_choices":[{"data":"Perfected Strike","floor":6,"key":"SMITH"},{"data":"Juggernaut","floor":8,"key":"SMITH"},{"data":"Whirlwind","floor":10,"key":"SMITH"},{"data":"Inflame","floor":12,"key":"SMITH"},{"data":"Armaments","floor":15,"key":"SMITH"},{"data":"Disarm","floor":23,"key":"SMITH"},{"data":"Perfected Strike","floor":25,"key":"SMITH"},{"data":"Feel No Pain","floor":29,"key":"SMITH"},{"floor":32,"key":"REST"}],"neow_cost":"TEN_PERCENT_HP_LOSS","seed_source_timestamp":995606385900000,"circlet_count":0,"master_deck":["AscendersBane","Strike_R","Strike_R","Strike_R","Strike_R","Defend_R","Defend_R","Defend_R","Defend_R","Bash","Juggernaut+1","Perfected Strike+1","Iron Wave","Whirlwind+1","Inflame+1","Pommel Strike","Uppercut","Armaments+1","Dark Embrace","Disarm+1","Feel No Pain+1","Perfected Strike+1","Shrug It Off","Havoc"],"relics":["Burning Blood","Pocketwatch","Strawberry","Mummified Hand","Gremlin Horn","Shuriken","Runic Dome","Bag of Preparation","Centennial Puzzle","Peace Pipe","Matryoshka"],"potions_floor_usage":[28,33],"damage_taken":[{"damage":2,"enemies":"Cultist","floor":1,"turns":4},{"damage":2,"enemies":"2 Louse","floor":4,"turns":2},{"damage":15,"enemies":"Lagavulin","floor":7,"turns":7},{"damage":27,"enemies":"Gremlin Nob","floor":11,"turns":4},{"damage":12,"enemies":"Jaw Worm","floor":13,"turns":2},{"damage":14,"enemies":"Red Slaver","floor":14,"turns":3},{"damage":18,"enemies":"The Guardian","floor":16,"turns":10},{"damage":0,"enemies":"3 Byrds","floor":18,"turns":3},{"damage":25,"enemies":"Book of Stabbing","floor":24,"turns":5},{"damage":11,"enemies":"Shell Parasite","floor":27,"turns":4},{"damage":34,"enemies":"Slavers","floor":28,"turns":3},{"damage":13,"enemies":"Snake Plant","floor":30,"turns":5},{"damage":0,"enemies":"Snecko","floor":31,"turns":3},{"damage":57,"enemies":"Automaton","floor":33,"turns":8}],"seed_played":"-3058316555876670189","potions_obtained":[{"floor":4,"key":"LiquidBronze"},{"floor":16,"key":"BloodPotion"},{"floor":30,"key":"GamblersBrew"},{"floor":31,"key":"Dexterity Potion"}],"is_trial":false,"path_per_floor":["M","$","?","M","T","R","E","R","T","R","E","R","M","M","R","B",null,"M","?","$","?","?","R","E","R","T","M","E","R","M","M","R","B"],"character_chosen":"IRONCLAD","items_purchased":["Iron Wave","Whirlwind","Feel No Pain","Bag of Preparation"],"campfire_rested":1,"item_purchase_floors":[2,2,20,20],"current_hp_per_floor":[68,68,57,61,68,68,59,59,59,59,38,38,32,24,24,12,59,65,65,65,65,65,65,46,46,46,41,31,31,24,30,52,0],"gold":177,"neow_bonus":"THREE_RARE_CARDS","is_prod":false,"is_daily":false,"chose_seed":false,"campfire_upgraded":8,"win_rate":0,"timestamp":1564368936,"path_taken":["M","?","?","M","?","R","E","R","T","R","E","R","?","M","R","BOSS","M","?","$","?","?","R","E","R","T","?","E","R","M","M","R","BOSS"],"build_version":"2019-07-17","purchased_purges":0,"victory":false,"max_hp_per_floor":[68,68,68,68,75,75,75,75,75,75,75,75,75,75,75,75,75,75,75,75,75,75,75,75,75,75,75,75,75,75,75,75,75],"card_choices":[{"not_picked":["Fiend Fire","Brutality"],"picked":"Juggernaut","floor":0},{"not_picked":["Warcry","Evolve"],"picked":"Perfected Strike","floor":1},{"not_picked":["Clothesline","Sever Soul"],"picked":"Inflame","floor":4},{"not_picked":["Ghostly Armor","Burning Pact","Twin Strike"],"picked":"SKIP","floor":7},{"not_picked":["Pummel","Rampage"],"picked":"Pommel Strike","floor":11},{"not_picked":["Infernal Blade","Heavy Blade"],"picked":"Uppercut","floor":13},{"not_picked":["Perfected Strike","True Grit"],"picked":"Armaments","floor":14},{"not_picked":["Demon Form","Double Tap"],"picked":"Dark Embrace","floor":16},{"not_picked":["Evolve","Rupture","Flex+1"],"picked":"SKIP","floor":18},{"not_picked":["Clothesline","Sentinel"],"picked":"Perfected Strike","floor":24},{"not_picked":["Thunderclap","Armaments","Heavy Blade"],"picked":"SKIP","floor":27},{"not_picked":["Combust","Armaments","Brutality"],"picked":"SKIP","floor":28},{"not_picked":["Headbutt","Armaments"],"picked":"Shrug It Off","floor":30},{"not_picked":["Anger","Whirlwind"],"picked":"Havoc","floor":31}],"player_experience":710899,"relics_obtained":[{"floor":5,"key":"Strawberry"},{"floor":7,"key":"Mummified Hand"},{"floor":9,"key":"Gremlin Horn"},{"floor":11,"key":"Shuriken"},{"floor":24,"key":"Centennial Puzzle"},{"floor":26,"key":"Peace Pipe"},{"floor":28,"key":"Matryoshka"}],"event_choices":[{"damage_healed":0,"gold_gain":0,"player_choice":"Success","damage_taken":11,"relics_obtained":["Pocketwatch"],"max_hp_gain":0,"max_hp_loss":0,"event_name":"Scrap Ooze","floor":3,"gold_loss":0},{"damage_healed":0,"gold_gain":0,"player_choice":"Read","damage_taken":0,"max_hp_gain":0,"max_hp_loss":0,"event_name":"The Library","floor":19,"gold_loss":0,"cards_obtained":["Disarm"]},{"cards_removed":["Strike_R"],"damage_healed":0,"gold_gain":0,"player_choice":"Purged","damage_taken":0,"max_hp_gain":0,"max_hp_loss":0,"event_name":"Purifier","floor":22,"gold_loss":0}],"is_beta":false,"boss_relics":[{"not_picked":["Calling Bell","Busted Crown"],"picked":"Runic Dome"}],"items_purged_floors":[],"is_endless":false,"potions_floor_spawned":[4,16,18,24,30,31],"killed_by":"Automaton","ascension_level":20}