{"gold_per_floor":[109,109,61,61,35,65,65,91,116,145,320,350,350,129,129,201,201,220,120,137,153,153,153,186,186,186,186,38,51,86,113,113,186,186,204,220,220,230,230,230,245,52,52,52,83,83,20,20,20,20],"floor_reached":51,"playtime":1500,"items_purged":["Doubt","Strike_R","Strike_R"],"score":1269,"play_id":"9591e4b0-f6b0-478c-bfa6-a16c19e5c589","local_time":"20181218043845","is_ascension_mode":true,"campfire_choices":[{"floor":7,"key":"REST"},{"data":"Rampage","floor":15,"key":"SMITH"},{"data":"Armaments","floor":23,"key":"SMITH"},{"floor":25,"key":"REST"},{"floor":32,"key":"REST"},{"data":"Limit Break","floor":40,"key":"SMITH"},{"data":"Whirlwind","floor":44,"key":"SMITH"},{"floor":49,"key":"REST"}],"neow_cost":"NONE","seed_source_timestamp":247908680522700,"circlet_count":0,"master_deck":["AscendersBane","Strike_R","Strike_R+1","Defend_R+1","Defend_R","Defend_R+1","Bash","Rampage+1","Headbutt","Clash","Limit Break+1","Twin Strike","Reaper","Armaments+1","Limit Break+1","Clothesline","Whirlwind+1","Shame","Shrug It Off"],"relics":["Burning Blood","NeowsBlessing","War Paint","Du-Vu Doll","Kunai","Lantern","Sundial","WingedGreaves","Vajra","Runic Cube","Magic Flower","Singing Bowl","Bottled Flame","Regal Pillow","Red Mask","Anchor","Cursed Key","Spirit Poop","Membership Card","Molten Egg 2","Gremlin Horn"],"potions_floor_usage":[16,20,24,29,35,35,50,50],"damage_taken":[{"damage":0,"enemies":"2 Louse","floor":1,"turns":1},{"damage":0,"enemies":"3 Sentries","floor":6,"turns":1},{"damage":0,"enemies":"Lagavulin","floor":8,"turns":2},{"damage":23,"enemies":"3 Sentries","floor":10,"turns":8},{"damage":37,"enemies":"The Guardian","floor":16,"turns":9},{"damage":12,"enemies":"Chosen","floor":18,"turns":4},{"damage":30,"enemies":"3 Byrds","floor":20,"turns":6},{"damage":7,"enemies":"Snecko","floor":21,"turns":5},{"damage":48,"enemies":"Gremlin Leader","floor":24,"turns":5},{"damage":17,"enemies":"Snake Plant","floor":29,"turns":4},{"damage":24,"enemies":"Masked Bandits","floor":30,"turns":5},{"damage":93,"enemies":"Champ","floor":33,"turns":10},{"damage":0,"enemies":"Orb Walker","floor":35,"turns":3},{"damage":10,"enemies":"3 Darklings","floor":36,"turns":4},{"damage":35,"enemies":"Spire Growth","floor":38,"turns":5},{"damage":42,"enemies":"4 Shapes","floor":41,"turns":3},{"damage":63,"enemies":"Nemesis","floor":45,"turns":6},{"damage":63,"enemies":"Time Eater","floor":50,"turns":6}],"seed_played":"4033662491737086380","potions_obtained":[{"floor":1,"key":"LiquidBronze"},{"floor":10,"key":"BloodPotion"},{"floor":16,"key":"Swift Potion"},{"floor":24,"key":"Block Potion"},{"floor":30,"key":"Explosive Potion"},{"floor":33,"key":"AttackPotion"},{"floor":35,"key":"Weak Potion"},{"floor":38,"key":"FearPotion"}],"is_trial":false,"path_per_floor":["M","?","$","?","$","E","R","E","T","E","?","?","?","$","R","B",null,"M","$","M","M","?","R","E","R","T","?","$","M","?","T","R","B",null,"M","M","?","M","?","R","M","$","T","R","E","?","$","?","R","B",null],"character_chosen":"IRONCLAD","items_purchased":["Headbutt","Clash","Vajra","Regal Pillow","Membership Card"],"campfire_rested":4,"item_purchase_floors":[3,5,14,28,42],"current_hp_per_floor":[74,59,59,41,41,47,69,75,75,58,58,58,58,58,58,34,65,67,67,55,60,60,60,23,46,46,46,46,55,42,42,81,15,65,76,83,85,59,59,59,54,54,54,54,44,44,44,44,85,58],"gold":20,"neow_bonus":"THREE_ENEMY_KILL","is_prod":false,"is_daily":false,"chose_seed":false,"campfire_upgraded":4,"win_rate":0,"timestamp":1545136725,"path_taken":["M","?","$","?","$","E","R","E","T","E","?","?","?","$","R","BOSS","M","$","M","M","?","R","E","R","T","?","$","?","?","?","R","BOSS","M","M","?","M","?","R","?","$","T","R","E","?","$","?","R","BOSS"],"build_version":"2018-12-13","purchased_purges":3,"victory":true,"max_hp_per_floor":[75,75,75,75,75,75,75,75,75,75,75,75,75,75,75,75,75,75,75,75,75,75,75,77,77,77,77,77,79,81,81,81,81,81,83,83,85,85,85,85,87,87,87,87,89,89,89,89,89,89],"card_choices":[{"not_picked":["Battle Trance","Twin Strike"],"picked":"Rampage","floor":1},{"not_picked":["Pummel","Power Through"],"picked":"Limit Break","floor":6},{"not_picked":["Fiend Fire","Havoc"],"picked":"Twin Strike","floor":8},{"not_picked":["Thunderclap","Combust","Intimidate"],"picked":"SKIP","floor":10},{"not_picked":["Fiend Fire","Barricade"],"picked":"Reaper","floor":16},{"not_picked":["Corruption+1","Anger","Fire Breathing+1"],"picked":"SKIP","floor":18},{"not_picked":["Flex","Cleave"],"picked":"Armaments","floor":20},{"not_picked":["Anger","Iron Wave","Searing Blow"],"picked":"SKIP","floor":21},{"not_picked":["Anger","Iron Wave","Searing Blow"],"picked":"SKIP","floor":21},{"not_picked":["Warcry+1","Armaments","Headbutt"],"picked":"Singing Bowl","floor":24},{"not_picked":["Immolate","Rage","Pummel+1"],"picked":"Singing Bowl","floor":29},{"not_picked":["Headbutt","Flex","Rampage"],"picked":"Singing Bowl","floor":30},{"not_picked":["Offering","Impervious"],"picked":"Limit Break","floor":33},{"not_picked":["Perfected Strike+1","Heavy Blade","Shrug It Off"],"picked":"Singing Bowl","floor":35},{"not_picked":["Disarm","Body Slam+1"],"picked":"Clothesline","floor":36},{"not_picked":["PanicButton","Panacea","Swift Strike"],"picked":"Singing Bowl","floor":37},{"not_picked":["Brutality","True Grit"],"picked":"Whirlwind","floor":38},{"not_picked":["Clothesline","Body Slam+1","Armaments+1"],"picked":"Singing Bowl","floor":41},{"not_picked":["Body Slam+1","Disarm+1","Inflame"],"picked":"Singing Bowl","floor":45}],"player_experience":138381,"relics_obtained":[{"floor":6,"key":"Du-Vu Doll"},{"floor":8,"key":"Kunai"},{"floor":9,"key":"Lantern"},{"floor":10,"key":"Sundial"},{"floor":24,"key":"Singing Bowl"},{"floor":26,"key":"Bottled Flame"},{"floor":30,"key":"Red Mask"},{"floor":31,"key":"Anchor"},{"floor":43,"key":"Molten Egg 2"},{"floor":45,"key":"Gremlin Horn"}],"event_choices":[{"damage_healed":0,"gold_gain":0,"player_choice":"Entered Light","damage_taken":15,"max_hp_gain":0,"max_hp_loss":0,"event_name":"Shining Light","floor":2,"gold_loss":0,"cards_upgraded":["Defend_R","Strike_R"]},{"damage_healed":0,"gold_gain":0,"player_choice":"Success","damage_taken":18,"relics_obtained":["War Paint"],"max_hp_gain":0,"max_hp_loss":0,"event_name":"Scrap Ooze","floor":4,"gold_loss":0},{"damage_healed":0,"gold_gain":175,"player_choice":"AGREE","damage_taken":0,"max_hp_gain":0,"max_hp_loss":0,"event_name":"Liars Game","floor":11,"gold_loss":0,"cards_obtained":["Doubt"]},{"damage_healed":0,"gold_gain":30,"player_choice":"Searched \u00272\u0027 times","damage_taken":0,"relics_obtained":["WingedGreaves"],"max_hp_gain":0,"max_hp_loss":0,"event_name":"Dead Adventurer","floor":12,"gold_loss":0},{"damage_healed":0,"gold_gain":0,"player_choice":"Grow","damage_taken":0,"max_hp_gain":0,"max_hp_loss":0,"event_name":"Living Wall","floor":13,"gold_loss":0,"cards_upgraded":["Limit Break"]},{"damage_healed":0,"gold_gain":0,"player_choice":"Opened","damage_taken":0,"relics_obtained":["Magic Flower"],"max_hp_gain":0,"max_hp_loss":0,"event_name":"The Mausoleum","floor":22,"gold_loss":0,"cards_obtained":["Writhe"]},{"damage_healed":0,"gold_gain":0,"player_choice":"Ignored","damage_taken":0,"max_hp_gain":0,"max_hp_loss":0,"event_name":"Vampires","floor":27,"gold_loss":0},{"damage_healed":0,"gold_gain":0,"player_choice":"Fought Bandits","damage_taken":0,"max_hp_gain":0,"max_hp_loss":0,"event_name":"Masked Bandits","floor":30,"gold_loss":0},{"damage_healed":0,"gold_gain":0,"player_choice":"Memory 1","damage_taken":0,"max_hp_gain":0,"max_hp_loss":0,"event_name":"SensoryStone","floor":37,"gold_loss":0},{"cards_removed":["Writhe"],"damage_healed":0,"gold_gain":0,"player_choice":"Offered Curse","damage_taken":0,"relics_obtained":["Spirit Poop"],"max_hp_gain":0,"max_hp_loss":0,"event_name":"Bonfire Elementals","floor":39,"gold_loss":0},{"cards_removed":["Defend_R"],"damage_healed":0,"gold_gain":0,"player_choice":"Removed Skill","damage_taken":0,"max_hp_gain":0,"max_hp_loss":0,"event_name":"Falling","floor":46,"gold_loss":0},{"damage_healed":0,"gold_gain":0,"cards_transformed":["Strike_R"],"player_choice":"Transformed","damage_taken":0,"max_hp_gain":0,"max_hp_loss":0,"event_name":"Transmorgrifier","floor":48,"gold_loss":0,"cards_obtained":["Shrug It Off"]}],"is_beta":false,"boss_relics":[{"not_picked":["Pandora\u0027s Box","Lizard Tail"],"picked":"Runic Cube"},{"not_picked":["Mark of Pain","Empty Cage"],"picked":"Cursed Key"}],"items_purged_floors":[14,19,47],"is_endless":false,"potions_floor_spawned":[1,10,16,24,30,33,35,38],"ascension_level":14}