{"gold_per_floor":[114,389,150,68,68,101,113,141,141,170,170,183,195,223,223,297,297,310,310,6,6,18,18,50,50,104,124,124,140,140,173,173,249,249,262,162,162,175,190,190,223,236,259,279,294,3,3,15,15,15,15],"floor_reached":52,"playtime":2769,"items_purged":["Regret","Pain","Wild Strike"],"score":1950,"play_id":"d90e56af-4391-44dc-bdff-00cff67901c9","local_time":"20190726053226","is_ascension_mode":true,"campfire_choices":[{"data":"Perfected Strike","floor":11.0,"key":"SMITH"},{"floor":15.0,"key":"REST"},{"data":"Dual Wield","floor":23.0,"key":"SMITH"},{"data":"Demon Form","floor":25.0,"key":"SMITH"},{"data":"Disarm","floor":30.0,"key":"SMITH"},{"data":"Dual Wield","floor":32.0,"key":"SMITH"},{"data":"Bloodletting","floor":40.0,"key":"SMITH"},{"data":"Feel No Pain","floor":49.0,"key":"SMITH"}],"neow_cost":"NONE","seed_source_timestamp":768747965565200,"circlet_count":0,"master_deck":["AscendersBane","Bash","Feel No Pain+1","Sword Boomerang+1","Perfected Strike+1","Combust","Metallicize","Pommel Strike","Feed","Perfected Strike","Carnage","Dual Wield+1","Reckless Charge","Disarm+1","Reaper","Infernal Blade","Demon Form+1","Uppercut","Inflame","Ghostly","Ghostly","Ghostly","Ghostly","Inflame","Ghostly","Armaments+1","Dual Wield+1","Exhume","Burning Pact","Bloodletting+1","Armaments+1","Sentinel","Corruption","Flame Barrier"],"special_seed":0,"relics":["Burning Blood","NeowsBlessing","PreservedInsect","Champion Belt","Bag of Marbles","Bird Faced Urn","Sundial","Lantern","Pandora\u0027s Box","DollysMirror","Juzu Bracelet","Strawberry","WarpedTongs","Oddly Smooth Stone","Runic Pyramid","Blood Vial","Happy Flower"],"potions_floor_usage":[51,51],"damage_taken":[{"damage":0.0,"enemies":"Small Slimes","floor":1.0,"turns":2.0},{"damage":0.0,"enemies":"3 Sentries","floor":6.0,"turns":2.0},{"damage":0.0,"enemies":"Cultist","floor":7.0,"turns":1.0},{"damage":29.0,"enemies":"Gremlin Nob","floor":8.0,"turns":4.0},{"damage":30.0,"enemies":"Lagavulin","floor":10.0,"turns":4.0},{"damage":0.0,"enemies":"Jaw Worm","floor":12.0,"turns":1.0},{"damage":20.0,"enemies":"3 Louse","floor":13.0,"turns":3.0},{"damage":24.0,"enemies":"3 Sentries","floor":14.0,"turns":4.0},{"damage":32.0,"enemies":"The Guardian","floor":16.0,"turns":9.0},{"damage":30.0,"enemies":"3 Byrds","floor":18.0,"turns":5.0},{"damage":1.0,"enemies":"Shell Parasite","floor":22.0,"turns":6.0},{"damage":33.0,"enemies":"Book of Stabbing","floor":24.0,"turns":7.0},{"damage":39.0,"enemies":"3 Cultists","floor":27.0,"turns":8.0},{"damage":25.0,"enemies":"Snake Plant","floor":29.0,"turns":9.0},{"damage":42.0,"enemies":"Gremlin Leader","floor":31.0,"turns":6.0},{"damage":46.0,"enemies":"Champ","floor":33.0,"turns":15.0},{"damage":43.0,"enemies":"Orb Walker","floor":35.0,"turns":7.0},{"damage":55.0,"enemies":"3 Darklings","floor":38.0,"turns":7.0},{"damage":35.0,"enemies":"Spire Growth","floor":39.0,"turns":9.0},{"damage":31.0,"enemies":"Giant Head","floor":41.0,"turns":8.0},{"damage":48.0,"enemies":"Sphere and 2 Shapes","floor":42.0,"turns":11.0},{"damage":45.0,"enemies":"4 Shapes","floor":44.0,"turns":3.0},{"damage":31.0,"enemies":"Spire Growth","floor":45.0,"turns":7.0},{"damage":39.0,"enemies":"3 Darklings","floor":48.0,"turns":8.0},{"damage":37.0,"enemies":"Donu and Deca","floor":50.0,"turns":16.0},{"damage":119,"enemies":"Awakened One","floor":51,"turns":16}],"seed_played":"6704170748640802590","potions_obtained":[{"floor":1.0,"key":"Energy Potion"},{"floor":13.0,"key":"Regen Potion"},{"floor":16.0,"key":"Ancient Potion"},{"floor":29.0,"key":"BloodPotion"},{"floor":39.0,"key":"Strength Potion"},{"floor":44.0,"key":"Explosive Potion"}],"is_trial":false,"path_per_floor":["M","?","$","$","?","E","M","E","T","E","R","M","M","E","R","B",null,"M","?","$","?","M","R","E","R","T","M","?","M","R","E","R","B",null,"M","$","?","M","M","R","E","M","T","M","M","$","?","M","R","B","B",null],"character_chosen":"IRONCLAD","items_purchased":["PreservedInsect","Sword Boomerang","AttackPotion","DollysMirror","Inflame","Sentinel","Corruption"],"campfire_rested":1,"item_purchase_floors":[3,4,4,20,20,46,46],"current_hp_per_floor":[74,74,74,74,74,75,75,52,52,32,32,38,28,16,38,18,61,55,39,39,39,39,39,22,22,29,19,19,43,43,17,17,24,44,22,22,22,40,29,29,53,45,45,56,55,55,53,57,57,57,60],"gold":15,"neow_bonus":"THREE_ENEMY_KILL","is_prod":false,"is_daily":false,"chose_seed":false,"campfire_upgraded":7,"win_rate":0,"timestamp":1564144346,"path_taken":["M","?","?","$","?","E","M","E","T","E","R","M","M","E","R","BOSS","M","?","$","?","M","R","E","R","T","M","?","M","R","E","R","BOSS","M","$","?","M","M","R","E","M","T","M","M","?","?","M","R","BOSS","BOSS"],"build_version":"2019-07-17","purchased_purges":3,"victory":true,"max_hp_per_floor":[75,75,75,75,75,75,75,75,75,75,75,75,75,75,75,75,75,78,39,39,39,39,39,39,39,46,46,46,50,50,50,50,50,50,50,50,50,50,50,50,53,56,56,56,56,56,53,57,57,57,60],"card_choices":[{"not_picked":["Clash","True Grit"],"picked":"Feel No Pain","floor":1.0},{"not_picked":["True Grit","Barricade"],"picked":"Perfected Strike","floor":6.0},{"not_picked":["Sword Boomerang","Flex"],"picked":"Combust","floor":7.0},{"not_picked":["Rupture","Cleave"],"picked":"Wild Strike","floor":8.0},{"not_picked":["Pummel","Headbutt","Berserk"],"picked":"SKIP","floor":10.0},{"not_picked":["Infernal Blade","Sever Soul","Havoc"],"picked":"SKIP","floor":12.0},{"not_picked":["Clothesline","Headbutt"],"picked":"Metallicize","floor":13.0},{"not_picked":["Wild Strike","Havoc"],"picked":"Pommel Strike","floor":14.0},{"not_picked":["Reaper","Barricade"],"picked":"Feed","floor":16.0},{"not_picked":["Wild Strike","Thunderclap"],"picked":"Inflame","floor":18.0},{"not_picked":["Twin Strike","Clash","Perfected Strike"],"picked":"SKIP","floor":22.0},{"not_picked":["Impervious","True Grit+1"],"picked":"Armaments+1","floor":24.0},{"not_picked":["Flex","True Grit","Metallicize+1"],"picked":"SKIP","floor":27.0},{"not_picked":["Heavy Blade","Twin Strike","Cleave"],"picked":"SKIP","floor":29.0},{"not_picked":["Cleave","Combust"],"picked":"Dual Wield","floor":31.0},{"not_picked":["Double Tap","Demon Form"],"picked":"Exhume","floor":33.0},{"not_picked":["Intimidate","Pommel Strike"],"picked":"Burning Pact","floor":35.0},{"not_picked":["Second Wind","Whirlwind","Twin Strike"],"picked":"SKIP","floor":38.0},{"not_picked":["Perfected Strike","Warcry"],"picked":"Bloodletting","floor":39.0},{"not_picked":["Inflame+1","Pommel Strike","Clash"],"picked":"SKIP","floor":41.0},{"not_picked":["Cleave+1","Rampage","Body Slam"],"picked":"SKIP","floor":42.0},{"not_picked":["Twin Strike+1","Metallicize"],"picked":"Armaments+1","floor":44.0},{"not_picked":["Demon Form","Cleave","Flex"],"picked":"SKIP","floor":45.0},{"not_picked":["Twin Strike","Sword Boomerang"],"picked":"Flame Barrier","floor":48.0}],"player_experience":701559,"relics_obtained":[{"floor":6.0,"key":"Champion Belt"},{"floor":8.0,"key":"Bag of Marbles"},{"floor":9.0,"key":"Bird Faced Urn"},{"floor":10.0,"key":"Sundial"},{"floor":14.0,"key":"Lantern"},{"floor":24.0,"key":"Juzu Bracelet"},{"floor":26.0,"key":"Strawberry"},{"floor":31.0,"key":"Oddly Smooth Stone"},{"floor":41.0,"key":"Blood Vial"},{"floor":43.0,"key":"Happy Flower"}],"event_choices":[{"damage_healed":0.0,"max_hp_gain":0.0,"max_hp_loss":0.0,"gold_gain":275.0,"event_name":"Golden Shrine","player_choice":"Desecrate","floor":2.0,"gold_loss":0.0,"damage_taken":0.0,"cards_obtained":["Regret"]},{"damage_healed":0.0,"max_hp_gain":0.0,"max_hp_loss":0.0,"gold_gain":0.0,"event_name":"Living Wall","player_choice":"Grow","floor":5.0,"gold_loss":0.0,"damage_taken":0.0,"cards_upgraded":["Sword Boomerang"]},{"damage_healed":0.0,"max_hp_gain":0.0,"max_hp_loss":39.0,"gold_gain":0.0,"event_name":"Ghosts","player_choice":"Became a Ghost","floor":19.0,"gold_loss":0.0,"damage_taken":0.0,"cards_obtained":["Ghostly","Ghostly","Ghostly"]},{"damage_healed":0.0,"max_hp_gain":0.0,"max_hp_loss":0.0,"gold_gain":0.0,"event_name":"Duplicator","player_choice":"Copied","floor":21.0,"gold_loss":0.0,"damage_taken":0.0,"cards_obtained":["Ghostly"]},{"damage_healed":0.0,"max_hp_gain":0.0,"max_hp_loss":0.0,"gold_gain":0.0,"event_name":"Accursed Blacksmith","player_choice":"Rummage","floor":28.0,"gold_loss":0.0,"damage_taken":0.0,"relics_obtained":["WarpedTongs"],"cards_obtained":["Pain"]},{"damage_healed":0.0,"max_hp_gain":0.0,"max_hp_loss":0.0,"gold_gain":0.0,"event_name":"Match and Keep!","player_choice":"0 cards matched","floor":37.0,"gold_loss":0.0,"damage_taken":0.0,"cards_obtained":[]},{"damage_healed":0.0,"max_hp_gain":0.0,"max_hp_loss":3.0,"gold_gain":0.0,"event_name":"Winding Halls","player_choice":"Max HP","floor":47.0,"gold_loss":0.0,"damage_taken":0.0}],"is_beta":false,"boss_relics":[{"not_picked":["Calling Bell","White Beast Statue"],"picked":"Pandora\u0027s Box"},{"not_picked":["Velvet Choker","Astrolabe"],"picked":"Runic Pyramid"}],"items_purged_floors":[3,36,46],"is_endless":false,"potions_floor_spawned":[1,6,8,12,13,16,18,27,29,39,44,45],"ascension_level":20}