{"gold_per_floor":[115,115,115,126,126,153,223,223,223,251,313,383,411,461,461,538,538,558,638,688,701,715,715,742,51,77,127,277,344,344,394,394,467,517,533,805,202,252,302,302,320,337,337,74,99,111,155,181,193,205,217,229,241,8,42,42],"floor_reached":56,"playtime":2374,"items_purged":["Strike_R"],"score":1928,"play_id":"d163dbba-e22b-44e7-8171-4fc284c22167","local_time":"20190905134031","is_ascension_mode":true,"campfire_choices":[{"data":"Carnage","floor":8.0,"key":"SMITH"},{"data":"Armaments","floor":15.0,"key":"SMITH"},{"floor":23.0,"key":"REST"},{"data":"Entrench","floor":30.0,"key":"SMITH"},{"floor":32.0,"key":"REST"},{"data":"Corruption","floor":40.0,"key":"SMITH"},{"floor":46.0,"key":"REST"},{"floor":49.0,"key":"RECALL"},{"data":"Offering","floor":53.0,"key":"SMITH"}],"neow_cost":"NONE","seed_source_timestamp":372248487499900,"circlet_count":0,"master_deck":["AscendersBane","Strike_R+1","Defend_R+1","Defend_R+1","Defend_R+1","Defend_R+1","Bash","Offering+1","Thunderclap+1","Inflame+1","Armaments+1","Headbutt+1","Shockwave","Exhume","True Grit","Spot Weakness","Warcry+1","Corruption+1","Combust+1","Hemokinesis+1","Rampage","Entrench+1","Juggernaut+1","Shrug It Off","Battle Trance","Finesse","Shrug It Off","Juggernaut+1","Power Through","Entrench+1","Entrench+1","Disarm+1"],"special_seed":0,"relics":["Burning Blood","SsserpentHead","Charon\u0027s Ashes","Paper Frog","Odd Mushroom","Red Skull","Question Card","Cursed Key","Red Mask","Enchiridion","Art of War","Omamori","Frozen Egg 2","Happy Flower","Calipers","Pantograph","Tiny House","TheAbacus","Kunai","Darkstone Periapt","DollysMirror","MawBank","Whetstone","Bag of Preparation","Torii"],"potions_floor_usage":[],"damage_taken":[{"damage":5.0,"enemies":"2 Louse","floor":1.0,"turns":3.0},{"damage":5.0,"enemies":"Small Slimes","floor":4.0,"turns":3.0},{"damage":41.0,"enemies":"3 Sentries","floor":6.0,"turns":8.0},{"damage":1.0,"enemies":"Cultist","floor":7.0,"turns":3.0},{"damage":8.0,"enemies":"Gremlin Nob","floor":10.0,"turns":3.0},{"damage":6.0,"enemies":"Lots of Slimes","floor":11.0,"turns":1.0},{"damage":14.0,"enemies":"The Mushroom Lair","floor":12.0,"turns":4.0},{"damage":21.0,"enemies":"3 Sentries","floor":13.0,"turns":6.0},{"damage":15.0,"enemies":"Hexaghost","floor":16.0,"turns":6.0},{"damage":9.0,"enemies":"Chosen","floor":18.0,"turns":3.0},{"damage":16.0,"enemies":"Masked Bandits","floor":19.0,"turns":3.0},{"damage":12.0,"enemies":"3 Byrds","floor":21.0,"turns":3.0},{"damage":13.0,"enemies":"Shelled Parasite and Fungi","floor":22.0,"turns":3.0},{"damage":20.0,"enemies":"Slavers","floor":24.0,"turns":4.0},{"damage":10.0,"enemies":"Colosseum Slavers","floor":28.0,"turns":4.0},{"damage":3.0,"enemies":"Colosseum Nobs","floor":28.0,"turns":3.0},{"damage":16.0,"enemies":"Centurion and Healer","floor":29.0,"turns":2.0},{"damage":51.0,"enemies":"Collector","floor":33.0,"turns":7.0},{"damage":3.0,"enemies":"Orb Walker","floor":35.0,"turns":3.0},{"damage":6.0,"enemies":"3 Shapes","floor":41.0,"turns":3.0},{"damage":12.0,"enemies":"3 Darklings","floor":42.0,"turns":2.0},{"damage":46.0,"enemies":"Nemesis","floor":45.0,"turns":7.0},{"damage":41.0,"enemies":"Reptomancer","floor":47.0,"turns":6.0},{"damage":23.0,"enemies":"Spire Growth","floor":48.0,"turns":4.0},{"damage":14.0,"enemies":"Awakened One","floor":50.0,"turns":13.0},{"damage":39.0,"enemies":"Donu and Deca","floor":51.0,"turns":9.0},{"damage":39.0,"enemies":"Shield and Spear","floor":55.0,"turns":6.0},{"damage":58,"enemies":"The Heart","floor":56,"turns":5}],"seed_played":"4987259666346998104","potions_obtained":[{"floor":1.0,"key":"BloodPotion"},{"floor":7.0,"key":"FearPotion"},{"floor":13.0,"key":"Regen Potion"},{"floor":18.0,"key":"LiquidBronze"},{"floor":21.0,"key":"SkillPotion"},{"floor":28.0,"key":"Poison Potion"},{"floor":33.0,"key":"GamblersBrew"},{"floor":34.0,"key":"AttackPotion"},{"floor":48.0,"key":"BloodPotion"}],"is_trial":false,"path_per_floor":["M","?","?","M","?","E","M","R","T","E","M","?","E","?","R","B",null,"M","?","?","M","M","R","E","$","T","?","?","M","R","?","R","B",null,"M","?","$","?","?","R","M","M","T","$","E","R","E","M","R","B","B",null,"R","$","E","B"],"character_chosen":"IRONCLAD","items_purchased":["BloodPotion","AttackPotion","Omamori","Frozen Egg 2","Combust+1","Finesse","TheAbacus","Kunai","Power Through","DollysMirror","Bag of Preparation","BloodPotion"],"campfire_rested":3,"item_purchase_floors":[25,25,25,25,25,37,37,37,44,44,54,54],"current_hp_per_floor":[69,46,46,47,47,12,17,17,17,15,15,7,10,5,5,11,59,56,46,25,19,12,34,20,20,20,20,19,9,9,9,31,11,64,67,67,67,67,67,67,67,61,61,61,21,45,10,13,13,30,22,66,66,66,33,0],"gold":42,"neow_bonus":"ONE_RANDOM_RARE_CARD","is_prod":false,"is_daily":false,"chose_seed":false,"campfire_upgraded":5,"win_rate":0,"timestamp":1567716031,"path_taken":["M","?","?","M","?","E","?","R","T","E","?","?","E","?","R","BOSS","M","?","?","M","M","R","E","$","T","?","?","?","R","?","R","BOSS","M","?","$","?","?","R","M","M","T","$","E","R","E","M","R","BOSS","BOSS","R","$","E","BOSS"],"build_version":"2019-07-17","purchased_purges":1,"victory":false,"max_hp_per_floor":[75,75,75,75,75,75,75,75,75,75,75,75,75,75,75,75,75,75,75,75,75,75,75,75,75,75,75,75,75,75,75,75,75,80,80,80,80,80,80,80,80,80,80,80,80,80,80,80,80,80,80,80,80,80,80,80],"card_choices":[{"not_picked":["Sentinel","Reckless Charge"],"picked":"Thunderclap","floor":1.0},{"not_picked":["Combust","Armaments"],"picked":"Inflame","floor":4.0},{"not_picked":["Ghostly Armor","Body Slam","Seeing Red"],"picked":"SKIP","floor":6.0},{"not_picked":["Battle Trance","Perfected Strike"],"picked":"Carnage","floor":7.0},{"not_picked":["Cleave","Perfected Strike","Dual Wield"],"picked":"SKIP","floor":10.0},{"not_picked":["Perfected Strike","Intimidate"],"picked":"Armaments","floor":11.0},{"not_picked":["Twin Strike","Rage"],"picked":"Headbutt","floor":12.0},{"not_picked":["Whirlwind","Battle Trance"],"picked":"Shockwave","floor":13.0},{"not_picked":["Impervious","Dark Embrace","Demon Form"],"picked":"Exhume","floor":16.0},{"not_picked":["Thunderclap+1","Reckless Charge","Second Wind"],"picked":"True Grit","floor":18.0},{"not_picked":["Heavy Blade","Headbutt","Clash"],"picked":"Spot Weakness","floor":19.0},{"not_picked":["Body Slam","Sword Boomerang","Iron Wave"],"picked":"Warcry+1","floor":21.0},{"not_picked":["Warcry","Flex+1","Perfected Strike","Rupture"],"picked":"SKIP","floor":22.0},{"not_picked":["Cleave","Body Slam","Warcry"],"picked":"Corruption","floor":24.0},{"not_picked":["Corruption+1","Sever Soul","Armaments"],"picked":"Entrench","floor":29.0},{"not_picked":["Bludgeon","Brutality+1","Exhume"],"picked":"Juggernaut+1","floor":33.0},{"not_picked":["Cleave","Pommel Strike","Warcry"],"picked":"Shrug It Off","floor":34.0},{"not_picked":["Rage","Sword Boomerang","Anger"],"picked":"Battle Trance","floor":35.0},{"not_picked":["Armaments","Heavy Blade","Havoc"],"picked":"Shrug It Off","floor":41.0},{"not_picked":["Armaments+1","Intimidate","Cleave"],"picked":"Juggernaut+1","floor":42.0},{"not_picked":["Heavy Blade","Uppercut","Shrug It Off"],"picked":"Entrench+1","floor":45.0},{"not_picked":["Thunderclap+1","Heavy Blade","Clash","Flex"],"picked":"SKIP","floor":47.0},{"not_picked":["Sword Boomerang","Carnage","Barricade+1"],"picked":"Disarm+1","floor":48.0},{"not_picked":["Havoc+1","Clothesline","Heavy Blade+1","Flex+1"],"picked":"SKIP","floor":55.0}],"player_experience":867655,"relics_obtained":[{"floor":6.0,"key":"Charon\u0027s Ashes"},{"floor":10.0,"key":"Paper Frog"},{"floor":12.0,"key":"Odd Mushroom"},{"floor":13.0,"key":"Red Skull"},{"floor":19.0,"key":"Red Mask"},{"floor":20.0,"key":"Enchiridion"},{"floor":24.0,"key":"Art of War"},{"floor":26.0,"key":"Happy Flower"},{"floor":28.0,"key":"Calipers"},{"floor":28.0,"key":"Pantograph"},{"floor":43.0,"key":"Darkstone Periapt"},{"floor":45.0,"key":"MawBank"},{"floor":47.0,"key":"Whetstone"},{"floor":55.0,"key":"Torii"}],"event_choices":[{"damage_healed":0.0,"max_hp_gain":0.0,"max_hp_loss":0.0,"gold_gain":0.0,"event_name":"Shining Light","player_choice":"Entered Light","floor":2.0,"gold_loss":0.0,"damage_taken":23.0,"cards_upgraded":["Strike_R","Thunderclap"]},{"damage_healed":0.0,"max_hp_gain":0.0,"max_hp_loss":0.0,"gold_gain":0.0,"event_name":"Liars Game","player_choice":"Ignored","floor":3.0,"gold_loss":0.0,"damage_taken":0.0},{"damage_healed":0.0,"max_hp_gain":0.0,"max_hp_loss":0.0,"gold_gain":0.0,"event_name":"FaceTrader","player_choice":"Trade","floor":5.0,"gold_loss":0.0,"damage_taken":0.0,"relics_obtained":["SsserpentHead"]},{"damage_healed":0.0,"max_hp_gain":0.0,"max_hp_loss":0.0,"gold_gain":0.0,"event_name":"Mushrooms","player_choice":"Fought Mushrooms","floor":12.0,"gold_loss":0.0,"damage_taken":0.0},{"damage_healed":0.0,"max_hp_gain":0.0,"max_hp_loss":0.0,"gold_gain":0.0,"event_name":"Scrap Ooze","player_choice":"Success","floor":14.0,"gold_loss":0.0,"damage_taken":5.0,"relics_obtained":["Question Card"]},{"damage_healed":0.0,"max_hp_gain":0.0,"max_hp_loss":0.0,"gold_gain":0.0,"event_name":"Masked Bandits","player_choice":"Fought Bandits","floor":19.0,"gold_loss":0.0,"damage_taken":0.0},{"damage_healed":0.0,"max_hp_gain":0.0,"max_hp_loss":0.0,"gold_gain":0.0,"event_name":"Cursed Tome","player_choice":"Obtained Book","floor":20.0,"gold_loss":0.0,"damage_taken":21.0},{"damage_healed":0.0,"max_hp_gain":0.0,"max_hp_loss":0.0,"gold_gain":0.0,"cards_transformed":["Strike_R","Strike_R"],"event_name":"Drug Dealer","player_choice":"Became Test Subject","floor":27.0,"gold_loss":0.0,"damage_taken":0.0,"cards_obtained":["Hemokinesis","Rampage"]},{"damage_healed":0.0,"max_hp_gain":0.0,"max_hp_loss":0.0,"gold_gain":0.0,"event_name":"Colosseum","player_choice":"Fight","floor":28.0,"gold_loss":0.0,"damage_taken":0.0},{"damage_healed":0.0,"max_hp_gain":0.0,"max_hp_loss":0.0,"gold_gain":0.0,"event_name":"Colosseum","player_choice":"Fought Nobs","floor":28.0,"gold_loss":0.0,"damage_taken":0.0},{"damage_healed":0.0,"max_hp_gain":0.0,"max_hp_loss":0.0,"gold_gain":0.0,"event_name":"Back to Basics","player_choice":"Simplicity","floor":31.0,"gold_loss":0.0,"damage_taken":0.0,"cards_upgraded":["Strike_R","Defend_R","Defend_R","Defend_R","Defend_R"]},{"damage_healed":0.0,"max_hp_gain":0.0,"max_hp_loss":0.0,"gold_gain":222.0,"event_name":"Tomb of Lord Red Mask","player_choice":"Wore Mask","floor":36.0,"gold_loss":0.0,"damage_taken":0.0},{"cards_removed":["Carnage"],"damage_healed":0.0,"max_hp_gain":0.0,"max_hp_loss":0.0,"gold_gain":0.0,"event_name":"Falling","player_choice":"Removed Attack","floor":38.0,"gold_loss":0.0,"damage_taken":0.0},{"cards_removed":["Strike_R"],"damage_healed":0.0,"max_hp_gain":0.0,"max_hp_loss":0.0,"gold_gain":0.0,"event_name":"Bonfire Elementals","player_choice":"Offered Basic","floor":39.0,"gold_loss":0.0,"damage_taken":0.0}],"is_beta":false,"boss_relics":[{"not_picked":["Runic Dome","Philosopher\u0027s Stone"],"picked":"Cursed Key"},{"not_picked":["Busted Crown","Empty Cage"],"picked":"Tiny House"}],"items_purged_floors":[25],"is_endless":false,"potions_floor_spawned":[1,7,11,13,18,21,28,33,42,47,48,55],"killed_by":"The Heart","ascension_level":20}