{"gold_per_floor":[114,128,128,140,72,72,102,117,166,189,189,206,206,225,225,326,326,326,14,14,14,14,14,14,14,14,14,14,14,14,14,14,14,14,14,14,0,0,0,0,0,0,0,0,0,0,0,0,0,0],"floor_reached":51,"playtime":4444,"items_purged":[],"score":621,"play_id":"8db22d3f-4e90-47e0-a816-6716e6106ae6","local_time":"20190903071146","is_ascension_mode":false,"campfire_choices":[{"data":"Turbo","floor":6,"key":"SMITH"},{"data":"Self Repair","floor":11,"key":"SMITH"},{"data":"Meteor Strike","floor":15,"key":"SMITH"},{"floor":23,"key":"REST"},{"data":"Echo Form","floor":25,"key":"SMITH"},{"floor":32,"key":"REST"},{"data":"Skim","floor":40,"key":"SMITH"},{"data":"Magnetism","floor":42,"key":"SMITH"},{"floor":46,"key":"REST"},{"floor":49,"key":"REST"}],"neow_cost":"NONE","seed_source_timestamp":4097880813600,"circlet_count":0,"master_deck":["Strike_B","Strike_B","Strike_B","Defend_B","Defend_B","Defend_B","Defend_B","Zap","Dualcast","Rebound","Ball Lightning","Meteor Strike+1","Turbo+1","Self Repair+1","Turbo","Leap","Chill","Double Energy","Echo Form+1","Gash","Sweeping Beam","Hello World","Coolheaded+1","Chaos+1","Conserve Battery","Beam Cell","Hello World","Skim+1","Magnetism+1","Skim+1","Force Field+1","BootSequence"],"relics":["Cracked Core","Darkstone Periapt","Omamori","Oddly Smooth Stone","Potion Belt","Ectoplasm","Emotion Chip","Bronze Scales","Bottled Tornado","Meat on the Bone","Lizard Tail","Red Mask","Boot"],"potions_floor_usage":[8,16,24,33,33,47,50,50],"damage_taken":[{"damage":0,"enemies":"2 Louse","floor":1,"turns":3},{"damage":0,"enemies":"Cultist","floor":2,"turns":3},{"damage":6,"enemies":"Jaw Worm","floor":4,"turns":3},{"damage":34,"enemies":"3 Sentries","floor":7,"turns":7},{"damage":17,"enemies":"Gremlin Gang","floor":8,"turns":4},{"damage":14,"enemies":"Exordium Thugs","floor":12,"turns":3},{"damage":0,"enemies":"2 Fungi Beasts","floor":14,"turns":3},{"damage":36,"enemies":"Slime Boss","floor":16,"turns":9},{"damage":10,"enemies":"Chosen","floor":18,"turns":4},{"damage":16,"enemies":"Shell Parasite","floor":20,"turns":5},{"damage":24,"enemies":"3 Cultists","floor":21,"turns":5},{"damage":27,"enemies":"Slavers","floor":24,"turns":5},{"damage":43,"enemies":"Shelled Parasite and Fungi","floor":27,"turns":5},{"damage":10,"enemies":"Snecko","floor":28,"turns":5},{"damage":15,"enemies":"Snake Plant","floor":31,"turns":2},{"damage":47,"enemies":"Champ","floor":33,"turns":12},{"damage":10,"enemies":"Orb Walker","floor":35,"turns":2},{"damage":10,"enemies":"3 Shapes","floor":36,"turns":6},{"damage":16,"enemies":"Jaw Worm Horde","floor":39,"turns":5},{"damage":14,"enemies":"Sphere and 2 Shapes","floor":44,"turns":5},{"damage":15,"enemies":"Writhing Mass","floor":47,"turns":8},{"damage":29,"enemies":"Spire Growth","floor":48,"turns":5},{"damage":110,"enemies":"Awakened One","floor":50,"turns":18}],"seed_played":"7178048905310279311","potions_obtained":[{"floor":1,"key":"Dexterity Potion"},{"floor":4,"key":"FocusPotion"},{"floor":7,"key":"Ancient Potion"},{"floor":16,"key":"Ancient Potion"},{"floor":21,"key":"Block Potion"},{"floor":27,"key":"Fire Potion"},{"floor":33,"key":"Dexterity Potion"},{"floor":39,"key":"Regen Potion"},{"floor":47,"key":"SmokeBomb"},{"floor":48,"key":"Swift Potion"}],"is_trial":false,"path_per_floor":["M","M","?","M","$","R","E","M","T","T","R","M","?","M","R","B",null,"M","$","M","M","?","R","E","R","T","M","M","?","T","M","R","B",null,"M","M","?","?","M","R","?","R","T","M","$","R","M","M","R","B",null],"character_chosen":"DEFECT","items_purchased":["Self Repair","Emotion Chip"],"campfire_rested":4,"item_purchase_floors":[5,19],"current_hp_per_floor":[82,82,82,76,76,76,49,39,39,39,39,35,35,45,45,19,82,82,82,76,62,62,82,75,75,75,42,42,42,42,39,63,38,82,72,72,72,72,66,66,66,66,66,62,62,82,82,63,82,44],"gold":0,"neow_bonus":"TEN_PERCENT_HP_BONUS","is_prod":false,"is_daily":false,"chose_seed":false,"campfire_upgraded":6,"win_rate":0,"timestamp":1567465906,"path_taken":["M","M","?","M","$","R","E","?","T","?","R","M","?","?","R","BOSS","M","$","M","M","?","R","E","R","T","M","M","?","?","M","R","BOSS","M","M","?","?","?","R","?","R","T","M","?","R","M","M","R","BOSS"],"build_version":"2019-07-17","purchased_purges":0,"victory":true,"max_hp_per_floor":[82,82,82,82,82,82,82,82,82,82,82,82,82,82,82,82,82,82,82,82,82,82,82,82,82,82,82,82,82,82,82,82,82,82,82,82,82,82,82,82,82,82,82,82,82,82,82,82,82,82],"card_choices":[{"not_picked":["BootSequence","Rip and Tear"],"picked":"Rebound","floor":1},{"not_picked":["Rip and Tear","Barrage"],"picked":"Ball Lightning","floor":2},{"not_picked":["Beam Cell","Sweeping Beam"],"picked":"Turbo","floor":4},{"not_picked":["Leap","Glacier"],"picked":"Turbo","floor":7},{"not_picked":["Glacier","Turbo"],"picked":"Leap","floor":8},{"not_picked":["Rip and Tear","Sweeping Beam"],"picked":"Chill","floor":12},{"not_picked":["Cold Snap","Storm"],"picked":"Double Energy","floor":14},{"not_picked":["Reboot","Meteor Strike"],"picked":"Echo Form","floor":16},{"not_picked":["Leap+1","Beam Cell+1"],"picked":"Gash","floor":18},{"not_picked":["Rebound","Leap+1"],"picked":"Sweeping Beam","floor":20},{"not_picked":["Turbo+1","Undo","Sweeping Beam"],"picked":"SKIP","floor":21},{"not_picked":["Static Discharge+1","Steam"],"picked":"Hello World","floor":24},{"not_picked":["Steam+1","Cold Snap"],"picked":"Coolheaded+1","floor":27},{"not_picked":["Loop","Compile Driver"],"picked":"Chaos+1","floor":28},{"not_picked":["Heatsinks","Static Discharge"],"picked":"Conserve Battery","floor":31},{"not_picked":["Hologram","Ball Lightning+1"],"picked":"Beam Cell","floor":35},{"not_picked":["Compile Driver","Consume"],"picked":"Hello World","floor":36},{"not_picked":["Leap+1","Auto Shields+1"],"picked":"Skim","floor":39},{"not_picked":["Enlightenment","Dramatic Entrance"],"picked":"Magnetism","floor":41},{"not_picked":["Sweeping Beam","Leap+1"],"picked":"Skim+1","floor":44},{"not_picked":["Coolheaded","Static Discharge"],"picked":"Force Field+1","floor":47},{"not_picked":["Coolheaded+1","Beam Cell"],"picked":"BootSequence","floor":48}],"player_experience":276017,"relics_obtained":[{"floor":7,"key":"Darkstone Periapt"},{"floor":9,"key":"Omamori"},{"floor":10,"key":"Oddly Smooth Stone"},{"floor":24,"key":"Bronze Scales"},{"floor":26,"key":"Bottled Tornado"},{"floor":30,"key":"Meat on the Bone"},{"floor":43,"key":"Boot"}],"event_choices":[{"damage_healed":0,"gold_gain":0,"cards_transformed":["Strike_B"],"player_choice":"Transformed","damage_taken":0,"max_hp_gain":0,"max_hp_loss":0,"event_name":"Transmorgrifier","floor":3,"gold_loss":0,"cards_obtained":["Meteor Strike"]},{"damage_healed":0,"gold_gain":0,"player_choice":"Gave Potion","damage_taken":0,"relics_obtained":["Potion Belt"],"max_hp_gain":0,"max_hp_loss":0,"event_name":"WeMeetAgain","floor":13,"gold_loss":0},{"damage_healed":0,"gold_gain":0,"player_choice":"Smashed Altar","damage_taken":0,"max_hp_gain":0,"max_hp_loss":0,"event_name":"Forgotten Altar","floor":22,"gold_loss":0,"cards_obtained":["Decay"]},{"damage_healed":0,"gold_gain":0,"player_choice":"Ignored","damage_taken":0,"max_hp_gain":0,"max_hp_loss":0,"event_name":"Vampires","floor":29,"gold_loss":0},{"damage_healed":0,"gold_gain":0,"player_choice":"Paid","damage_taken":0,"relics_obtained":["Red Mask"],"max_hp_gain":0,"max_hp_loss":0,"event_name":"Tomb of Lord Red Mask","floor":37,"gold_loss":14},{"damage_healed":0,"gold_gain":0,"player_choice":"Ignored","damage_taken":0,"max_hp_gain":0,"max_hp_loss":0,"event_name":"NoteForYourself","floor":38,"gold_loss":0},{"damage_healed":0,"gold_gain":0,"player_choice":"Memory 1","damage_taken":0,"max_hp_gain":0,"max_hp_loss":0,"event_name":"SensoryStone","floor":41,"gold_loss":0}],"is_beta":false,"boss_relics":[{"not_picked":["Inserter","Black Star"],"picked":"Ectoplasm"},{"not_picked":["Runic Dome","Busted Crown"],"picked":"Lizard Tail"}],"items_purged_floors":[],"is_endless":false,"potions_floor_spawned":[1,4,7,16,21,27,33,39,47,48],"ascension_level":0}