{"gold_per_floor":[115,134,145,115,134,134,149,166,166,166,197,272,272,284,284,383,383,308,326,276,287,322,322,333,333,333,350,55,66,78,78,78,78],"floor_reached":33,"playtime":3546,"items_purged":["Defend_B"],"score":251,"play_id":"689add60-d044-4419-b0c0-45d76f273d9e","local_time":"20190831154151","is_ascension_mode":false,"campfire_choices":[{"data":"Chill","floor":6,"key":"SMITH"},{"data":"Redo","floor":10,"key":"SMITH"},{"floor":13,"key":"REST"},{"data":"Coolheaded","floor":15,"key":"SMITH"},{"floor":23,"key":"REST"},{"floor":25,"key":"REST"},{"floor":32,"key":"REST"}],"neow_cost":"NONE","seed_source_timestamp":1288207213257400,"circlet_count":0,"master_deck":["Strike_B","Strike_B","Strike_B","Defend_B","Defend_B","Defend_B","Zap","Dualcast","Coolheaded+1","Gash","Redo+1","Chill+1","Coolheaded","Lockon","Leap+1","Stack+1","Creative AI","Chill+1","Defragment+1","Gash","Glacier+1","Loop","Conserve Battery+1","Blizzard","Mayhem","Gash","Skim+1"],"relics":["Cracked Core","Letter Opener","Toxic Egg 2","Inserter","Red Mask","Happy Flower","Nilry\u0027s Codex"],"potions_floor_usage":[16,16,16,24,33,33],"damage_taken":[{"damage":0,"enemies":"Small Slimes","floor":1,"turns":5},{"damage":0,"enemies":"Cultist","floor":2,"turns":4},{"damage":0,"enemies":"Jaw Worm","floor":3,"turns":5},{"damage":0,"enemies":"Large Slime","floor":5,"turns":5},{"damage":4,"enemies":"Exordium Thugs","floor":7,"turns":11},{"damage":0,"enemies":"2 Fungi Beasts","floor":8,"turns":4},{"damage":24,"enemies":"Lagavulin","floor":11,"turns":7},{"damage":6,"enemies":"Looter","floor":14,"turns":2},{"damage":37,"enemies":"Slime Boss","floor":16,"turns":25},{"damage":9,"enemies":"2 Thieves","floor":18,"turns":5},{"damage":15,"enemies":"Chosen","floor":19,"turns":11},{"damage":14,"enemies":"Snecko","floor":21,"turns":8},{"damage":29,"enemies":"Masked Bandits","floor":22,"turns":8},{"damage":1,"enemies":"Snake Plant","floor":24,"turns":5},{"damage":17,"enemies":"Cultist and Chosen","floor":27,"turns":17},{"damage":7,"enemies":"Centurion and Healer","floor":29,"turns":11},{"damage":10,"enemies":"Snake Plant","floor":30,"turns":6},{"damage":25,"enemies":"Collector","floor":33,"turns":5}],"seed_played":"-860740675882542637","potions_obtained":[{"floor":2,"key":"FocusPotion"},{"floor":4,"key":"SteroidPotion"},{"floor":4,"key":"SpeedPotion"},{"floor":8,"key":"Explosive Potion"},{"floor":21,"key":"Block Potion"},{"floor":27,"key":"Strength Potion"},{"floor":29,"key":"SpeedPotion"},{"floor":30,"key":"PowerPotion"}],"is_trial":false,"path_per_floor":["M","M","M","?","M","R","M","M","T","R","E","?","R","M","R","B",null,"M","M","?","M","?","R","M","R","T","M","$","M","M","?","R","B"],"character_chosen":"DEFECT","items_purchased":["Blizzard","Mayhem"],"campfire_rested":4,"item_purchase_floors":[28,28],"current_hp_per_floor":[75,75,75,75,75,75,71,71,71,71,47,36,58,52,52,15,75,66,51,51,37,8,30,29,51,51,34,34,27,17,1,23,0],"gold":78,"neow_bonus":"REMOVE_CARD","is_prod":false,"is_daily":false,"chose_seed":false,"campfire_upgraded":3,"win_rate":0.0,"timestamp":1567291311,"path_taken":["M","M","M","?","?","R","M","M","T","R","E","?","R","M","R","BOSS","M","M","?","?","?","R","M","R","T","M","$","M","M","?","R","BOSS"],"build_version":"2019-07-17","purchased_purges":1,"victory":false,"max_hp_per_floor":[75,75,75,75,75,75,75,75,75,75,75,75,75,75,75,75,75,75,75,75,75,75,75,75,75,75,75,75,75,75,75,75,75],"card_choices":[{"not_picked":["Compile Driver","Go for the Eyes"],"picked":"Coolheaded","floor":1},{"not_picked":["Sweeping Beam","Stack"],"picked":"Gash","floor":2},{"not_picked":["Streamline","BootSequence"],"picked":"Redo","floor":3},{"not_picked":["Melter","Sweeping Beam"],"picked":"Chill","floor":5},{"not_picked":["Barrage","Stack"],"picked":"Coolheaded","floor":7},{"not_picked":["Heatsinks","Darkness"],"picked":"Lockon","floor":8},{"not_picked":["Aggregate","Tempest"],"picked":"Leap","floor":11},{"not_picked":["Reprogram+1","Melter"],"picked":"Stack+1","floor":14},{"not_picked":["Seek+1","Electrodynamics"],"picked":"Creative AI","floor":16},{"not_picked":["Redo+1","Go for the Eyes"],"picked":"Chill+1","floor":18},{"not_picked":["Conserve Battery+1","Barrage+1"],"picked":"Defragment+1","floor":19},{"not_picked":["Sweeping Beam","Leap+1"],"picked":"Gash","floor":21},{"not_picked":["Ball Lightning","Steam+1"],"picked":"Glacier+1","floor":22},{"not_picked":["Beam Cell","Steam+1"],"picked":"Loop","floor":24},{"not_picked":["Buffer","Sweeping Beam"],"picked":"Conserve Battery+1","floor":27},{"not_picked":["Conserve Battery+1","White Noise+1"],"picked":"Gash","floor":29},{"not_picked":["Go for the Eyes","Ball Lightning+1"],"picked":"Skim+1","floor":30}],"player_experience":45483,"relics_obtained":[{"floor":9,"key":"Letter Opener"},{"floor":11,"key":"Toxic Egg 2"},{"floor":22,"key":"Red Mask"},{"floor":26,"key":"Happy Flower"},{"floor":31,"key":"Nilry\u0027s Codex"}],"event_choices":[{"damage_healed":0,"gold_gain":0,"player_choice":"Bought 2 Potions","damage_taken":0,"max_hp_gain":0,"max_hp_loss":0,"event_name":"The Woman in Blue","floor":4,"gold_loss":0},{"damage_healed":0,"gold_gain":75,"player_choice":"Gather Gold","damage_taken":11,"max_hp_gain":0,"max_hp_loss":0,"event_name":"World of Goop","floor":12,"gold_loss":0},{"damage_healed":0,"gold_gain":0,"player_choice":"Bet on Owner","damage_taken":0,"max_hp_gain":0,"max_hp_loss":0,"event_name":"The Joust","floor":20,"gold_loss":50},{"damage_healed":0,"gold_gain":0,"player_choice":"Fought Bandits","damage_taken":0,"max_hp_gain":0,"max_hp_loss":0,"event_name":"Masked Bandits","floor":22,"gold_loss":0},{"damage_healed":0,"gold_gain":0,"player_choice":"Obtained Book","damage_taken":16,"max_hp_gain":0,"max_hp_loss":0,"event_name":"Cursed Tome","floor":31,"gold_loss":0}],"is_beta":false,"boss_relics":[{"not_picked":["Runic Pyramid","Lizard Tail"],"picked":"Inserter"}],"items_purged_floors":[28],"is_endless":false,"potions_floor_spawned":[2,7,8,21,27,29,30],"killed_by":"Collector","ascension_level":0}