{"gold_per_floor":[111,122,122,197,197,197,220,220,300,316,340,340,361,41,41,165,228,243,243,267,306,126,157,157,157,180,191,191,211,221,321,321,422,422,442,101,118,340,356,356,366,378,378,378,70,70,70,70,70,70],"floor_reached":51,"playtime":3549,"items_purged":["Strike_B","Strike_B","Defend_B"],"score":732,"play_id":"44c2e8fd-c0e8-4caa-9fcf-8262ce3c3f23","local_time":"20190903210751","is_ascension_mode":false,"campfire_choices":[{"data":"Fusion","floor":6,"key":"SMITH"},{"data":"Zap","floor":8,"key":"SMITH"},{"floor":15,"key":"REST"},{"data":"Redo","floor":24,"key":"SMITH"},{"floor":28,"key":"REST"},{"floor":32,"key":"REST"},{"data":"Heatsinks","floor":40,"key":"SMITH"},{"data":"Buffer","floor":47,"key":"SMITH"},{"floor":49,"key":"REST"}],"neow_cost":"NONE","seed_source_timestamp":137780980500,"circlet_count":0,"master_deck":["Defend_B+1","Defend_B","Defend_B","Zap+1","Dualcast","Fusion+1","Self Repair","Injury","Lockon","Redo+1","Ball Lightning","Electrodynamics","Coolheaded","Turbo","Writhe","Coolheaded+1","Leap+1","Hello World","Darkness+1","Auto Shields+1","Double Energy+1","Steam+1","Glacier+1","Buffer+1","Heatsinks+1","Static Discharge","Beam Cell","Go for the Eyes","Stack+1","Self Repair+1","Loop","BootSequence+1","Conserve Battery+1","Static Discharge+1","Flash of Steel","Panache","Deep Breath+1"],"relics":["Cracked Core","Bloody Idol","Question Card","Mercury Hourglass","Tiny House","Toxic Egg 2","Red Mask","Letter Opener","Bag of Preparation","Calipers","Mummified Hand","Orrery","Anchor","Bottled Tornado","Du-Vu Doll"],"potions_floor_usage":[20,21,33,50,50],"damage_taken":[{"damage":6,"enemies":"Jaw Worm","floor":1,"turns":3},{"damage":3,"enemies":"Small Slimes","floor":2,"turns":3},{"damage":9,"enemies":"2 Louse","floor":7,"turns":3},{"damage":12,"enemies":"Large Slime","floor":10,"turns":5},{"damage":21,"enemies":"Lots of Slimes","floor":11,"turns":4},{"damage":23,"enemies":"3 Louse","floor":13,"turns":3},{"damage":44,"enemies":"The Guardian","floor":16,"turns":11},{"damage":7,"enemies":"Chosen","floor":18,"turns":5},{"damage":10,"enemies":"Spheric Guardian","floor":20,"turns":5},{"damage":10,"enemies":"Masked Bandits","floor":21,"turns":3},{"damage":32,"enemies":"Gremlin Leader","floor":23,"turns":6},{"damage":14,"enemies":"Shelled Parasite and Fungi","floor":27,"turns":5},{"damage":13,"enemies":"Snake Plant","floor":29,"turns":2},{"damage":16,"enemies":"3 Cultists","floor":30,"turns":4},{"damage":12,"enemies":"Colosseum Slavers","floor":31,"turns":4},{"damage":18,"enemies":"Colosseum Nobs","floor":31,"turns":4},{"damage":68,"enemies":"Champ","floor":33,"turns":14},{"damage":0,"enemies":"3 Shapes","floor":35,"turns":2},{"damage":1,"enemies":"Orb Walker","floor":37,"turns":4},{"damage":10,"enemies":"Writhing Mass","floor":39,"turns":7},{"damage":0,"enemies":"Jaw Worm Horde","floor":41,"turns":4},{"damage":25,"enemies":"Transient","floor":42,"turns":5},{"damage":0,"enemies":"Donu and Deca","floor":50,"turns":10}],"seed_played":"6209415804847415176","potions_obtained":[{"floor":1,"key":"Energy Potion"},{"floor":7,"key":"LiquidBronze"},{"floor":17,"key":"FairyPotion"},{"floor":20,"key":"SkillPotion"},{"floor":23,"key":"SteroidPotion"},{"floor":29,"key":"Dexterity Potion"},{"floor":31,"key":"Block Potion"},{"floor":37,"key":"EssenceOfSteel"},{"floor":42,"key":"PowerPotion"}],"is_trial":false,"path_per_floor":["M","M","?","?","?","R","M","R","T","M","M","?","M","$","R","B",null,"M","?","M","?","$","E","R","?","T","M","R","M","M","?","R","B",null,"M","$","M","?","M","R","M","M","T","?","$","?","R","?","R","B",null],"character_chosen":"DEFECT","items_purchased":["Mercury Hourglass","Hello World","Anchor","Loop","Du-Vu Doll"],"campfire_rested":4,"item_purchase_floors":[14,22,36,36,45],"current_hp_per_floor":[69,66,66,55,60,60,58,58,58,53,39,39,23,23,47,10,85,85,85,82,79,79,54,54,54,59,57,82,81,77,66,85,29,85,85,85,85,85,85,85,85,72,72,62,62,62,62,54,79,85],"gold":70,"neow_bonus":"REMOVE_CARD","is_prod":false,"is_daily":false,"chose_seed":false,"campfire_upgraded":5,"win_rate":0,"timestamp":1567516071,"path_taken":["M","M","?","?","?","R","M","R","T","M","M","?","?","$","R","BOSS","M","?","M","?","$","E","R","?","T","M","R","?","M","?","R","BOSS","M","$","M","?","M","R","M","M","T","?","$","?","R","?","R","BOSS"],"build_version":"2019-07-17","purchased_purges":3,"victory":true,"max_hp_per_floor":[75,75,75,75,80,80,80,80,80,80,80,80,80,80,80,80,85,85,85,85,85,85,85,85,85,85,85,85,85,85,85,85,85,85,85,85,85,85,85,85,85,85,85,85,85,85,85,85,85,85],"card_choices":[{"not_picked":["Rip and Tear","Redo"],"picked":"Fusion","floor":1},{"not_picked":["Streamline","Cold Snap"],"picked":"Self Repair","floor":2},{"not_picked":["Go for the Eyes","BootSequence"],"picked":"Lockon","floor":7},{"not_picked":["Skim","Steam","Chill"],"picked":"Redo","floor":10},{"not_picked":["Conserve Battery","Compile Driver","Double Energy"],"picked":"Ball Lightning","floor":11},{"not_picked":["Steam","Compile Driver","Consume"],"picked":"FTL","floor":13},{"not_picked":["All For One","Core Surge","Buffer"],"picked":"Electrodynamics","floor":16},{"not_picked":["Ball Lightning","Storm","Go for the Eyes"],"picked":"Coolheaded","floor":17},{"not_picked":["Sweeping Beam+1","Streamline","Rebound"],"picked":"Turbo","floor":18},{"not_picked":["Turbo+1","Leap+1","Buffer"],"picked":"Coolheaded+1","floor":20},{"not_picked":["Cold Snap","Steam Power+1","Redo+1"],"picked":"Leap+1","floor":21},{"not_picked":["Go for the Eyes+1","Hologram+1","Barrage+1"],"picked":"Darkness+1","floor":23},{"not_picked":["Loop","Steam+1","Rip and Tear"],"picked":"Auto Shields+1","floor":27},{"not_picked":["Beam Cell","Ball Lightning","Turbo+1"],"picked":"Double Energy+1","floor":29},{"not_picked":["Darkness+1","Redo+1","Melter"],"picked":"Steam+1","floor":30},{"not_picked":["Rainbow+1","Ball Lightning","BootSequence+1"],"picked":"Glacier+1","floor":31},{"not_picked":["Multi-Cast+1","Biased Cognition","Rainbow+1"],"picked":"Buffer","floor":33},{"not_picked":["Darkness+1","Reinforced Body+1","Auto Shields+1"],"picked":"Heatsinks","floor":34},{"not_picked":["Reprogram+1","Coolheaded+1","Compile Driver"],"picked":"Static Discharge","floor":34},{"not_picked":["Coolheaded+1","Redo+1","Auto Shields+1"],"picked":"Beam Cell","floor":34},{"not_picked":["Beam Cell","Steam+1","Leap+1"],"picked":"Go for the Eyes","floor":34},{"not_picked":["Force Field+1","Barrage","Heatsinks"],"picked":"Stack+1","floor":34},{"not_picked":["Auto Shields+1","Ball Lightning","Consume+1"],"picked":"Self Repair+1","floor":35},{"not_picked":["Steam+1","Cold Snap","Aggregate+1"],"picked":"BootSequence+1","floor":37},{"not_picked":["Ball Lightning+1","Reprogram+1","Redo+1"],"picked":"Conserve Battery+1","floor":39},{"not_picked":["Meteor Strike","Recycle+1","Coolheaded+1"],"picked":"Static Discharge+1","floor":41},{"not_picked":["Sweeping Beam","Scrape","Barrage","Rebound"],"picked":"SKIP","floor":42},{"not_picked":["Swift Strike","Madness+1","Purity+1"],"picked":"Flash of Steel","floor":44},{"not_picked":["Secret Technique+1","Blind+1","Impatience+1"],"picked":"Panache","floor":44},{"not_picked":["Forethought+1","Violence+1","Flash of Steel"],"picked":"Deep Breath+1","floor":44}],"player_experience":280461,"relics_obtained":[{"floor":9,"key":"Question Card"},{"floor":21,"key":"Red Mask"},{"floor":23,"key":"Letter Opener"},{"floor":26,"key":"Bag of Preparation"},{"floor":31,"key":"Calipers"},{"floor":31,"key":"Mummified Hand"},{"floor":43,"key":"Bottled Tornado"}],"event_choices":[{"damage_healed":0,"gold_gain":0,"player_choice":"Take Wound","damage_taken":0,"relics_obtained":["Golden Idol"],"max_hp_gain":0,"max_hp_loss":0,"event_name":"Golden Idol","floor":3,"gold_loss":0,"cards_obtained":["Injury"]},{"damage_healed":0,"gold_gain":75,"player_choice":"Gather Gold","damage_taken":11,"max_hp_gain":0,"max_hp_loss":0,"event_name":"World of Goop","floor":4,"gold_loss":0},{"damage_healed":0,"gold_gain":0,"player_choice":"Donut","damage_taken":0,"max_hp_gain":5,"max_hp_loss":0,"event_name":"Big Fish","floor":5,"gold_loss":0},{"cards_removed":["Strike_B"],"damage_healed":0,"gold_gain":0,"player_choice":"Purged","damage_taken":0,"max_hp_gain":0,"max_hp_loss":0,"event_name":"Purifier","floor":12,"gold_loss":0},{"damage_healed":0,"gold_gain":0,"player_choice":"Opened","damage_taken":0,"relics_obtained":["Toxic Egg 2"],"max_hp_gain":0,"max_hp_loss":0,"event_name":"The Mausoleum","floor":19,"gold_loss":0,"cards_obtained":["Writhe"]},{"damage_healed":0,"gold_gain":0,"player_choice":"Fought Bandits","damage_taken":0,"max_hp_gain":0,"max_hp_loss":0,"event_name":"Masked Bandits","floor":21,"gold_loss":0},{"damage_healed":0,"gold_gain":0,"player_choice":"Gave Idol","damage_taken":0,"relics_obtained":["Bloody Idol"],"max_hp_gain":0,"max_hp_loss":0,"event_name":"Forgotten Altar","floor":25,"relics_lost":["Golden Idol"],"gold_loss":0},{"damage_healed":0,"gold_gain":0,"player_choice":"Fight","damage_taken":0,"max_hp_gain":0,"max_hp_loss":0,"event_name":"Colosseum","floor":31,"gold_loss":0},{"damage_healed":0,"gold_gain":0,"player_choice":"Fought Nobs","damage_taken":0,"max_hp_gain":0,"max_hp_loss":0,"event_name":"Colosseum","floor":31,"gold_loss":0},{"damage_healed":0,"gold_gain":222,"player_choice":"Wore Mask","damage_taken":0,"max_hp_gain":0,"max_hp_loss":0,"event_name":"Tomb of Lord Red Mask","floor":38,"gold_loss":0},{"damage_healed":0,"gold_gain":0,"player_choice":"Memory 3","damage_taken":10,"max_hp_gain":0,"max_hp_loss":0,"event_name":"SensoryStone","floor":44,"gold_loss":0},{"cards_removed":["FTL"],"damage_healed":0,"gold_gain":0,"player_choice":"Removed Attack","damage_taken":0,"max_hp_gain":0,"max_hp_loss":0,"event_name":"Falling","floor":46,"gold_loss":0},{"damage_healed":0,"gold_gain":0,"player_choice":"Damaged","damage_taken":8,"max_hp_gain":0,"max_hp_loss":0,"event_name":"Wheel of Change","floor":48,"gold_loss":0}],"is_beta":false,"boss_relics":[{"not_picked":["Sozu","Astrolabe"],"picked":"Tiny House"},{"not_picked":["Inserter","White Beast Statue"],"picked":"Orrery"}],"items_purged_floors":[14,22,36],"is_endless":false,"potions_floor_spawned":[1,7,18,20,23,29,31,31,37,42],"ascension_level":0}