{"gold_per_floor":[111,111,111,123,140,167,167,199,199,474,493,40,104,135,135,209,209,220,220,15,15,15,43,43,56,56,4,23,23,23,38,38,115,115,126,126,26,40,51,77,111,141,141,168,196,296,324,340,340,340,340,340,340,94,129,129],"floor_reached":57,"playtime":3179,"items_purged":["Regret","Strike_R"],"score":2978,"play_id":"d7cff8c7-cfff-491a-9d4f-5cbbcce8e8cc","local_time":"20190901185323","is_ascension_mode":true,"campfire_choices":[{"data":"Perfected Strike","floor":7.0,"key":"SMITH"},{"data":"Limit Break","floor":15.0,"key":"SMITH"},{"data":"Demon Form","floor":24.0,"key":"SMITH"},{"data":"Rupture","floor":30.0,"key":"SMITH"},{"data":"True Grit","floor":32.0,"key":"SMITH"},{"floor":49,"key":"RECALL"},{"data":"Shockwave","floor":53,"key":"SMITH"}],"neow_cost":"NONE","seed_source_timestamp":45110673130700,"circlet_count":0,"master_deck":["AscendersBane","Strike_R","Strike_R","Strike_R","Strike_R","Defend_R","Defend_R","Defend_R","Defend_R","Bash","Pommel Strike","Perfected Strike","Pain","Perfected Strike+1","True Grit","True Grit+1","Flame Barrier","Limit Break+1","Offering","Combust","Shockwave+1","Rupture+1","Demon Form+1","Battle Trance","True Grit+1","Reaper","Shrug It Off+1","Purity+1","Shrug It Off+1","Disarm+1","Anger","Heavy Blade+1","Shrug It Off+1","Disarm+1","Evolve+1"],"special_seed":0,"relics":["Burning Blood","Oddly Smooth Stone","WarpedTongs","Pear","Self Forming Clay","Red Skull","Torii","Question Card","Anchor","Coffee Dripper","WingedGreaves","Toxic Egg 2","Runic Cube","Blood Vial","Mummified Hand","Potion Belt","Pantograph","Mango","Happy Flower","Bag of Marbles","Turnip"],"potions_floor_usage":[33,55,56,56,56,56],"damage_taken":[{"damage":6.0,"enemies":"Jaw Worm","floor":1.0,"turns":4.0},{"damage":0.0,"enemies":"2 Louse","floor":4.0,"turns":2.0},{"damage":2.0,"enemies":"Cultist","floor":5.0,"turns":2.0},{"damage":30.0,"enemies":"Lagavulin","floor":6.0,"turns":5.0},{"damage":24.0,"enemies":"3 Sentries","floor":8.0,"turns":7.0},{"damage":5.0,"enemies":"Looter","floor":11.0,"turns":3.0},{"damage":13.0,"enemies":"3 Sentries","floor":13.0,"turns":9.0},{"damage":12.0,"enemies":"Lagavulin","floor":14.0,"turns":6.0},{"damage":7.0,"enemies":"The Guardian","floor":16.0,"turns":10.0},{"damage":10.0,"enemies":"Chosen","floor":18.0,"turns":3.0},{"damage":17.0,"enemies":"Book of Stabbing","floor":23.0,"turns":5.0},{"damage":21.0,"enemies":"Spheric Guardian","floor":25.0,"turns":4.0},{"damage":11.0,"enemies":"Shelled Parasite and Fungi","floor":28.0,"turns":3.0},{"damage":13.0,"enemies":"Centurion and Healer","floor":31.0,"turns":5.0},{"damage":34,"enemies":"Collector","floor":33,"turns":6},{"damage":13,"enemies":"3 Shapes","floor":35,"turns":6},{"damage":21,"enemies":"3 Darklings","floor":38,"turns":5},{"damage":31,"enemies":"4 Shapes","floor":39,"turns":5},{"damage":97,"enemies":"Giant Head","floor":40,"turns":9},{"damage":46,"enemies":"Reptomancer","floor":41,"turns":5},{"damage":19,"enemies":"Giant Head","floor":42,"turns":5},{"damage":76,"enemies":"Reptomancer","floor":44,"turns":8},{"damage":38,"enemies":"Nemesis","floor":45,"turns":7},{"damage":15,"enemies":"Mind Bloom Boss Battle","floor":46,"turns":7},{"damage":58,"enemies":"Giant Head","floor":47,"turns":6},{"damage":24,"enemies":"Writhing Mass","floor":48,"turns":6},{"damage":90,"enemies":"Donu and Deca","floor":50,"turns":9},{"damage":42,"enemies":"Time Eater","floor":51,"turns":8},{"damage":62,"enemies":"Shield and Spear","floor":55,"turns":5},{"damage":106,"enemies":"The Heart","floor":56,"turns":10}],"seed_played":"-1765426146275001298","potions_obtained":[{"floor":4.0,"key":"FearPotion"},{"floor":6.0,"key":"SteroidPotion"},{"floor":11.0,"key":"SmokeBomb"},{"floor":25.0,"key":"SteroidPotion"},{"floor":33,"key":"Ancient Potion"},{"floor":45,"key":"SneckoOil"},{"floor":46,"key":"SkillPotion"},{"floor":55,"key":"GamblersBrew"}],"is_trial":false,"path_per_floor":["M","?","?","M","M","E","R","E","T","?","M","$","?","E","R","B",null,"M","?","$","?","$","E","R","M","T","$","M","?","R","M","R","B",null,"M","?","$","M","M","E","E","E","T","E","E","?","E","M","R","B","B",null,"R","$","E","B",null],"character_chosen":"IRONCLAD","items_purchased":["Torii","True Grit","Shockwave","Rupture","Regen Potion","True Grit+1","Bag of Marbles","Ancient Potion"],"campfire_rested":0,"item_purchase_floors":[12,12,20,20,20,27,54,54],"current_hp_per_floor":[68,50,50,56,60,46,46,28,28,28,29,29,22,16,16,15,68,64,64,64,64,64,53,53,38,38,38,33,50,50,43,43,30,71,64,64,64,81,85,51,50,83,83,42,79,99,65,88,88,66,99,99,99,99,43,44],"gold":129,"neow_bonus":"THREE_CARDS","is_prod":false,"is_daily":false,"chose_seed":false,"campfire_upgraded":6,"win_rate":0,"timestamp":1567389203,"path_taken":["M","?","?","?","M","E","R","E","T","?","?","$","?","E","R","BOSS","M","?","$","?","$","E","R","M","T","?","M","?","R","M","R","BOSS","M","?","$","M","M","E","E","E","T","E","E","?","E","M","R","BOSS","BOSS","R","$","E","BOSS"],"build_version":"2019-07-17","purchased_purges":2,"victory":true,"max_hp_per_floor":[75,75,75,75,75,85,85,85,85,85,85,85,85,85,85,85,85,85,85,85,85,85,85,85,85,85,85,85,85,85,85,85,85,85,85,85,85,85,85,85,85,85,85,85,85,99,99,99,99,99,99,99,99,99,99,99],"card_choices":[{"not_picked":["Warcry","Headbutt"],"picked":"Pommel Strike","floor":0.0},{"not_picked":["Clothesline","Armaments"],"picked":"Perfected Strike","floor":1.0},{"not_picked":["Second Wind","Dual Wield"],"picked":"Perfected Strike","floor":4.0},{"not_picked":["Iron Wave","Metallicize","Pummel"],"picked":"SKIP","floor":5.0},{"not_picked":["Searing Blow","Twin Strike","Warcry"],"picked":"SKIP","floor":6.0},{"not_picked":["Searing Blow","Twin Strike","Warcry"],"picked":"SKIP","floor":6.0},{"not_picked":["Pummel","Thunderclap","Dark Embrace"],"picked":"SKIP","floor":8.0},{"not_picked":["Ghostly Armor","Twin Strike"],"picked":"True Grit","floor":11.0},{"not_picked":["Heavy Blade","Cleave"],"picked":"Flame Barrier","floor":13.0},{"not_picked":["Perfected Strike","Burning Pact","Searing Blow"],"picked":"Limit Break","floor":14.0},{"not_picked":["Feed","Juggernaut","Impervious"],"picked":"Offering","floor":16.0},{"not_picked":["Heavy Blade","Twin Strike","Headbutt"],"picked":"Combust","floor":18.0},{"not_picked":["Headbutt","Pommel Strike","Bloodletting"],"picked":"Demon Form","floor":23.0},{"not_picked":["Armaments","Rage+1","Second Wind"],"picked":"Battle Trance","floor":25.0},{"not_picked":["Intimidate+1","Shockwave+1","Pommel Strike","Heavy Blade"],"picked":"SKIP","floor":28.0},{"not_picked":["Inflame","Warcry+1","Perfected Strike","Clash"],"picked":"SKIP","floor":31.0},{"not_picked":["Immolate","Juggernaut","Demon Form"],"picked":"Reaper","floor":33},{"not_picked":["True Grit+1","Perfected Strike","Heavy Blade"],"picked":"Shrug It Off+1","floor":35},{"not_picked":["Mayhem","Trip+1","Enlightenment+1"],"picked":"Purity+1","floor":36},{"not_picked":["Inflame","Armaments+1","Intimidate+1"],"picked":"Shrug It Off+1","floor":38},{"not_picked":["Armaments+1","Thunderclap","Intimidate+1"],"picked":"Disarm+1","floor":39},{"not_picked":["Iron Wave+1","Thunderclap+1","Clothesline+1"],"picked":"Anger","floor":40},{"not_picked":["Blood for Blood","Entrench+1","Fire Breathing","Bloodletting+1"],"picked":"SKIP","floor":41},{"not_picked":["Seeing Red+1","Perfected Strike+1","Flex+1","Juggernaut"],"picked":"SKIP","floor":42},{"not_picked":["Heavy Blade","Wild Strike","Shrug It Off+1","Body Slam+1"],"picked":"SKIP","floor":44},{"not_picked":["Twin Strike","Body Slam","True Grit+1"],"picked":"Heavy Blade+1","floor":45},{"not_picked":["Armaments+1","Sword Boomerang","Metallicize"],"picked":"Shrug It Off+1","floor":46},{"not_picked":["True Grit+1","Headbutt","Reckless Charge+1"],"picked":"Disarm+1","floor":47},{"not_picked":["Twin Strike","Body Slam","Clash","Intimidate+1"],"picked":"SKIP","floor":48},{"not_picked":["Twin Strike","Cleave+1","Ghostly Armor+1"],"picked":"Evolve+1","floor":55}],"player_experience":830155,"relics_obtained":[{"floor":6.0,"key":"Pear"},{"floor":8.0,"key":"Self Forming Clay"},{"floor":9.0,"key":"Red Skull"},{"floor":13.0,"key":"Question Card"},{"floor":14.0,"key":"Anchor"},{"floor":23.0,"key":"WingedGreaves"},{"floor":26.0,"key":"Toxic Egg 2"},{"floor":40,"key":"Blood Vial"},{"floor":42,"key":"Mummified Hand"},{"floor":44,"key":"Potion Belt"},{"floor":45,"key":"Pantograph"},{"floor":46,"key":"Mango"},{"floor":47,"key":"Happy Flower"},{"floor":55,"key":"Turnip"}],"event_choices":[{"damage_healed":0.0,"max_hp_gain":0.0,"max_hp_loss":0.0,"gold_gain":0.0,"event_name":"Scrap Ooze","player_choice":"Success","floor":2.0,"gold_loss":0.0,"damage_taken":18.0,"relics_obtained":["Oddly Smooth Stone"]},{"damage_healed":0.0,"max_hp_gain":0.0,"max_hp_loss":0.0,"gold_gain":0.0,"event_name":"Accursed Blacksmith","player_choice":"Rummage","floor":3.0,"gold_loss":0.0,"damage_taken":0.0,"relics_obtained":["WarpedTongs"],"cards_obtained":["Pain"]},{"damage_healed":0.0,"max_hp_gain":0.0,"max_hp_loss":0.0,"gold_gain":275.0,"event_name":"Golden Shrine","player_choice":"Desecrate","floor":10.0,"gold_loss":0.0,"damage_taken":0.0,"cards_obtained":["Regret"]},{"damage_healed":0.0,"max_hp_gain":0.0,"max_hp_loss":0.0,"gold_gain":0.0,"event_name":"Dead Adventurer","player_choice":"Searched \u00272\u0027 times","floor":13.0,"gold_loss":0.0,"damage_taken":0.0},{"damage_healed":0.0,"max_hp_gain":0.0,"max_hp_loss":0.0,"gold_gain":0.0,"event_name":"Ghosts","player_choice":"Ignored","floor":19.0,"gold_loss":0.0,"damage_taken":0.0},{"damage_healed":0.0,"max_hp_gain":0.0,"max_hp_loss":0.0,"gold_gain":0.0,"event_name":"The Mausoleum","player_choice":"Ignored","floor":21.0,"gold_loss":0.0,"damage_taken":0.0},{"damage_healed":17.0,"max_hp_gain":0.0,"max_hp_loss":0.0,"gold_gain":0.0,"event_name":"The Library","player_choice":"Heal","floor":29.0,"gold_loss":0.0,"damage_taken":0.0},{"damage_healed":0,"gold_gain":0,"player_choice":"Memory 1","damage_taken":0,"max_hp_gain":0,"max_hp_loss":0,"event_name":"SensoryStone","floor":36,"gold_loss":0},{"damage_healed":0,"gold_gain":0,"player_choice":"Fight","damage_taken":0,"max_hp_gain":0,"max_hp_loss":0,"event_name":"MindBloom","floor":46,"gold_loss":0}],"is_beta":false,"boss_relics":[{"not_picked":["Calling Bell","Eternal Feather"],"picked":"Coffee Dripper"},{"not_picked":["Runic Dome","Astrolabe"],"picked":"Runic Cube"}],"items_purged_floors":[12,37],"is_endless":false,"potions_floor_spawned":[4,6,11,25,28,33,38,39,41,45,46,55],"ascension_level":20}