{"gold_per_floor":[116,136,154,167,21,21,39,39,39,55,55,31,31,51,51,147,147,159,174,174,74,74,74,88,102,102,122,447,447,466,477,477,572,572,592,48,48,148,23,23,49,49,49,49,1,16,33,43,43,43],"floor_reached":51,"playtime":2960,"items_purged":["Strike_B","Parasite","Strike_B"],"score":858,"play_id":"3c6a3215-8e10-4554-ba17-e7f72a2da343","local_time":"20190116185634","is_ascension_mode":true,"campfire_choices":[{"data":"Defragment","floor":6.0,"key":"SMITH"},{"data":"Self Repair","floor":8.0,"key":"SMITH"},{"data":"Hologram","floor":15.0,"key":"SMITH"},{"data":"Self Repair","floor":23.0,"key":"SMITH"},{"data":"Defragment","floor":29.0,"key":"SMITH"},{"data":"Glacier","floor":32.0,"key":"SMITH"},{"data":"Electrodynamics","floor":40.0,"key":"SMITH"},{"data":"Meteor Strike","floor":42.0,"key":"SMITH"},{"data":"Leap","floor":44,"key":"SMITH"},{"floor":49,"key":"REST"}],"neow_cost":"NONE","seed_source_timestamp":0,"circlet_count":0,"master_deck":["Strike_B","Strike_B","Defend_B","Defend_B","Defend_B","Defend_B","Zap+1","Compile Driver","Steam","FTL+1","Self Repair+1","Self Repair+1","Defragment+1","Steam","Leap+1","Rebound","Hologram+1","Electrodynamics+1","Coolheaded+1","Go for the Eyes+1","Necronomicurse","Defragment+1","Auto Shields+1","Reinforced Body+1","Glacier+1","Undo","Stack","Meteor Strike+1","Skim+1","Conserve Battery+1","Double Energy+1","Leap","Tempest"],"special_seed":0,"relics":["Cracked Core","Ice Cream","Cursed Key","Necronomicon","Old Coin","Inserter","Singing Bowl","Ginger","FossilizedHelix","Calipers"],"potions_floor_usage":[],"damage_taken":[{"damage":8.0,"enemies":"Jaw Worm","floor":1.0,"turns":4.0},{"damage":3.0,"enemies":"2 Louse","floor":2.0,"turns":3.0},{"damage":1.0,"enemies":"Small Slimes","floor":3.0,"turns":3.0},{"damage":31.0,"enemies":"Exordium Thugs","floor":4.0,"turns":5.0},{"damage":12.0,"enemies":"3 Louse","floor":7.0,"turns":5.0},{"damage":6.0,"enemies":"Looter","floor":10.0,"turns":4.0},{"damage":24.0,"enemies":"Exordium Wildlife","floor":14.0,"turns":5.0},{"damage":18.0,"enemies":"The Guardian","floor":16.0,"turns":11.0},{"damage":16.0,"enemies":"Chosen","floor":18.0,"turns":5.0},{"damage":3.0,"enemies":"Shell Parasite","floor":19.0,"turns":6.0},{"damage":27.0,"enemies":"Snake Plant","floor":24.0,"turns":5.0},{"damage":14.0,"enemies":"Centurion and Healer","floor":25.0,"turns":5.0},{"damage":19.0,"enemies":"Snecko","floor":27.0,"turns":5.0},{"damage":24.0,"enemies":"Gremlin Leader","floor":28.0,"turns":8.0},{"damage":9.0,"enemies":"Cultist and Chosen","floor":30.0,"turns":8.0},{"damage":16.0,"enemies":"Sentry and Sphere","floor":31.0,"turns":7.0},{"damage":44.0,"enemies":"Collector","floor":33.0,"turns":16.0},{"damage":20.0,"enemies":"3 Darklings","floor":35.0,"turns":4.0},{"damage":12.0,"enemies":"Mind Bloom Boss Battle","floor":38.0,"turns":6.0},{"damage":48.0,"enemies":"Reptomancer","floor":41.0,"turns":6.0},{"damage":0,"enemies":"3 Shapes","floor":46,"turns":2},{"damage":0,"enemies":"Maw","floor":47,"turns":6},{"damage":26,"enemies":"Jaw Worm Horde","floor":48,"turns":4},{"damage":11,"enemies":"Time Eater","floor":50,"turns":17}],"seed_played":"114497916089076267","potions_obtained":[{"floor":2.0,"key":"Explosive Potion"},{"floor":7.0,"key":"Ancient Potion"},{"floor":10.0,"key":"Dexterity Potion"},{"floor":24.0,"key":"Fire Potion"},{"floor":30.0,"key":"AttackPotion"},{"floor":31.0,"key":"Fire Potion"},{"floor":33.0,"key":"Swift Potion"},{"floor":41.0,"key":"Ancient Potion"}],"is_trial":false,"path_per_floor":["M","M","M","M","$","R","M","R","T","M","?","$","?","M","R","B",null,"M","M","?","$","?","R","M","M","T","M","E","R","M","M","R","B",null,"M","$","?","?","$","R","E","R","T","R","$","M","M","M","R","B",null],"character_chosen":"DEFECT","items_purchased":["Defragment","Rebound","Singing Bowl","Ginger","Leap"],"campfire_rested":1,"item_purchase_floors":[5,12,36,36,45],"current_hp_per_floor":[60,57,56,32,32,32,34,34,34,45,63,63,48,41,41,40,66,67,75,59,59,59,59,52,58,58,59,55,55,66,70,70,46,66,66,66,66,68,68,68,40,40,40,40,40,42,64,38,59,68],"gold":43,"neow_bonus":"TRANSFORM_CARD","is_prod":false,"is_daily":false,"chose_seed":false,"campfire_upgraded":9,"win_rate":0,"timestamp":1547686594,"path_taken":["M","M","M","M","$","R","M","R","T","M","?","$","?","M","R","BOSS","M","M","?","$","?","R","M","M","T","?","E","R","M","M","R","BOSS","M","$","?","?","?","R","E","R","T","R","$","M","M","M","R","BOSS"],"build_version":"2019-01-10","purchased_purges":3,"victory":true,"max_hp_per_floor":[75,75,75,75,75,75,75,75,75,75,75,75,75,75,75,75,75,75,75,75,72,72,72,72,72,72,72,72,72,72,72,72,72,72,72,72,68,68,68,68,68,68,68,68,68,70,72,72,72,72],"card_choices":[{"not_picked":["Capacitor","Tempest"],"picked":"Steam","floor":1.0},{"not_picked":["Steam","Reinforced Body"],"picked":"FTL","floor":2.0},{"not_picked":["White Noise","Hologram"],"picked":"Self Repair","floor":3.0},{"not_picked":["Rebound","Sweeping Beam"],"picked":"Self Repair","floor":4.0},{"not_picked":["Ball Lightning","Gash"],"picked":"Steam","floor":7.0},{"not_picked":["Double Energy","Gash"],"picked":"Leap","floor":10.0},{"not_picked":["All For One","Turbo"],"picked":"Hologram","floor":14.0},{"not_picked":["Rainbow","Meteor Strike"],"picked":"Electrodynamics","floor":16.0},{"not_picked":["Defragment","Steam+1"],"picked":"Coolheaded+1","floor":18.0},{"not_picked":["Coolheaded","Chill"],"picked":"Go for the Eyes+1","floor":19.0},{"not_picked":["Steam","Consume+1"],"picked":"Defragment","floor":24.0},{"not_picked":["Fusion","Static Discharge"],"picked":"Auto Shields+1","floor":25.0},{"not_picked":["Loop","Rainbow"],"picked":"Reinforced Body+1","floor":27.0},{"not_picked":["Go for the Eyes","Turbo"],"picked":"Glacier","floor":28.0},{"not_picked":["Defragment","Aggregate"],"picked":"Undo","floor":30.0},{"not_picked":["Coolheaded","Sweeping Beam"],"picked":"Stack","floor":31.0},{"not_picked":["Core Surge","Multi-Cast"],"picked":"Meteor Strike","floor":33.0},{"not_picked":["Ball Lightning","Heatsinks+1"],"picked":"Skim+1","floor":35.0},{"not_picked":["Static Discharge","Fusion+1"],"picked":"Conserve Battery+1","floor":38.0},{"not_picked":["Cold Snap+1","Conserve Battery"],"picked":"Double Energy+1","floor":41.0},{"not_picked":["Rebound","Sweeping Beam","Reprogram"],"picked":"Singing Bowl","floor":46},{"not_picked":["Go for the Eyes","White Noise","Hologram"],"picked":"Singing Bowl","floor":47},{"not_picked":["Chill+1","Undo+1"],"picked":"Tempest","floor":48}],"player_experience":144282,"relics_obtained":[{"floor":9.0,"key":"Ice Cream"},{"floor":20.0,"key":"Necronomicon"},{"floor":28.0,"key":"Old Coin"},{"floor":38.0,"key":"FossilizedHelix"},{"floor":41.0,"key":"Calipers"}],"event_choices":[{"damage_healed":18.0,"max_hp_gain":0.0,"max_hp_loss":0.0,"gold_gain":0.0,"event_name":"Mushrooms","player_choice":"Healed and dodged fight","floor":11.0,"gold_loss":0.0,"damage_taken":0.0,"cards_obtained":["Parasite"]},{"damage_healed":0.0,"max_hp_gain":0.0,"max_hp_loss":0.0,"gold_gain":0.0,"event_name":"Shining Light","player_choice":"Entered Light","floor":13.0,"gold_loss":0.0,"damage_taken":15.0,"cards_upgraded":["Zap","FTL"]},{"damage_healed":0.0,"max_hp_gain":0.0,"max_hp_loss":0.0,"gold_gain":0.0,"event_name":"Cursed Tome","player_choice":"Obtained Book","floor":20.0,"gold_loss":0.0,"damage_taken":16.0},{"damage_healed":0.0,"max_hp_gain":0.0,"max_hp_loss":0.0,"gold_gain":0.0,"event_name":"Ghosts","player_choice":"Ignored","floor":22.0,"gold_loss":0.0,"damage_taken":0.0},{"damage_healed":0.0,"max_hp_gain":0.0,"max_hp_loss":4.0,"gold_gain":0.0,"event_name":"Winding Halls","player_choice":"Max HP","floor":37.0,"gold_loss":0.0,"damage_taken":0.0},{"damage_healed":0.0,"max_hp_gain":0.0,"max_hp_loss":0.0,"gold_gain":0.0,"event_name":"MindBloom","player_choice":"Fight","floor":38.0,"gold_loss":0.0,"damage_taken":0.0}],"is_beta":false,"boss_relics":[{"not_picked":["Black Star","Tiny House"],"picked":"Cursed Key"},{"not_picked":["Busted Crown","Snecko Eye"],"picked":"Inserter"}],"items_purged_floors":[5,21,39],"is_endless":false,"potions_floor_spawned":[2,7,10,16,24,30,31,33,41,47],"ascension_level":6}