{"gold_per_floor":[110,121,28,28,47,47,62,62,62,81,81,95,170,170,170,275,275,288,305,37,37,37,37,49,64,64,64,82,110,110,130,130,234,234,244,244,120,133,149,149,0,0,23,82,49,74,26,43,43,43],"floor_reached":51,"playtime":2309,"items_purged":["Strike_B","Defend_B"],"score":1143,"play_id":"1a5652d6-b4e6-47e2-96c7-f64c28edf7e1","local_time":"20190826161331","is_ascension_mode":true,"campfire_choices":[{"data":"Sunder","floor":6.0,"key":"SMITH"},{"data":"Zap","floor":8.0,"key":"SMITH"},{"data":"Leap","floor":11.0,"key":"SMITH"},{"data":"Leap","floor":15.0,"key":"SMITH"},{"data":"Rainbow","floor":23.0,"key":"SMITH"},{"data":"Leap","floor":27.0,"key":"SMITH"},{"data":"Seek","floor":30.0,"key":"SMITH"},{"floor":32.0,"key":"REST"},{"floor":40,"key":"REST"},{"data":"Hologram","floor":42,"key":"SMITH"},{"floor":49,"key":"REST"}],"neow_cost":"NONE","seed_source_timestamp":0,"circlet_count":0,"master_deck":["AscendersBane","Defend_B","Defend_B","Defend_B","Zap+1","Dualcast","Coolheaded","Sunder+1","Cold Snap","Finesse","Leap+1","Steam","Leap+1","Leap+1","Rainbow+1","Consume+1","Leap","Rebound","Leap","Beam Cell+1","Turbo+1","Conserve Battery","Seek+1","Meteor Strike","Glacier","Hologram+1","Blizzard+1","Tempest","Compile Driver","Creative AI","Cold Snap"],"special_seed":0,"relics":["Cracked Core","Calipers","Question Card","Velvet Choker","Runic Capacitor","PreservedInsect","Ice Cream","Inserter","Red Mask","MawBank","Bag of Marbles","Lantern"],"potions_floor_usage":[39,46,50],"damage_taken":[{"damage":7.0,"enemies":"Jaw Worm","floor":1.0,"turns":3.0},{"damage":1.0,"enemies":"Small Slimes","floor":2.0,"turns":2.0},{"damage":0.0,"enemies":"2 Louse","floor":5.0,"turns":3.0},{"damage":4.0,"enemies":"Blue Slaver","floor":7.0,"turns":3.0},{"damage":15.0,"enemies":"Gremlin Gang","floor":10.0,"turns":4.0},{"damage":0.0,"enemies":"2 Fungi Beasts","floor":12.0,"turns":3.0},{"damage":0.0,"enemies":"Slime Boss","floor":16.0,"turns":14.0},{"damage":7.0,"enemies":"Spheric Guardian","floor":18.0,"turns":4.0},{"damage":13.0,"enemies":"2 Thieves","floor":19.0,"turns":4.0},{"damage":8.0,"enemies":"Snecko","floor":24.0,"turns":7.0},{"damage":0.0,"enemies":"Chosen and Byrds","floor":25.0,"turns":7.0},{"damage":16.0,"enemies":"Snake Plant","floor":28.0,"turns":6.0},{"damage":0.0,"enemies":"Book of Stabbing","floor":29.0,"turns":5.0},{"damage":1.0,"enemies":"Cultist and Chosen","floor":31.0,"turns":7.0},{"damage":28,"enemies":"Collector","floor":33,"turns":13},{"damage":17,"enemies":"3 Darklings","floor":35,"turns":8},{"damage":3,"enemies":"Orb Walker","floor":38,"turns":6},{"damage":26,"enemies":"Jaw Worm Horde","floor":39,"turns":6},{"damage":19,"enemies":"Giant Head","floor":46,"turns":7},{"damage":14,"enemies":"Spire Growth","floor":48,"turns":5},{"damage":13,"enemies":"Time Eater","floor":50,"turns":13}],"seed_played":"2080082013970097254","potions_obtained":[{"floor":1.0,"key":"SteroidPotion"},{"floor":7.0,"key":"Block Potion"},{"floor":10.0,"key":"SpeedPotion"},{"floor":12.0,"key":"Swift Potion"},{"floor":18.0,"key":"Fire Potion"},{"floor":24.0,"key":"Swift Potion"},{"floor":25.0,"key":"SkillPotion"},{"floor":33,"key":"FocusPotion"},{"floor":35,"key":"SteroidPotion"},{"floor":39,"key":"AttackPotion"},{"floor":48,"key":"Weak Potion"}],"is_trial":false,"path_per_floor":["M","M","$","?","M","R","M","R","T","M","R","M","?","?","R","B",null,"M","M","$","?","?","R","M","M","T","R","M","E","R","M","R","B",null,"M","?","$","M","M","R","?","R","T","T","$","E","$","M","R","B",null],"character_chosen":"DEFECT","items_purchased":["Finesse","Runic Capacitor","Hologram","Compile Driver","SkillPotion"],"campfire_rested":3,"item_purchase_floors":[3,20,37,45,47],"current_hp_per_floor":[61,60,60,53,53,53,49,49,49,34,34,34,23,48,48,48,68,61,48,48,48,48,48,40,40,40,40,24,24,24,23,45,17,61,44,44,44,41,15,37,37,37,37,37,37,18,18,4,26,13],"gold":43,"neow_bonus":"TRANSFORM_CARD","is_prod":false,"is_daily":false,"chose_seed":false,"campfire_upgraded":8,"win_rate":0,"timestamp":1566854011,"path_taken":["M","M","$","?","M","R","M","R","T","M","R","M","?","?","R","BOSS","M","M","$","?","?","R","M","M","T","R","M","E","R","M","R","BOSS","M","?","$","M","M","R","?","R","T","?","?","E","$","M","R","BOSS"],"build_version":"2019-07-17","purchased_purges":2,"victory":true,"max_hp_per_floor":[75,75,75,75,75,75,75,75,75,75,75,75,75,75,75,75,75,75,75,75,75,75,75,75,75,75,75,75,75,75,75,75,75,75,75,75,75,75,75,75,75,75,75,75,75,75,75,75,75,75],"card_choices":[{"not_picked":["Skim","Leap"],"picked":"Sunder","floor":1.0},{"not_picked":["Recycle","Sweeping Beam"],"picked":"Cold Snap","floor":2.0},{"not_picked":["Recycle","White Noise"],"picked":"Leap","floor":5.0},{"not_picked":["Sweeping Beam","Melter"],"picked":"Steam","floor":7.0},{"not_picked":["Double Energy","Steam","Redo"],"picked":"Leap","floor":10.0},{"not_picked":["Static Discharge","Hologram","Gash"],"picked":"Leap","floor":12.0},{"not_picked":["Seek","Biased Cognition","Core Surge"],"picked":"Rainbow","floor":16.0},{"not_picked":["BootSequence","FTL","Go for the Eyes"],"picked":"Consume+1","floor":18.0},{"not_picked":["Steam","Gash","Hyperbeam"],"picked":"Leap","floor":19.0},{"not_picked":["Turbo","Gash","Reinforced Body"],"picked":"Beam Cell+1","floor":24.0},{"not_picked":["Compile Driver","Hologram","Steam"],"picked":"Turbo+1","floor":25.0},{"not_picked":["Stack+1","Darkness","Steam"],"picked":"Conserve Battery","floor":28.0},{"not_picked":["Hello World","Turbo","Compile Driver"],"picked":"Seek","floor":29.0},{"not_picked":["Go for the Eyes","Scrape+1","Rebound"],"picked":"Redo","floor":31.0},{"not_picked":["Amplify","Rainbow","Seek"],"picked":"Meteor Strike","floor":33},{"not_picked":["Hologram","Turbo+1","Self Repair"],"picked":"Glacier","floor":35},{"not_picked":["Hologram","Reinforced Body+1","Streamline+1"],"picked":"Blizzard+1","floor":38},{"not_picked":["Cold Snap+1","Beam Cell","Compile Driver"],"picked":"Tempest","floor":39},{"not_picked":["Gash","Doom and Gloom+1","Genetic Algorithm"],"picked":"Creative AI","floor":46},{"not_picked":["Beam Cell+1","Conserve Battery","Double Energy+1"],"picked":"Cold Snap","floor":48}],"player_experience":386550,"relics_obtained":[{"floor":9.0,"key":"Question Card"},{"floor":26.0,"key":"PreservedInsect"},{"floor":29.0,"key":"Ice Cream"},{"floor":43,"key":"MawBank"},{"floor":44,"key":"Bag of Marbles"},{"floor":46,"key":"Lantern"}],"event_choices":[{"damage_healed":0.0,"max_hp_gain":0.0,"max_hp_loss":0.0,"gold_gain":0.0,"event_name":"Scrap Ooze","player_choice":"Success","floor":4.0,"gold_loss":0.0,"damage_taken":7.0,"relics_obtained":["Calipers"]},{"damage_healed":0.0,"max_hp_gain":0.0,"max_hp_loss":0.0,"gold_gain":75.0,"event_name":"World of Goop","player_choice":"Gather Gold","floor":13.0,"gold_loss":0.0,"damage_taken":11.0},{"damage_healed":25.0,"max_hp_gain":0.0,"max_hp_loss":0.0,"gold_gain":0.0,"event_name":"Big Fish","player_choice":"Banana","floor":14.0,"gold_loss":0.0,"damage_taken":0.0},{"damage_healed":0.0,"max_hp_gain":0.0,"max_hp_loss":0.0,"gold_gain":0.0,"cards_transformed":["Strike_B","Strike_B"],"event_name":"Drug Dealer","player_choice":"Became Test Subject","floor":21.0,"gold_loss":0.0,"damage_taken":0.0,"cards_obtained":["Rebound","Leap"]},{"cards_removed":["Redo"],"damage_healed":0,"gold_gain":0,"player_choice":"Removed Skill","damage_taken":0,"max_hp_gain":0,"max_hp_loss":0,"event_name":"Falling","floor":36,"gold_loss":0},{"damage_healed":0,"gold_gain":0,"player_choice":"Paid","damage_taken":0,"relics_obtained":["Red Mask"],"max_hp_gain":0,"max_hp_loss":0,"event_name":"Tomb of Lord Red Mask","floor":41,"gold_loss":149}],"is_beta":false,"boss_relics":[{"not_picked":["Black Star","Runic Dome"],"picked":"Velvet Choker"},{"not_picked":["Fusion Hammer","Empty Cage"],"picked":"Inserter"}],"items_purged_floors":[20,37],"is_endless":false,"potions_floor_spawned":[1,7,10,12,18,24,25,33,35,39,48],"ascension_level":10}