{"gold_per_floor":[114,125,125,141,141,141,184,184,184,219,233,269,58,79,79,202,202,226,250,273,42,42,80,205,205,231,112,130,155,176,17,17,143,143,167,167,39,62,62,97,122,187,260,273,273,288,288,302,302,302],"floor_reached":51,"playtime":6646,"items_purged":["Strike_R","Normality","Strike_R"],"score":1267,"play_id":"4e083df6-1d13-46dc-b871-07523573097c","local_time":"20181217192804","is_ascension_mode":true,"campfire_choices":[{"data":"Carnage","floor":6.0,"key":"SMITH"},{"data":"Power Through","floor":8.0,"key":"SMITH"},{"data":"True Grit","floor":15.0,"key":"SMITH"},{"floor":25,"key":"REST"},{"floor":32,"key":"REST"},{"floor":45,"key":"DIG"},{"floor":47,"key":"REST"},{"data":"Corruption","floor":49,"key":"SMITH"}],"neow_cost":"NONE","seed_source_timestamp":366403522554866,"circlet_count":0,"master_deck":["AscendersBane","Defend_R","Defend_R","Defend_R","Defend_R","Bash","Carnage+1","Feel No Pain","Power Through+1","Battle Trance","Battle Trance","True Grit+1","Offering","Body Slam","Immolate","Thunderclap","Impervious","Corruption+1","Dark Embrace","Infernal Blade","Shrug It Off","Shrug It Off+1","Seeing Red+1","Shrug It Off+1","Exhume","Ghostly Armor+1","Second Wind+1","Second Wind+1","Warcry+1","Spot Weakness","Inflame","Heavy Blade+1","Clumsy"],"special_seed":0,"relics":["Burning Blood","Golden Idol","Singing Bowl","Red Skull","Blood Vial","Bag of Preparation","Cursed Key","The Courier","Shovel","Molten Egg 2","Dream Catcher","Astrolabe","Pocketwatch","Dead Branch","Self Forming Clay","Happy Flower"],"potions_floor_usage":[24,24,29,33,33,50],"damage_taken":[{"damage":2.0,"enemies":"Small Slimes","floor":1.0,"turns":4.0},{"damage":7.0,"enemies":"Jaw Worm","floor":2.0,"turns":2.0},{"damage":1.0,"enemies":"Cultist","floor":4.0,"turns":3.0},{"damage":15.0,"enemies":"Lagavulin","floor":7.0,"turns":6.0},{"damage":10.0,"enemies":"Gremlin Nob","floor":10.0,"turns":4.0},{"damage":5.0,"enemies":"Red Slaver","floor":11.0,"turns":5.0},{"damage":0.0,"enemies":"Lagavulin","floor":12.0,"turns":6.0},{"damage":6.0,"enemies":"Looter","floor":14.0,"turns":1.0},{"damage":36.0,"enemies":"The Guardian","floor":16.0,"turns":13.0},{"damage":6,"enemies":"Chosen","floor":18,"turns":3},{"damage":8,"enemies":"Shell Parasite","floor":19,"turns":3},{"damage":11,"enemies":"Centurion and Healer","floor":20,"turns":3},{"damage":44,"enemies":"Book of Stabbing","floor":23,"turns":6},{"damage":11,"enemies":"Colosseum Slavers","floor":24,"turns":3},{"damage":26,"enemies":"Colosseum Nobs","floor":24,"turns":4},{"damage":0,"enemies":"Snecko","floor":28,"turns":3},{"damage":0,"enemies":"Sentry and Sphere","floor":29,"turns":3},{"damage":32,"enemies":"Chosen and Byrds","floor":30,"turns":5},{"damage":83,"enemies":"Automaton","floor":33,"turns":9},{"damage":0,"enemies":"Orb Walker","floor":35,"turns":3},{"damage":6,"enemies":"3 Shapes","floor":38,"turns":5},{"damage":6,"enemies":"Reptomancer","floor":40,"turns":3},{"damage":13,"enemies":"Transient","floor":41,"turns":5},{"damage":16,"enemies":"2 Orb Walkers","floor":42,"turns":3},{"damage":27,"enemies":"Maw","floor":44,"turns":7},{"damage":9,"enemies":"4 Shapes","floor":46,"turns":6},{"damage":0,"enemies":"Spire Growth","floor":48,"turns":1},{"damage":19,"enemies":"Donu and Deca","floor":50,"turns":6}],"seed_played":"6908433748388848272","potions_obtained":[{"floor":7.0,"key":"Swift Potion"},{"floor":10.0,"key":"GamblersBrew"},{"floor":11.0,"key":"EssenceOfSteel"},{"floor":16,"key":"Explosive Potion"},{"floor":24,"key":"PowerPotion"},{"floor":28,"key":"Fire Potion"},{"floor":42,"key":"LiquidBronze"},{"floor":44,"key":"FearPotion"},{"floor":46,"key":"GamblersBrew"}],"is_trial":false,"path_per_floor":["M","M","?","M","?","R","E","R","T","E","M","E","$","M","R","B","B",null,"M","M","M","$","?","E","?","R","T","$","M","M","M","$","R","B",null,"M","?","$","M","?","E","M","?","T","M","R","M","R","M","R","B",null],"character_chosen":"IRONCLAD","items_purchased":["Offering","Impervious","Corruption","Shrug It Off","Regen Potion","Spot Weakness","Inflame","Heavy Blade+1"],"campfire_rested":3,"item_purchase_floors":[13,21,21,27,31,37,37,37],"current_hp_per_floor":[84,83,83,88,66,66,57,57,57,53,58,66,66,68,68,40,78,82,82,81,81,81,45,24,52,52,52,60,68,44,44,74,14,76,84,84,84,88,84,88,85,79,79,62,62,63,99,109,109,98],"gold":302,"neow_bonus":"TEN_PERCENT_HP_BONUS","is_prod":false,"is_daily":false,"chose_seed":false,"campfire_upgraded":4,"win_rate":0,"timestamp":1545092884,"path_taken":["M","M","?","M","?","R","E","R","T","E","M","E","?","M","R","BOSS","BOSS","M","?","M","?","?","E","?","R","T","$","M","M","M","$","R","BOSS","M","?","$","M","?","E","M","?","T","M","R","M","R","M","R","BOSS"],"build_version":"2018-12-13","purchased_purges":3,"victory":true,"max_hp_per_floor":[88,88,88,88,88,88,88,88,88,88,90,90,90,90,90,90,90,92,92,94,94,94,94,94,94,94,94,94,94,94,94,96,96,96,96,96,96,98,104,106,108,110,110,112,112,114,116,118,118,118],"card_choices":[{"not_picked":["Armaments","Havoc"],"picked":"Carnage","floor":1.0},{"not_picked":["Perfected Strike","Iron Wave"],"picked":"Feel No Pain","floor":2.0},{"not_picked":["Inflame","Pommel Strike"],"picked":"Power Through","floor":4.0},{"not_picked":["True Grit","Anger"],"picked":"Battle Trance","floor":7.0},{"not_picked":["Sword Boomerang","Perfected Strike"],"picked":"Battle Trance","floor":10.0},{"not_picked":["Thunderclap","Body Slam","Headbutt"],"picked":"Singing Bowl","floor":11.0},{"not_picked":["Anger","Flex"],"picked":"True Grit","floor":12.0},{"not_picked":["Second Wind","Combust"],"picked":"Body Slam","floor":14.0},{"not_picked":["Barricade","Dark Embrace"],"picked":"Immolate","floor":16},{"not_picked":["Clothesline","Power Through","Body Slam"],"picked":"Singing Bowl","floor":18},{"not_picked":["Searing Blow","Heavy Blade"],"picked":"Thunderclap","floor":19},{"not_picked":["Clothesline","Searing Blow","Second Wind"],"picked":"Singing Bowl","floor":20},{"not_picked":["Thunderclap","Cleave"],"picked":"Dark Embrace","floor":23},{"not_picked":["Perfected Strike","Blood for Blood"],"picked":"Infernal Blade","floor":24},{"not_picked":["Flex","Armaments"],"picked":"Shrug It Off+1","floor":28},{"not_picked":["Twin Strike+1","Corruption"],"picked":"Seeing Red+1","floor":29},{"not_picked":["Combust","Sword Boomerang+1"],"picked":"Shrug It Off+1","floor":30},{"not_picked":["Flex","Feel No Pain","Thunderclap+1"],"picked":"Singing Bowl","floor":32},{"not_picked":["Demon Form","Double Tap"],"picked":"Exhume","floor":33},{"not_picked":["Sword Boomerang+1","Wild Strike+1"],"picked":"Warcry+1","floor":35},{"not_picked":["Disarm+1","Warcry","Clash+1"],"picked":"Singing Bowl","floor":38},{"not_picked":["Transmutation","Dramatic Entrance+1","Discovery"],"picked":"Singing Bowl","floor":39},{"not_picked":["Dramatic Entrance+1","Flash of Steel+1","Impatience"],"picked":"Singing Bowl","floor":39},{"not_picked":["Dark Shackles","Jack Of All Trades","The Bomb"],"picked":"Singing Bowl","floor":39},{"not_picked":["Warcry","Dropkick+1","Fire Breathing+1"],"picked":"Singing Bowl","floor":40},{"not_picked":["Thunderclap+1","Clash+1","True Grit+1"],"picked":"Singing Bowl","floor":41},{"not_picked":["Sword Boomerang+1","Wild Strike+1","Bludgeon+1"],"picked":"Singing Bowl","floor":42},{"not_picked":["Armaments+1","Dropkick+1","Havoc"],"picked":"Singing Bowl","floor":44},{"not_picked":["Cleave+1","Clash+1","Dual Wield+1"],"picked":"Singing Bowl","floor":46},{"not_picked":["True Grit","Disarm+1","Armaments+1"],"picked":"Singing Bowl","floor":47},{"not_picked":["Carnage+1","Dual Wield+1","Bloodletting"],"picked":"Singing Bowl","floor":48}],"player_experience":421612,"relics_obtained":[{"floor":7.0,"key":"Singing Bowl"},{"floor":9.0,"key":"Red Skull"},{"floor":10.0,"key":"Blood Vial"},{"floor":12.0,"key":"Bag of Preparation"},{"floor":23,"key":"The Courier"},{"floor":24,"key":"Shovel"},{"floor":24,"key":"Molten Egg 2"},{"floor":26,"key":"Dream Catcher"},{"floor":40,"key":"Pocketwatch"},{"floor":42,"key":"Dead Branch"},{"floor":43,"key":"Self Forming Clay"},{"floor":45,"key":"Happy Flower"}],"event_choices":[{"damage_healed":0.0,"max_hp_gain":0.0,"max_hp_loss":0.0,"gold_gain":0.0,"event_name":"Liars Game","player_choice":"Ignored","floor":3.0,"gold_loss":0.0,"damage_taken":0.0},{"damage_healed":0.0,"max_hp_gain":0.0,"max_hp_loss":0.0,"gold_gain":0.0,"event_name":"Golden Idol","player_choice":"Take Damage","floor":5.0,"gold_loss":0.0,"damage_taken":22.0,"relics_obtained":["Golden Idol"]},{"damage_healed":0,"gold_gain":0,"player_choice":"Fight","damage_taken":0,"max_hp_gain":0,"max_hp_loss":0,"event_name":"Colosseum","floor":24,"gold_loss":0},{"damage_healed":0,"gold_gain":0,"player_choice":"Fought Nobs","damage_taken":0,"max_hp_gain":0,"max_hp_loss":0,"event_name":"Colosseum","floor":24,"gold_loss":0},{"damage_healed":0,"gold_gain":0,"player_choice":"Ignored","damage_taken":0,"max_hp_gain":0,"max_hp_loss":0,"event_name":"Tomb of Lord Red Mask","floor":36,"gold_loss":0},{"damage_healed":0,"gold_gain":0,"player_choice":"Memory 3","damage_taken":10,"max_hp_gain":0,"max_hp_loss":0,"event_name":"SensoryStone","floor":39,"gold_loss":0},{"damage_healed":0,"gold_gain":0,"player_choice":"Fight","damage_taken":0,"max_hp_gain":0,"max_hp_loss":0,"event_name":"Mysterious Sphere","floor":42,"gold_loss":0}],"is_beta":false,"boss_relics":[{"not_picked":["Coffee Dripper","Calling Bell"],"picked":"Cursed Key"},{"not_picked":["Snecko Eye","Velvet Choker"],"picked":"Astrolabe"}],"items_purged_floors":[13,27,31],"is_endless":false,"potions_floor_spawned":[7,10,11,12,16,18,19,24,24,28,42,44,46,48],"ascension_level":11}