{"gold_per_floor":[113,113,3,22,97,97,112,167,222,234,247,247,107,138,138,241,241,261,176,51,51,64,64,64,92,92,92,106,106,106,136,136,236,236,249,249,265,265,282,315,315,327,380,36,36,36,49,65,65,65,65,65,16,46,46],"floor_reached":55,"playtime":4128,"items_purged":["Strike_B","Strike_B","Strike_B","Defend_B"],"score":733,"play_id":"7ea8ab09-cfde-4a52-953b-a183d0e4de3e","local_time":"20190905202714","is_ascension_mode":false,"campfire_choices":[{"data":"Defragment","floor":6,"key":"SMITH"},{"floor":12,"key":"REST"},{"data":"Genetic Algorithm","floor":15,"key":"SMITH"},{"data":"Blizzard","floor":23,"key":"SMITH"},{"data":"Glacier","floor":27,"key":"SMITH"},{"data":"Self Repair","floor":29,"key":"SMITH"},{"data":"Cold Snap","floor":32,"key":"SMITH"},{"floor":41,"key":"RECALL"},{"data":"Madness","floor":45,"key":"SMITH"},{"data":"Hologram","floor":49,"key":"SMITH"},{"data":"Madness","floor":52,"key":"SMITH"}],"neow_cost":"NONE","seed_source_timestamp":1736752188889700,"circlet_count":0,"master_deck":["Defend_B","Defend_B","Zap","Dualcast","Cold Snap+1","Defragment+1","Sweeping Beam","Genetic Algorithm+1","Capacitor","Glacier+1","Conserve Battery","Self Repair+1","Blizzard+1","Creative AI+1","Cold Snap+1","Redo","Leap","Loop+1","Echo Form+1","Machine Learning+1","Turbo+1","Madness+1","Madness+1","Amplify","FTL","Reprogram+1","Beam Cell+1","Hologram+1","Redo+1","Recycle"],"relics":["FrozenCore","Regal Pillow","Bronze Scales","Oddly Smooth Stone","Frozen Egg 2","Inserter","Incense Burner","Centennial Puzzle","Matryoshka","Pen Nib","Mercury Hourglass","Potion Belt","Letter Opener","Orichalcum","Art of War","Mummified Hand"],"potions_floor_usage":[8,14,25,35,50,54],"damage_taken":[{"damage":0,"enemies":"2 Louse","floor":1,"turns":2},{"damage":1,"enemies":"Small Slimes","floor":4,"turns":3},{"damage":1,"enemies":"Cultist","floor":7,"turns":3},{"damage":20,"enemies":"Lagavulin Event","floor":8,"turns":5},{"damage":3,"enemies":"2 Fungi Beasts","floor":10,"turns":3},{"damage":2,"enemies":"Lots of Slimes","floor":11,"turns":2},{"damage":14,"enemies":"Gremlin Nob","floor":14,"turns":4},{"damage":16,"enemies":"Hexaghost","floor":16,"turns":12},{"damage":12,"enemies":"3 Byrds","floor":18,"turns":4},{"damage":0,"enemies":"Chosen","floor":22,"turns":5},{"damage":1,"enemies":"Book of Stabbing","floor":25,"turns":7},{"damage":14,"enemies":"Centurion and Healer","floor":28,"turns":11},{"damage":24,"enemies":"Slavers","floor":31,"turns":5},{"damage":12,"enemies":"Champ","floor":33,"turns":18},{"damage":1,"enemies":"3 Shapes","floor":35,"turns":4},{"damage":6,"enemies":"Orb Walker","floor":37,"turns":5},{"damage":4,"enemies":"Maw","floor":39,"turns":9},{"damage":0,"enemies":"Giant Head","floor":40,"turns":13},{"damage":10,"enemies":"3 Darklings","floor":42,"turns":7},{"damage":6,"enemies":"Sphere and 2 Shapes","floor":47,"turns":5},{"damage":0,"enemies":"Jaw Worm Horde","floor":48,"turns":6},{"damage":1,"enemies":"Donu and Deca","floor":50,"turns":9},{"damage":28,"enemies":"Shield and Spear","floor":54,"turns":6},{"damage":54,"enemies":"The Heart","floor":55,"turns":12}],"seed_played":"-8665551802990523912","potions_obtained":[{"floor":7,"key":"Poison Potion"},{"floor":11,"key":"Poison Potion"},{"floor":14,"key":"SpeedPotion"},{"floor":16,"key":"Block Potion"},{"floor":18,"key":"SteroidPotion"},{"floor":37,"key":"Energy Potion"},{"floor":39,"key":"Energy Potion"}],"is_trial":false,"path_per_floor":["M","?","$","M","?","R","M","?","T","M","M","R","$","E","R","B",null,"M","?","$","?","M","R","$","E","T","R","M","R","?","E","R","B",null,"M","?","M","?","M","E","R","M","T","$","R","$","M","M","R","B",null,"R","$","E","B"],"character_chosen":"DEFECT","items_purchased":["Defragment","Self Repair","Art of War","Hologram","SpeedPotion"],"campfire_rested":1,"item_purchase_floors":[3,13,44,44,53],"current_hp_per_floor":[75,68,68,67,56,56,55,35,35,32,30,67,67,60,60,51,75,70,70,70,70,75,75,75,75,75,75,68,68,68,54,54,52,75,75,66,70,70,75,75,75,75,75,75,75,75,75,75,75,75,75,75,75,47,0],"gold":46,"neow_bonus":"RANDOM_COMMON_RELIC","is_prod":false,"is_daily":false,"chose_seed":false,"campfire_upgraded":9,"win_rate":0,"timestamp":1567740434,"path_taken":["M","?","$","M","?","R","M","?","T","M","M","R","?","E","R","BOSS","M","?","$","?","M","R","$","E","T","R","?","R","?","E","R","BOSS","M","?","M","?","M","E","R","?","T","$","R","?","M","M","R","BOSS","R","$","E","BOSS"],"build_version":"2019-07-17","purchased_purges":4,"victory":false,"max_hp_per_floor":[75,75,75,75,75,75,75,75,75,75,75,75,75,75,75,75,75,75,75,75,75,75,75,75,75,75,75,75,75,75,75,75,75,75,75,75,75,75,75,75,75,75,75,75,75,75,75,75,75,75,75,75,75,75,75],"card_choices":[{"not_picked":["Redo","FTL"],"picked":"Cold Snap","floor":1},{"not_picked":["Hologram","Hello World"],"picked":"Sweeping Beam","floor":4},{"not_picked":["Ball Lightning","Gash"],"picked":"Genetic Algorithm","floor":7},{"not_picked":["Stack","Turbo"],"picked":"Capacitor","floor":8},{"not_picked":["Hologram","Buffer"],"picked":"Glacier","floor":10},{"not_picked":["Go for the Eyes","Rebound"],"picked":"Conserve Battery","floor":11},{"not_picked":["Lockon","Cold Snap"],"picked":"Blizzard","floor":14},{"not_picked":["Buffer+1","All For One"],"picked":"Creative AI+1","floor":16},{"not_picked":["Redo","Compile Driver+1"],"picked":"Cold Snap+1","floor":18},{"not_picked":["Lockon+1","Sweeping Beam"],"picked":"Redo","floor":22},{"not_picked":["Fission","Lockon"],"picked":"Leap","floor":25},{"not_picked":["White Noise","Steam","Cold Snap+1"],"picked":"SKIP","floor":28},{"not_picked":["Go for the Eyes","Redo+1"],"picked":"Echo Form+1","floor":31},{"not_picked":["Creative AI+1","Buffer+1"],"picked":"Machine Learning+1","floor":33},{"not_picked":["Leap","Cold Snap+1"],"picked":"Turbo+1","floor":35},{"not_picked":["Skim","Lockon","Sweeping Beam+1"],"picked":"SKIP","floor":37},{"not_picked":["Leap","Static Discharge+1"],"picked":"FTL","floor":39},{"not_picked":["Streamline","Stack"],"picked":"Reprogram+1","floor":40},{"not_picked":["Sweeping Beam+1","Rainbow"],"picked":"Beam Cell+1","floor":42},{"not_picked":["Chaos+1","Sweeping Beam+1","Ball Lightning"],"picked":"SKIP","floor":47},{"not_picked":["Cold Snap","Tempest"],"picked":"Redo+1","floor":48},{"not_picked":["Stack","Steam+1"],"picked":"Recycle","floor":54}],"player_experience":118832,"relics_obtained":[{"floor":8,"key":"Bronze Scales"},{"floor":9,"key":"Oddly Smooth Stone"},{"floor":14,"key":"Frozen Egg 2"},{"floor":25,"key":"Matryoshka"},{"floor":26,"key":"Pen Nib"},{"floor":26,"key":"Mercury Hourglass"},{"floor":31,"key":"Potion Belt"},{"floor":40,"key":"Letter Opener"},{"floor":43,"key":"Orichalcum"},{"floor":54,"key":"Mummified Hand"}],"event_choices":[{"cards_removed":["Strike_B"],"damage_healed":0,"gold_gain":0,"player_choice":"Card Removal","damage_taken":7,"max_hp_gain":0,"max_hp_loss":0,"event_name":"Golden Wing","floor":2,"gold_loss":0},{"damage_healed":0,"gold_gain":75,"player_choice":"Gather Gold","damage_taken":11,"max_hp_gain":0,"max_hp_loss":0,"event_name":"World of Goop","floor":5,"gold_loss":0},{"damage_healed":0,"gold_gain":0,"player_choice":"Searched \u00272\u0027 times","damage_taken":0,"max_hp_gain":0,"max_hp_loss":0,"event_name":"Dead Adventurer","floor":8,"gold_loss":0},{"damage_healed":0,"gold_gain":0,"player_choice":"Obtained Relic","damage_taken":0,"relics_obtained":["Incense Burner"],"max_hp_gain":0,"max_hp_loss":0,"event_name":"Addict","floor":19,"gold_loss":85},{"damage_healed":0,"gold_gain":0,"player_choice":"Gave Potion","damage_taken":0,"relics_obtained":["Centennial Puzzle"],"max_hp_gain":0,"max_hp_loss":0,"event_name":"WeMeetAgain","floor":21,"gold_loss":0},{"damage_healed":0,"gold_gain":0,"player_choice":"Read","damage_taken":0,"max_hp_gain":0,"max_hp_loss":0,"event_name":"The Library","floor":30,"gold_loss":0,"cards_obtained":["Loop"]},{"damage_healed":0,"gold_gain":0,"player_choice":"Embrace Madness","damage_taken":9,"max_hp_gain":0,"max_hp_loss":0,"event_name":"Winding Halls","floor":36,"gold_loss":0,"cards_obtained":["Madness","Madness"]},{"damage_healed":0,"gold_gain":0,"cards_transformed":["Defend_B"],"player_choice":"Transformed","damage_taken":0,"max_hp_gain":0,"max_hp_loss":0,"event_name":"Transmorgrifier","floor":38,"gold_loss":0,"cards_obtained":["Amplify"]}],"is_beta":false,"boss_relics":[{"not_picked":["Eternal Feather","Velvet Choker"],"picked":"Inserter"},{"not_picked":["Sozu","Philosopher\u0027s Stone"],"picked":"FrozenCore"}],"items_purged_floors":[3,13,20,44],"is_endless":false,"potions_floor_spawned":[7,11,14,16,18,37,39],"killed_by":"The Heart","ascension_level":0}