{"gold_per_floor":[115,173,173,192,212,243,243,243],"floor_reached":8,"playtime":209,"items_purged":[],"score":112,"play_id":"60ddc1c4-fe50-4134-a38e-d8d4e37f7088","local_time":"20190818040832","is_ascension_mode":true,"campfire_choices":[],"neow_cost":"NONE","seed_source_timestamp":1253894738834500,"circlet_count":0,"master_deck":["AscendersBane","Strike_R","Strike_R","Strike_R","Strike_R","Strike_R","Defend_R","Defend_R","Defend_R","Defend_R","Bash","Carnage","True Grit","Feel No Pain"],"special_seed":0,"relics":["Burning Blood","NeowsBlessing","Thread and Needle","Matryoshka"],"potions_floor_usage":[8],"damage_taken":[{"damage":0.0,"enemies":"2 Louse","floor":1.0,"turns":1.0},{"damage":0.0,"enemies":"Jaw Worm","floor":4.0,"turns":1.0},{"damage":0.0,"enemies":"Cultist","floor":5.0,"turns":1.0},{"damage":36.0,"enemies":"3 Sentries","floor":6.0,"turns":10.0},{"damage":24,"enemies":"Lagavulin","floor":8,"turns":7}],"seed_played":"-54019332652850033","potions_obtained":[{"floor":5.0,"key":"GamblersBrew"},{"floor":6.0,"key":"SkillPotion"}],"is_trial":false,"path_per_floor":["M","?","?","M","M","E","?","E"],"character_chosen":"IRONCLAD","items_purchased":[],"campfire_rested":0,"item_purchase_floors":[],"current_hp_per_floor":[74,74,56,62,68,38,38,14],"gold":243,"neow_bonus":"THREE_ENEMY_KILL","is_prod":false,"is_daily":false,"chose_seed":false,"campfire_upgraded":0,"win_rate":0,"timestamp":1566126512,"path_taken":["M","?","?","M","?","E","?","E"],"build_version":"2019-07-17","purchased_purges":0,"victory":false,"max_hp_per_floor":[75,75,75,75,75,75,75,75],"card_choices":[{"not_picked":["Thunderclap","Havoc"],"picked":"Carnage","floor":1.0},{"not_picked":["Twin Strike","Intimidate","Bloodletting"],"picked":"SKIP","floor":4.0},{"not_picked":["Havoc","Power Through"],"picked":"True Grit","floor":5.0},{"not_picked":["Armaments","Battle Trance"],"picked":"Feel No Pain","floor":6.0}],"player_experience":802725,"relics_obtained":[{"floor":6.0,"key":"Matryoshka"}],"event_choices":[{"damage_healed":0.0,"max_hp_gain":0.0,"max_hp_loss":0.0,"gold_gain":58.0,"event_name":"Golden Wing","player_choice":"Gained Gold","floor":2.0,"gold_loss":0.0,"damage_taken":0.0},{"damage_healed":0.0,"max_hp_gain":0.0,"max_hp_loss":0.0,"gold_gain":0.0,"event_name":"Scrap Ooze","player_choice":"Success","floor":3.0,"gold_loss":0.0,"damage_taken":18.0,"relics_obtained":["Thread and Needle"]},{"damage_healed":0,"gold_gain":0,"player_choice":"Searched \u00270\u0027 times","damage_taken":0,"max_hp_gain":0,"max_hp_loss":0,"event_name":"Dead Adventurer","floor":7,"gold_loss":0}],"is_beta":false,"boss_relics":[],"items_purged_floors":[],"is_endless":false,"potions_floor_spawned":[5,6],"killed_by":"Lagavulin","ascension_level":20}