{"gold_per_floor":[115,40,40,55,55,88,99,99,99,99,99,99,117,130,130,232,232,242,167,167,15,53,65],"floor_reached":23,"playtime":886,"items_purged":["Strike_R"],"score":215,"play_id":"bf750669-8295-4bf6-93f2-6ec3316045b1","local_time":"20181210212522","is_ascension_mode":true,"campfire_choices":[{"data":"Bash","floor":8,"key":"SMITH"},{"data":"Perfected Strike","floor":10,"key":"SMITH"},{"data":"True Grit","floor":12,"key":"SMITH"},{"floor":15,"key":"REST"}],"neow_cost":"NONE","seed_source_timestamp":385552984964000,"circlet_count":0,"master_deck":["Strike_R","Strike_R","Strike_R","Strike_R+1","Defend_R+1","Defend_R","Defend_R","Bash+1","Feed","Spot Weakness","Perfected Strike+1","Twin Strike","True Grit+1","Limit Break","Pain"],"relics":["Burning Blood","Bag of Marbles","Charon\u0027s Ashes","Gremlin Horn","Cursed Key","MawBank","Centennial Puzzle"],"potions_floor_usage":[],"damage_taken":[{"damage":6,"enemies":"Small Slimes","floor":1,"turns":4},{"damage":1,"enemies":"2 Louse","floor":4,"turns":3},{"damage":47,"enemies":"3 Sentries","floor":6,"turns":10},{"damage":4,"enemies":"Jaw Worm","floor":7,"turns":2},{"damage":5,"enemies":"Red Slaver","floor":13,"turns":2},{"damage":2,"enemies":"Looter","floor":14,"turns":2},{"damage":23,"enemies":"Slime Boss","floor":16,"turns":7},{"damage":5,"enemies":"Chosen","floor":18,"turns":3},{"damage":87,"enemies":"Gremlin Leader","floor":23,"turns":6}],"seed_played":"-650653782760963466","potions_obtained":[{"floor":6,"key":"Poison Potion"},{"floor":16,"key":"FearPotion"}],"is_trial":false,"path_per_floor":["M","$","?","M","?","E","M","R","T","R","?","R","M","M","R","B",null,"M","?","?","$","T","E"],"character_chosen":"IRONCLAD","items_purchased":["MawBank"],"campfire_rested":1,"item_purchase_floors":[21],"current_hp_per_floor":[83,83,66,74,74,36,38,38,38,38,38,38,39,43,69,52,89,92,92,76,76,76,0],"gold":65,"neow_bonus":"ONE_RANDOM_RARE_CARD","is_prod":false,"is_daily":false,"chose_seed":false,"campfire_upgraded":3,"win_rate":0,"timestamp":1544505922,"path_taken":["M","$","?","M","?","E","M","R","T","R","?","R","M","M","R","BOSS","M","?","?","$","?","E"],"build_version":"2018-12-06","purchased_purges":1,"victory":false,"max_hp_per_floor":[83,83,83,86,86,89,89,89,89,89,89,89,89,89,89,89,89,92,92,92,92,92,92],"card_choices":[{"not_picked":["Headbutt","Cleave"],"picked":"Spot Weakness","floor":1},{"not_picked":["Armaments","Wild Strike","Rampage"],"picked":"SKIP","floor":4},{"not_picked":["Carnage","Warcry"],"picked":"Perfected Strike","floor":6},{"not_picked":["Entrench","Armaments"],"picked":"Twin Strike","floor":7},{"not_picked":["Headbutt","Anger","Spot Weakness"],"picked":"SKIP","floor":13},{"not_picked":["Flame Barrier","Bludgeon","Body Slam"],"picked":"SKIP","floor":14},{"not_picked":["Double Tap","Dark Embrace"],"picked":"Limit Break","floor":16},{"not_picked":["Headbutt","Thunderclap","Sword Boomerang"],"picked":"SKIP","floor":18}],"player_experience":21112,"relics_obtained":[{"floor":6,"key":"Charon\u0027s Ashes"},{"floor":9,"key":"Gremlin Horn"},{"floor":22,"key":"Centennial Puzzle"}],"event_choices":[{"damage_healed":0,"gold_gain":0,"player_choice":"Entered Light","damage_taken":17,"max_hp_gain":0,"max_hp_loss":0,"event_name":"Shining Light","floor":3,"gold_loss":0,"cards_upgraded":["Defend_R","Strike_R"]},{"damage_healed":0,"gold_gain":0,"player_choice":"Box","damage_taken":0,"relics_obtained":["Bag of Marbles"],"max_hp_gain":0,"max_hp_loss":0,"event_name":"Big Fish","floor":5,"gold_loss":0,"cards_obtained":["Regret"]},{"damage_healed":0,"gold_gain":0,"cards_transformed":["Defend_R"],"player_choice":"Transformed","damage_taken":0,"max_hp_gain":0,"max_hp_loss":0,"event_name":"Transmorgrifier","floor":11,"gold_loss":0,"cards_obtained":["True Grit"]},{"cards_removed":["Regret"],"damage_healed":0,"gold_gain":0,"player_choice":"Gave Gold","damage_taken":0,"max_hp_gain":0,"max_hp_loss":0,"event_name":"Beggar","floor":19,"gold_loss":75},{"damage_healed":0,"gold_gain":0,"player_choice":"Obtained Book","damage_taken":16,"max_hp_gain":0,"max_hp_loss":0,"event_name":"Cursed Tome","floor":20,"gold_loss":0}],"is_beta":false,"boss_relics":[{"not_picked":["Runic Dome","Snecko Eye"],"picked":"Cursed Key"}],"items_purged_floors":[2],"is_endless":false,"potions_floor_spawned":[6,16],"killed_by":"Gremlin Leader","ascension_level":3}