{"gold_per_floor":[109,109,128,145,145,145,173,191,216,234,249,399,399,59,59,137,137,147,147,10,10,21,21,21,21,21,52,52,82,82,96,96,169,169,185,60,78,93,93,120,134,134,211,241,91,91,91,91,91,91],"floor_reached":50,"playtime":1997,"items_purged":["Doubt","Strike_R","Anger","Strike_R+1"],"score":1222,"play_id":"73d587c5-00d5-48af-9e5d-6e25d2f4f41c","local_time":"20190711183410","is_ascension_mode":true,"campfire_choices":[{"data":"Uppercut","floor":6,"key":"SMITH"},{"data":"Inflame","floor":13,"key":"SMITH"},{"data":"Armaments","floor":15,"key":"SMITH"},{"data":"Shockwave","floor":23,"key":"SMITH"},{"data":"Cleave","floor":25,"key":"SMITH"},{"data":"Feed","floor":28,"key":"SMITH"},{"floor":32,"key":"REST"},{"data":"Demon Form","floor":42,"key":"SMITH"},{"data":"Shrug It Off","floor":46,"key":"SMITH"},{"floor":49,"key":"RECALL"}],"neow_cost":"PERCENT_DAMAGE","seed_source_timestamp":166487168781900,"circlet_count":0,"master_deck":["AscendersBane","Defend_R+1","Defend_R+1","Defend_R+1","Defend_R+1","Bash","Dropkick","Uppercut+1","Armaments+1","Shrug It Off+1","Inflame+1","Feed+1","Carnage","Seeing Red","Shockwave+1","Cleave+1","Heavy Blade","Clothesline+1","Demon Form+1","Reaper"],"relics":["Burning Blood","Bronze Scales","Regal Pillow","Ornamental Fan","Snecko Eye","Meat on the Bone","Orichalcum","Blue Candle","Coffee Dripper","Strawberry","Nunchaku"],"potions_floor_usage":[7,33,33,44,50],"damage_taken":[{"damage":6,"enemies":"Cultist","floor":1,"turns":3},{"damage":7,"enemies":"Jaw Worm","floor":3,"turns":3},{"damage":6,"enemies":"2 Louse","floor":4,"turns":3},{"damage":34,"enemies":"Lagavulin","floor":7,"turns":6},{"damage":6,"enemies":"2 Fungi Beasts","floor":8,"turns":3},{"damage":4,"enemies":"Blue Slaver","floor":10,"turns":2},{"damage":0,"enemies":"Looter","floor":11,"turns":3},{"damage":30,"enemies":"Hexaghost","floor":16,"turns":8},{"damage":5,"enemies":"Chosen","floor":18,"turns":4},{"damage":12,"enemies":"Shell Parasite","floor":22,"turns":2},{"damage":10,"enemies":"Gremlin Leader","floor":27,"turns":5},{"damage":30,"enemies":"Book of Stabbing","floor":29,"turns":5},{"damage":27,"enemies":"Shelled Parasite and Fungi","floor":31,"turns":8},{"damage":66,"enemies":"Automaton","floor":33,"turns":9},{"damage":24,"enemies":"3 Darklings","floor":35,"turns":4},{"damage":7,"enemies":"3 Shapes","floor":37,"turns":5},{"damage":13,"enemies":"3 Darklings","floor":38,"turns":3},{"damage":0,"enemies":"Nemesis","floor":40,"turns":3},{"damage":2,"enemies":"Sphere and 2 Shapes","floor":41,"turns":4},{"damage":46,"enemies":"Reptomancer","floor":44,"turns":4},{"damage":95,"enemies":"Time Eater","floor":50,"turns":10}],"seed_played":"-7063510226656017736","potions_obtained":[{"floor":4,"key":"SpeedPotion"},{"floor":5,"key":"PowerPotion"},{"floor":5,"key":"Regen Potion"},{"floor":7,"key":"Fruit Juice"},{"floor":10,"key":"Ancient Potion"},{"floor":29,"key":"Energy Potion"},{"floor":38,"key":"AttackPotion"},{"floor":41,"key":"SpeedPotion"}],"is_trial":false,"path_per_floor":["M","?","M","M","?","R","E","M","T","M","M","?","R","$","R","B",null,"M","?","$","?","M","R","?","R","T","E","R","E","?","M","R","B",null,"M","$","M","M","$","E","M","R","T","E","$","R","?","?","R","B"],"character_chosen":"IRONCLAD","items_purchased":["Ornamental Fan","Shockwave"],"campfire_rested":1,"item_purchase_floors":[14,20],"current_hp_per_floor":[64,64,63,63,63,63,40,40,40,42,48,48,48,48,48,24,77,81,81,81,52,49,49,49,49,49,57,57,45,45,40,87,39,92,74,74,77,70,70,83,91,91,91,63,63,63,63,63,63,0],"gold":91,"neow_bonus":"TWENTY_PERCENT_HP_BONUS","is_prod":false,"is_daily":false,"chose_seed":false,"campfire_upgraded":8,"win_rate":0,"timestamp":1562895250,"path_taken":["M","?","?","M","?","R","E","?","T","M","M","?","R","$","R","BOSS","M","?","$","?","M","R","?","R","T","E","R","E","?","?","R","BOSS","M","$","?","M","?","E","M","R","T","E","$","R","?","?","R","BOSS"],"build_version":"2019-07-05","purchased_purges":4,"victory":false,"max_hp_per_floor":[89,89,89,89,89,89,94,94,94,94,94,94,94,94,94,94,94,97,97,97,102,105,105,105,105,105,105,105,105,105,109,109,109,109,109,109,113,113,113,120,124,124,124,124,124,124,124,124,124,124],"card_choices":[{"not_picked":["Clash","Heavy Blade"],"picked":"Dropkick","floor":1},{"not_picked":["Twin Strike","Combust"],"picked":"Anger","floor":3},{"not_picked":["Ghostly Armor","Seeing Red"],"picked":"Uppercut","floor":4},{"not_picked":["Heavy Blade","Perfected Strike"],"picked":"Armaments","floor":7},{"not_picked":["Cleave","Body Slam"],"picked":"Shrug It Off","floor":8},{"not_picked":["Armaments","Sentinel","Barricade"],"picked":"SKIP","floor":10},{"not_picked":["Ghostly Armor","Flex"],"picked":"Inflame","floor":11},{"not_picked":["Impervious","Brutality"],"picked":"Feed","floor":16},{"not_picked":["Wild Strike","True Grit"],"picked":"Carnage","floor":18},{"not_picked":["Shrug It Off","Anger"],"picked":"Cleave","floor":22},{"not_picked":["Havoc","Heavy Blade","Seeing Red"],"picked":"SKIP","floor":27},{"not_picked":["Havoc","Seeing Red"],"picked":"Heavy Blade","floor":27},{"not_picked":["Infernal Blade","Fire Breathing","Havoc"],"picked":"SKIP","floor":29},{"not_picked":["Infernal Blade","Fire Breathing","Havoc"],"picked":"SKIP","floor":29},{"not_picked":["Entrench","Warcry"],"picked":"Clothesline+1","floor":31},{"not_picked":["Offering","Double Tap"],"picked":"Demon Form","floor":33},{"not_picked":["Cleave","Bloodletting","Inflame"],"picked":"SKIP","floor":35},{"not_picked":["Hemokinesis","Pommel Strike","Flex"],"picked":"SKIP","floor":37},{"not_picked":["Headbutt","Rupture","Combust"],"picked":"SKIP","floor":38},{"not_picked":["Blood for Blood","Burning Pact","Sword Boomerang+1"],"picked":"SKIP","floor":40},{"not_picked":["Blood for Blood","Burning Pact","Sword Boomerang+1"],"picked":"SKIP","floor":40},{"not_picked":["Sword Boomerang+1","Iron Wave","Dual Wield"],"picked":"SKIP","floor":41},{"not_picked":["Sword Boomerang+1","Iron Wave","Dual Wield"],"picked":"SKIP","floor":41},{"not_picked":["Body Slam","Corruption"],"picked":"Reaper","floor":44}],"player_experience":653385,"relics_obtained":[{"floor":7,"key":"Bronze Scales"},{"floor":9,"key":"Regal Pillow"},{"floor":26,"key":"Meat on the Bone"},{"floor":27,"key":"Orichalcum"},{"floor":29,"key":"Blue Candle"},{"floor":40,"key":"Strawberry"},{"floor":44,"key":"Nunchaku"}],"event_choices":[{"cards_removed":["Strike_R"],"damage_healed":0,"gold_gain":0,"player_choice":"Purged","damage_taken":0,"max_hp_gain":0,"max_hp_loss":0,"event_name":"Purifier","floor":2,"gold_loss":0},{"damage_healed":0,"gold_gain":0,"player_choice":"Got Potions","damage_taken":0,"max_hp_gain":0,"max_hp_loss":0,"event_name":"Lab","floor":5,"gold_loss":0},{"damage_healed":0,"gold_gain":150,"player_choice":"AGREE","damage_taken":0,"max_hp_gain":0,"max_hp_loss":0,"event_name":"Liars Game","floor":12,"gold_loss":0,"cards_obtained":["Doubt"]},{"damage_healed":0,"gold_gain":0,"cards_transformed":["Strike_R","Strike_R"],"player_choice":"Became Test Subject","damage_taken":0,"max_hp_gain":0,"max_hp_loss":0,"event_name":"Drug Dealer","floor":19,"gold_loss":0,"cards_obtained":["Seeing Red","Sentinel"]},{"damage_healed":0,"gold_gain":0,"player_choice":"Shed Blood","damage_taken":34,"max_hp_gain":5,"max_hp_loss":0,"event_name":"Forgotten Altar","floor":21,"gold_loss":0},{"damage_healed":0,"gold_gain":0,"player_choice":"Ignored","damage_taken":0,"max_hp_gain":0,"max_hp_loss":0,"event_name":"The Mausoleum","floor":24,"gold_loss":0},{"damage_healed":0,"gold_gain":0,"player_choice":"Simplicity","damage_taken":0,"max_hp_gain":0,"max_hp_loss":0,"event_name":"Back to Basics","floor":30,"gold_loss":0,"cards_upgraded":["Strike_R","Defend_R","Defend_R","Defend_R","Defend_R"]},{"damage_healed":0,"gold_gain":0,"player_choice":"Memory 1","damage_taken":0,"max_hp_gain":0,"max_hp_loss":0,"event_name":"SensoryStone","floor":47,"gold_loss":0},{"cards_removed":["Sentinel"],"damage_healed":0,"gold_gain":0,"player_choice":"Removed Skill","damage_taken":0,"max_hp_gain":0,"max_hp_loss":0,"event_name":"Falling","floor":48,"gold_loss":0}],"is_beta":false,"boss_relics":[{"not_picked":["Calling Bell","Ectoplasm"],"picked":"Snecko Eye"},{"not_picked":["Runic Pyramid","Black Star"],"picked":"Coffee Dripper"}],"items_purged_floors":[14,20,36,45],"is_endless":false,"potions_floor_spawned":[4,7,10,27,29,31,38,41],"killed_by":"Time Eater","ascension_level":20}