{"gold_per_floor":[118,98,74,88,10,42,42,70,70,70,85,85,85,85,85,85],"floor_reached":16,"playtime":317,"items_purged":[],"score":212,"play_id":"4c20f8bd-5db8-45e8-97c1-4dba212b61ba","local_time":"20190907174445","is_ascension_mode":true,"campfire_choices":[{"data":"Sword Boomerang","floor":7,"key":"SMITH"},{"data":"1","floor":10,"key":"LIFT"},{"data":"2","floor":12,"key":"LIFT"},{"data":"3","floor":15,"key":"LIFT"}],"neow_cost":"NONE","seed_source_timestamp":562442584177200,"circlet_count":0,"master_deck":["AscendersBane","Strike_R","Strike_R","Strike_R","Strike_R","Defend_R","Defend_R","Defend_R","Defend_R","Bash+1","Sword Boomerang+1","Headbutt","Anger","Feel No Pain","Exhume+1"],"relics":["Burning Blood","FossilizedHelix","Pear","Girya"],"potions_floor_usage":[6,16],"damage_taken":[{"damage":11,"enemies":"Jaw Worm","floor":1,"turns":5},{"damage":1,"enemies":"Cultist","floor":4,"turns":3},{"damage":43,"enemies":"Gremlin Nob","floor":6,"turns":5},{"damage":12,"enemies":"Lagavulin","floor":8,"turns":6},{"damage":0,"enemies":"Small Slimes","floor":11,"turns":2},{"damage":20,"enemies":"Hexaghost","floor":16,"turns":7}],"seed_played":"8514620703858327595","potions_obtained":[{"floor":1,"key":"Fire Potion"},{"floor":2,"key":"Block Potion"},{"floor":11,"key":"Weak Potion"}],"is_trial":false,"path_per_floor":["M","?","$","M","$","E","R","E","T","R","M","R","?","?","R","B"],"character_chosen":"IRONCLAD","items_purchased":["Headbutt","Feel No Pain"],"campfire_rested":0,"item_purchase_floors":[3,5],"current_hp_per_floor":[70,70,70,75,75,38,38,42,42,42,48,48,41,13,13,0],"gold":85,"neow_bonus":"TEN_PERCENT_HP_BONUS","is_prod":false,"is_daily":false,"chose_seed":false,"campfire_upgraded":1,"win_rate":0,"timestamp":1567903485,"path_taken":["M","?","$","M","$","E","R","E","T","R","?","R","?","?","R","BOSS"],"build_version":"2019-07-17","purchased_purges":0,"victory":false,"max_hp_per_floor":[82,82,82,82,82,82,82,92,92,92,92,92,92,92,92,92],"card_choices":[{"not_picked":["Infernal Blade","Body Slam"],"picked":"Sword Boomerang","floor":1},{"not_picked":["Shrug It Off","Clash"],"picked":"Anger","floor":4},{"not_picked":["Cleave","Flex"],"picked":"Exhume","floor":6},{"not_picked":["Blood for Blood","Feel No Pain","Infernal Blade"],"picked":"SKIP","floor":8},{"not_picked":["Blood for Blood","Feel No Pain","Infernal Blade"],"picked":"SKIP","floor":8},{"not_picked":["Sentinel","Body Slam","Infernal Blade"],"picked":"SKIP","floor":11}],"player_experience":887156,"relics_obtained":[{"floor":6,"key":"FossilizedHelix"},{"floor":8,"key":"Pear"},{"floor":9,"key":"Girya"}],"event_choices":[{"damage_healed":0,"gold_gain":0,"player_choice":"Bought 1 Potion","damage_taken":0,"max_hp_gain":0,"max_hp_loss":0,"event_name":"The Woman in Blue","floor":2,"gold_loss":0},{"cards_removed":["Strike_R"],"damage_healed":0,"gold_gain":0,"player_choice":"Card Removal","damage_taken":7,"max_hp_gain":0,"max_hp_loss":0,"event_name":"Golden Wing","floor":13,"gold_loss":0},{"damage_healed":0,"gold_gain":0,"player_choice":"Entered Light","damage_taken":28,"max_hp_gain":0,"max_hp_loss":0,"event_name":"Shining Light","floor":14,"gold_loss":0,"cards_upgraded":["Bash","Exhume"]}],"is_beta":false,"boss_relics":[],"items_purged_floors":[],"is_endless":false,"potions_floor_spawned":[1,11],"killed_by":"Hexaghost","ascension_level":20}