{"gold_per_floor":[118,118,118,138,48,81,81,112,160,184,209,209,225,102,102,230,230,245,263,263,281,38,38,63,94,118,134,9,0,14,29,29,158,158,181,204,329,629,653,693,693,727,727,727,767,309,327,327,327,327],"floor_reached":51,"playtime":3592,"items_purged":["Strike_R","Strike_R","Strike_R","Strike_R"],"score":1271,"play_id":"24b233b2-b66b-4f8e-8a87-33159a7e3cb7","local_time":"20190617155238","is_ascension_mode":true,"campfire_choices":[{"data":"Armaments","floor":7.0,"key":"SMITH"},{"data":"True Grit","floor":12.0,"key":"SMITH"},{"data":"Metallicize","floor":15.0,"key":"SMITH"},{"data":"Barricade","floor":23.0,"key":"SMITH"},{"data":"Armaments","floor":32,"key":"SMITH"},{"floor":41,"key":"DIG"},{"floor":44,"key":"DIG"},{"data":"Feel No Pain","floor":49,"key":"SMITH"}],"neow_cost":"NONE","seed_source_timestamp":6431838447423,"circlet_count":0,"master_deck":["Defend_R","Defend_R","Defend_R+1","Defend_R+1","Bash","True Grit+1","Juggernaut","Shockwave","Metallicize+1","Armaments+1","Battle Trance","Uppercut","Reaper","Shrug It Off","Barricade+1","Carnage","Inflame","Armaments+1","Exhume","True Grit","Uppercut","Body Slam","Metallicize+1","Impervious","Warcry+1","Iron Wave+1","Entrench+1","Shrug It Off","Feel No Pain+1","Body Slam+1","Iron Wave+1","Shrug It Off+1","Entrench+1"],"special_seed":0,"relics":["Burning Blood","NeowsBlessing","Golden Idol","Happy Flower","Bottled Lightning","Vajra","Coffee Dripper","Art of War","Centennial Puzzle","Lantern","Mark of Pain","FossilizedHelix","Old Coin","Shovel","Dream Catcher","Potion Belt","Mercury Hourglass","War Paint","Blue Candle","Turnip"],"potions_floor_usage":[37],"damage_taken":[{"damage":0.0,"enemies":"2 Louse","floor":1.0,"turns":1.0},{"damage":0.0,"enemies":"Small Slimes","floor":4.0,"turns":1.0},{"damage":0.0,"enemies":"Lagavulin","floor":6.0,"turns":1.0},{"damage":14.0,"enemies":"3 Sentries","floor":8.0,"turns":8.0},{"damage":2.0,"enemies":"Cultist","floor":10.0,"turns":3.0},{"damage":14.0,"enemies":"Large Slime","floor":11.0,"turns":6.0},{"damage":25.0,"enemies":"Lots of Slimes","floor":13.0,"turns":3.0},{"damage":16.0,"enemies":"The Guardian","floor":16.0,"turns":12.0},{"damage":14.0,"enemies":"2 Thieves","floor":18.0,"turns":4.0},{"damage":11.0,"enemies":"Spheric Guardian","floor":19.0,"turns":6.0},{"damage":11.0,"enemies":"Snake Plant","floor":21.0,"turns":4.0},{"damage":26.0,"enemies":"3 Cultists","floor":24.0,"turns":7.0},{"damage":33.0,"enemies":"Book of Stabbing","floor":25.0,"turns":7.0},{"damage":3.0,"enemies":"Cultist and Chosen","floor":27.0,"turns":5.0},{"damage":14,"enemies":"Snake Plant","floor":30,"turns":4},{"damage":25,"enemies":"3 Cultists","floor":31,"turns":6},{"damage":9,"enemies":"Automaton","floor":33,"turns":11},{"damage":3,"enemies":"3 Shapes","floor":35,"turns":6},{"damage":0,"enemies":"3 Darklings","floor":36,"turns":10},{"damage":0,"enemies":"Mind Bloom Boss Battle","floor":37,"turns":8},{"damage":9,"enemies":"4 Shapes","floor":39,"turns":7},{"damage":0,"enemies":"Giant Head","floor":40,"turns":9},{"damage":0,"enemies":"Nemesis","floor":42,"turns":7},{"damage":0,"enemies":"Giant Head","floor":45,"turns":7},{"damage":31,"enemies":"Transient","floor":47,"turns":5},{"damage":14,"enemies":"Donu and Deca","floor":50,"turns":9}],"seed_played":"-747486194185906857","potions_obtained":[{"floor":4.0,"key":"FearPotion"},{"floor":10.0,"key":"Weak Potion"},{"floor":16.0,"key":"SkillPotion"},{"floor":21.0,"key":"Energy Potion"},{"floor":37,"key":"Regen Potion"},{"floor":40,"key":"LiquidBronze"},{"floor":47,"key":"Dexterity Potion"}],"is_trial":false,"path_per_floor":["M","?","?","M","$","E","R","E","T","M","M","R","M","$","R","B",null,"M","M","?","M","$","R","M","E","T","M","$","?","M","M","R","B",null,"M","M","?","T","M","E","R","E","T","R","E","$","M","?","R","B",null],"character_chosen":"IRONCLAD","items_purchased":["Metallicize","Armaments","Block Potion","Art of War","Turnip"],"campfire_rested":0,"item_purchase_floors":[5,5,14,22,46],"current_hp_per_floor":[78,58,58,64,64,70,70,62,62,66,58,58,63,63,63,56,74,80,79,79,74,74,74,60,43,43,80,80,80,80,76,76,80,80,80,80,80,80,80,80,80,80,80,80,80,80,55,55,55,47],"gold":327,"neow_bonus":"THREE_ENEMY_KILL","is_prod":false,"is_daily":false,"chose_seed":false,"campfire_upgraded":6,"win_rate":0,"timestamp":1560811958,"path_taken":["M","?","?","?","$","E","R","E","T","M","M","R","M","$","R","BOSS","M","M","?","?","$","R","M","E","T","M","$","?","M","M","R","BOSS","M","M","?","?","M","E","R","E","T","R","E","$","M","?","R","BOSS"],"build_version":"2019-01-23","purchased_purges":4,"victory":true,"max_hp_per_floor":[80,80,80,80,80,80,80,80,80,80,80,80,80,80,80,80,80,80,80,80,80,80,80,80,80,80,80,80,80,80,80,80,80,80,80,80,80,80,80,80,80,80,80,80,80,80,80,80,80,80],"card_choices":[{"not_picked":["Clash","Twin Strike"],"picked":"True Grit","floor":1.0},{"not_picked":["Cleave","Armaments"],"picked":"Shockwave","floor":4.0},{"not_picked":["Burning Pact","Evolve"],"picked":"Battle Trance","floor":6.0},{"not_picked":["Second Wind","Iron Wave"],"picked":"Uppercut","floor":8.0},{"not_picked":["Rage","Rupture","Flex"],"picked":"SKIP","floor":10.0},{"not_picked":["Flex","Sever Soul"],"picked":"Reaper","floor":11.0},{"not_picked":["Disarm","Battle Trance"],"picked":"Shrug It Off","floor":13.0},{"not_picked":["Double Tap","Brutality"],"picked":"Barricade","floor":16.0},{"not_picked":["Rupture","Warcry"],"picked":"Carnage","floor":18.0},{"not_picked":["Cleave+1","Warcry"],"picked":"Inflame","floor":19.0},{"not_picked":["Cleave","Havoc"],"picked":"Armaments","floor":21.0},{"not_picked":["Sentinel","Sword Boomerang+1"],"picked":"Exhume","floor":24.0},{"not_picked":["Havoc","Intimidate"],"picked":"True Grit","floor":25.0},{"not_picked":["Clothesline+1","Battle Trance+1"],"picked":"Uppercut","floor":27.0},{"not_picked":["Headbutt+1","Battle Trance"],"picked":"Body Slam","floor":30},{"not_picked":["Armaments","Flex+1"],"picked":"Metallicize+1","floor":31},{"not_picked":["Reaper","Demon Form"],"picked":"Impervious","floor":33},{"not_picked":["Armaments+1","Pummel"],"picked":"Warcry+1","floor":35},{"not_picked":["Havoc+1","Clash"],"picked":"Iron Wave+1","floor":36},{"not_picked":["Pommel Strike+1","Combust+1"],"picked":"Entrench+1","floor":37},{"not_picked":["Rage+1","Uppercut+1"],"picked":"Shrug It Off","floor":39},{"not_picked":["Bloodletting+1","Reckless Charge"],"picked":"Feel No Pain","floor":40},{"not_picked":["Dual Wield","Offering"],"picked":"Body Slam+1","floor":42},{"not_picked":["Heavy Blade+1","Anger"],"picked":"Iron Wave+1","floor":45},{"not_picked":["Iron Wave","Headbutt"],"picked":"Shrug It Off+1","floor":47}],"player_experience":330816,"relics_obtained":[{"floor":6.0,"key":"Happy Flower"},{"floor":8.0,"key":"Bottled Lightning"},{"floor":9.0,"key":"Vajra"},{"floor":25.0,"key":"Centennial Puzzle"},{"floor":26.0,"key":"Lantern"},{"floor":37,"key":"FossilizedHelix"},{"floor":38,"key":"Old Coin"},{"floor":40,"key":"Shovel"},{"floor":41,"key":"Dream Catcher"},{"floor":42,"key":"Potion Belt"},{"floor":43,"key":"Mercury Hourglass"},{"floor":44,"key":"War Paint"},{"floor":45,"key":"Blue Candle"}],"event_choices":[{"damage_healed":0.0,"max_hp_gain":0.0,"max_hp_loss":0.0,"gold_gain":0.0,"event_name":"Golden Idol","player_choice":"Take Damage","floor":2.0,"gold_loss":0.0,"damage_taken":20.0,"relics_obtained":["Golden Idol"]},{"damage_healed":0.0,"max_hp_gain":0.0,"max_hp_loss":0.0,"gold_gain":0.0,"event_name":"Match and Keep!","player_choice":"1 cards matched","floor":3.0,"gold_loss":0.0,"damage_taken":0.0,"cards_obtained":["Juggernaut"]},{"cards_removed":["Strike_R"],"damage_healed":0.0,"max_hp_gain":0.0,"max_hp_loss":0.0,"gold_gain":0.0,"event_name":"Bonfire Elementals","player_choice":"Offered Basic","floor":20.0,"gold_loss":0.0,"damage_taken":0.0},{"damage_healed":0,"gold_gain":0,"player_choice":"Paid Fearfully","damage_taken":0,"max_hp_gain":0,"max_hp_loss":0,"event_name":"Masked Bandits","floor":29,"gold_loss":9},{"damage_healed":0,"gold_gain":0,"player_choice":"Fight","damage_taken":0,"max_hp_gain":0,"max_hp_loss":0,"event_name":"MindBloom","floor":37,"gold_loss":0},{"damage_healed":0,"gold_gain":0,"player_choice":"Copied","damage_taken":0,"max_hp_gain":0,"max_hp_loss":0,"event_name":"Duplicator","floor":48,"gold_loss":0,"cards_obtained":["Entrench"]}],"is_beta":false,"boss_relics":[{"not_picked":["Philosopher\u0027s Stone","Tiny House"],"picked":"Coffee Dripper"},{"not_picked":["Runic Dome","Empty Cage"],"picked":"Mark of Pain"}],"items_purged_floors":[14,22,28,46],"is_endless":false,"potions_floor_spawned":[4,10,16,18,19,21,37,40,47],"ascension_level":9}