{"gold_per_floor":[111,111,125,143,161,189,189,206,231,242,35,35,51,81,81,176,176,192,212,311,311,321,321,321,122,172,172,172,184,184,203,203,300,300,311,24,24,40,140,140,140,140,163,175,175,192,205,205],"floor_reached":48,"playtime":2579,"items_purged":["Survivor"],"score":713,"play_id":"afb62938-6a5a-4cad-82ee-f40137897206","local_time":"20190909190251","is_ascension_mode":true,"campfire_choices":[{"floor":7.0,"key":"REST"},{"floor":12.0,"key":"REST"},{"floor":15.0,"key":"REST"},{"floor":24.0,"key":"REST"},{"floor":30.0,"key":"REST"},{"floor":32.0,"key":"REST"},{"data":"Corpse Explosion","floor":40.0,"key":"SMITH"},{"floor":45.0,"key":"REST"}],"neow_cost":"NONE","seed_source_timestamp":447271214685305,"circlet_count":0,"master_deck":["AscendersBane","Strike_G+1","Strike_G+1","Strike_G+1","Strike_G+1","Defend_G+1","Defend_G+1","Defend_G+1","Neutralize+1","Cloak And Dagger","Prepared","Glass Knife","Malaise","Poisoned Stab","Deadly Poison","Adrenaline","Well Laid Plans","Blade Dance","Corpse Explosion+1","Backflip","PiercingWail","Catalyst","Infinite Blades","Leg Sweep","Dodge and Roll","Noxious Fumes+1","Writhe","After Image","Flechettes+1","Wraith Form v2+1","Quick Slash+1","Terror+1","Prepared+1","Dash+1","Finisher"],"special_seed":0,"relics":["Ring of the Snake","NeowsBlessing","Pen Nib","Art of War","Potion Belt","Orrery","Bag of Marbles","Snake Skull","Nilry\u0027s Codex","Astrolabe","Ginger","Incense Burner","Anchor"],"potions_floor_usage":[46,47],"damage_taken":[{"damage":0.0,"enemies":"Small Slimes","floor":1.0,"turns":1.0},{"damage":0.0,"enemies":"Cultist","floor":3.0,"turns":1.0},{"damage":0.0,"enemies":"Jaw Worm","floor":4.0,"turns":1.0},{"damage":4.0,"enemies":"Blue Slaver","floor":5.0,"turns":3.0},{"damage":27.0,"enemies":"Gremlin Nob","floor":6.0,"turns":5.0},{"damage":8.0,"enemies":"Large Slime","floor":8.0,"turns":6.0},{"damage":14.0,"enemies":"2 Fungi Beasts","floor":10.0,"turns":5.0},{"damage":1.0,"enemies":"Looter","floor":13.0,"turns":3.0},{"damage":21.0,"enemies":"Lagavulin","floor":14.0,"turns":7.0},{"damage":38.0,"enemies":"Slime Boss","floor":16.0,"turns":15.0},{"damage":21.0,"enemies":"2 Thieves","floor":18.0,"turns":3.0},{"damage":4.0,"enemies":"Shell Parasite","floor":19.0,"turns":3.0},{"damage":14.0,"enemies":"Centurion and Healer","floor":22.0,"turns":6.0},{"damage":6.0,"enemies":"Cultist and Chosen","floor":29.0,"turns":6.0},{"damage":4.0,"enemies":"Chosen and Byrds","floor":31.0,"turns":4.0},{"damage":30.0,"enemies":"Automaton","floor":33.0,"turns":8.0},{"damage":13.0,"enemies":"3 Darklings","floor":35.0,"turns":3.0},{"damage":5.0,"enemies":"3 Shapes","floor":38.0,"turns":5.0},{"damage":4.0,"enemies":"Mind Bloom Boss Battle","floor":39.0,"turns":7.0},{"damage":15.0,"enemies":"3 Darklings","floor":44.0,"turns":5.0},{"damage":8,"enemies":"Transient","floor":46,"turns":5},{"damage":29,"enemies":"Writhing Mass","floor":47,"turns":5},{"damage":12,"enemies":"3 Darklings","floor":48,"turns":2}],"seed_played":"49760792605586893","potions_obtained":[{"floor":4.0,"key":"FearPotion"},{"floor":5.0,"key":"Swift Potion"},{"floor":8.0,"key":"Explosive Potion"},{"floor":10.0,"key":"Ancient Potion"},{"floor":16.0,"key":"Energy Potion"},{"floor":19.0,"key":"AttackPotion"},{"floor":29.0,"key":"Strength Potion"},{"floor":33.0,"key":"Poison Potion"},{"floor":38.0,"key":"AttackPotion"},{"floor":39.0,"key":"SkillPotion"},{"floor":47,"key":"SpeedPotion"}],"is_trial":false,"path_per_floor":["M","?","M","M","M","E","R","M","T","M","$","R","M","E","R","B",null,"M","M","?","?","M","?","R","$","T","?","?","M","R","M","R","B",null,"M","$","?","M","?","R","?","?","T","M","R","M","M","M"],"character_chosen":"THE_SILENT","items_purchased":["Adrenaline","Well Laid Plans","Regen Potion","Poison Potion","Ginger"],"campfire_rested":7,"item_purchase_floors":[11,11,25,25,36],"current_hp_per_floor":[63,63,63,63,59,32,53,45,45,31,31,52,51,30,51,13,56,35,31,31,31,17,17,38,38,38,38,22,16,37,33,54,39,62,49,49,49,44,40,40,40,40,40,25,46,38,9,0],"gold":205,"neow_bonus":"THREE_ENEMY_KILL","is_prod":false,"is_daily":false,"chose_seed":false,"campfire_upgraded":1,"win_rate":0,"timestamp":1568080971,"path_taken":["M","?","M","M","?","E","R","?","T","M","$","R","M","E","R","BOSS","M","M","?","?","M","?","R","$","T","?","?","M","R","M","R","BOSS","M","$","?","M","?","R","?","?","T","M","R","?","M","M"],"build_version":"2019-07-17","purchased_purges":1,"victory":false,"max_hp_per_floor":[70,70,70,70,70,70,70,70,70,70,70,70,70,70,70,70,70,70,70,70,70,70,70,70,70,70,70,70,70,70,70,70,70,70,70,70,70,70,70,70,70,70,70,70,70,70,70,70],"card_choices":[{"not_picked":["Blade Dance","Acrobatics"],"picked":"Cloak And Dagger","floor":1.0},{"not_picked":["Underhanded Strike","Crippling Poison"],"picked":"Prepared","floor":3.0},{"not_picked":["Outmaneuver","Flying Knee"],"picked":"Glass Knife","floor":4.0},{"not_picked":["Blade Dance","Outmaneuver"],"picked":"PiercingWail","floor":5.0},{"not_picked":["Flying Knee","Prepared"],"picked":"Malaise","floor":6.0},{"not_picked":["Flying Knee","Deadly Poison"],"picked":"Poisoned Stab","floor":8.0},{"not_picked":["Dagger Spray","Calculated Gamble"],"picked":"Deadly Poison","floor":10.0},{"not_picked":["Choke","Distraction"],"picked":"Blade Dance","floor":13.0},{"not_picked":["Flechettes","Outmaneuver","Slice"],"picked":"SKIP","floor":14.0},{"not_picked":["Storm of Steel","Die Die Die"],"picked":"Corpse Explosion","floor":16.0},{"not_picked":["Predator","Flechettes"],"picked":"Backflip","floor":17.0},{"not_picked":["Poisoned Stab","Outmaneuver"],"picked":"PiercingWail","floor":17.0},{"not_picked":["Blade Dance","Backflip"],"picked":"Catalyst","floor":17.0},{"not_picked":["Dagger Spray","Blade Dance"],"picked":"Infinite Blades","floor":17.0},{"not_picked":["Dagger Throw","Expertise"],"picked":"Leg Sweep","floor":17.0},{"not_picked":["Caltrops","Dagger Throw"],"picked":"Dodge and Roll","floor":18.0},{"not_picked":["Deflect","All Out Attack"],"picked":"Noxious Fumes+1","floor":19.0},{"not_picked":["Phantasmal Killer","Acrobatics+1","Bouncing Flask"],"picked":"SKIP","floor":22.0},{"not_picked":["Dagger Spray","Concentrate","Bouncing Flask"],"picked":"SKIP","floor":29.0},{"not_picked":["Masterful Stab","Poisoned Stab","Blade Dance"],"picked":"SKIP","floor":31.0},{"not_picked":["Bullet Time","Glass Knife"],"picked":"After Image","floor":33.0},{"not_picked":["Flying Knee+1","Slice+1"],"picked":"Terror+1","floor":35.0},{"not_picked":["Outmaneuver","Poisoned Stab+1"],"picked":"Prepared+1","floor":38.0},{"not_picked":["Slice+1","Infinite Blades","Distraction"],"picked":"SKIP","floor":44.0},{"not_picked":["Bane","Slice+1"],"picked":"Dash+1","floor":46},{"not_picked":["Cloak And Dagger+1","Backflip+1"],"picked":"Finisher","floor":47}],"player_experience":591290,"relics_obtained":[{"floor":6.0,"key":"Pen Nib"},{"floor":9.0,"key":"Art of War"},{"floor":14.0,"key":"Potion Belt"},{"floor":26.0,"key":"Bag of Marbles"},{"floor":28.0,"key":"Nilry\u0027s Codex"},{"floor":39.0,"key":"Incense Burner"},{"floor":43.0,"key":"Anchor"}],"event_choices":[{"damage_healed":0.0,"max_hp_gain":0.0,"max_hp_loss":0.0,"gold_gain":0.0,"event_name":"Upgrade Shrine","player_choice":"Upgraded","floor":2.0,"gold_loss":0.0,"damage_taken":0.0,"cards_upgraded":["Neutralize"]},{"damage_healed":0.0,"max_hp_gain":0.0,"max_hp_loss":0.0,"gold_gain":99.0,"event_name":"Nest","player_choice":"Stole From Cult","floor":20.0,"gold_loss":0.0,"damage_taken":0.0},{"damage_healed":0.0,"max_hp_gain":0.0,"max_hp_loss":0.0,"gold_gain":0.0,"event_name":"Back to Basics","player_choice":"Simplicity","floor":21.0,"gold_loss":0.0,"damage_taken":0.0,"cards_upgraded":["Strike_G","Strike_G","Strike_G","Strike_G","Strike_G","Defend_G","Defend_G","Defend_G","Defend_G","Defend_G"]},{"damage_healed":0.0,"max_hp_gain":0.0,"max_hp_loss":0.0,"gold_gain":0.0,"event_name":"Ghosts","player_choice":"Ignored","floor":23.0,"gold_loss":0.0,"damage_taken":0.0},{"damage_healed":0.0,"max_hp_gain":0.0,"max_hp_loss":0.0,"gold_gain":0.0,"event_name":"The Mausoleum","player_choice":"Opened","floor":27.0,"gold_loss":0.0,"damage_taken":0.0,"relics_obtained":["Snake Skull"],"cards_obtained":["Writhe"]},{"damage_healed":0.0,"max_hp_gain":0.0,"max_hp_loss":0.0,"gold_gain":0.0,"event_name":"Cursed Tome","player_choice":"Obtained Book","floor":28.0,"gold_loss":0.0,"damage_taken":16.0},{"damage_healed":0.0,"max_hp_gain":0.0,"max_hp_loss":0.0,"gold_gain":0.0,"event_name":"Mysterious Sphere","player_choice":"Ignored","floor":37.0,"gold_loss":0.0,"damage_taken":0.0},{"damage_healed":0.0,"max_hp_gain":0.0,"max_hp_loss":0.0,"gold_gain":0.0,"event_name":"MindBloom","player_choice":"Fight","floor":39.0,"gold_loss":0.0,"damage_taken":0.0},{"cards_removed":["PiercingWail"],"damage_healed":0.0,"max_hp_gain":0.0,"max_hp_loss":0.0,"gold_gain":0.0,"event_name":"Falling","player_choice":"Removed Skill","floor":41.0,"gold_loss":0.0,"damage_taken":0.0},{"damage_healed":0.0,"max_hp_gain":0.0,"max_hp_loss":0.0,"gold_gain":0.0,"event_name":"SecretPortal","player_choice":"Ignored","floor":42.0,"gold_loss":0.0,"damage_taken":0.0}],"is_beta":false,"boss_relics":[{"not_picked":["Calling Bell","Runic Pyramid"],"picked":"Orrery"},{"not_picked":["Black Star","HoveringKite"],"picked":"Astrolabe"}],"items_purged_floors":[25],"is_endless":false,"potions_floor_spawned":[4,5,8,10,16,19,29,33,38,39,47],"killed_by":"3 Darklings","ascension_level":11}