{"gold_per_floor":[109,35,35,35,55,86,86,102,127,127,142,142,63,79,79,181,181,195,48,65,78,53,53],"floor_reached":23,"playtime":1250,"items_purged":["Strike_R"],"score":248,"play_id":"5c5fca17-f210-410d-a183-1140b3f7762a","local_time":"20181212151255","is_ascension_mode":true,"campfire_choices":[{"floor":7,"key":"REST"},{"data":"Uppercut","floor":12,"key":"SMITH"},{"data":"Clothesline","floor":15,"key":"SMITH"}],"neow_cost":"NONE","seed_source_timestamp":34812036237300,"circlet_count":0,"master_deck":["Strike_R","Strike_R+1","Strike_R","Defend_R","Defend_R","Defend_R","Defend_R","Bash","Twin Strike+1","Armaments+1","Twin Strike","Clothesline+1","Uppercut+1","Cleave","Shrug It Off","Shrug It Off","Inflame","Pommel Strike","Disarm+1","Flex"],"relics":["Black Blood","Dream Catcher","Red Skull"],"potions_floor_usage":[16,23,23,23],"damage_taken":[{"damage":9,"enemies":"Small Slimes","floor":1,"turns":5},{"damage":0,"enemies":"Jaw Worm","floor":5,"turns":2},{"damage":30,"enemies":"3 Sentries","floor":6,"turns":8},{"damage":0,"enemies":"Cultist","floor":8,"turns":3},{"damage":4,"enemies":"3 Louse","floor":11,"turns":3},{"damage":13,"enemies":"Lots of Slimes","floor":14,"turns":4},{"damage":61,"enemies":"Hexaghost","floor":16,"turns":11},{"damage":25,"enemies":"Spheric Guardian","floor":18,"turns":6},{"damage":14,"enemies":"3 Byrds","floor":20,"turns":7},{"damage":17,"enemies":"Snecko","floor":21,"turns":5},{"damage":61,"enemies":"Slavers","floor":23,"turns":7}],"seed_played":"5103434688888205104","potions_obtained":[{"floor":5,"key":"Dexterity Potion"},{"floor":8,"key":"Fruit Juice"},{"floor":11,"key":"Dexterity Potion"},{"floor":18,"key":"EssenceOfSteel"},{"floor":21,"key":"Regen Potion"}],"is_trial":false,"path_per_floor":["M","$","?","?","M","E","R","M","T","?","M","R","$","M","R","B",null,"M","$","M","M","$","E"],"character_chosen":"IRONCLAD","items_purchased":["Armaments","Twin Strike","Cleave","Shrug It Off","Inflame","Flex"],"campfire_rested":1,"item_purchase_floors":[2,2,13,13,19,22],"current_hp_per_floor":[69,69,53,53,59,35,59,65,65,80,80,80,80,73,73,23,70,55,55,51,44,44,0],"gold":53,"neow_bonus":"REMOVE_CARD","is_prod":false,"is_daily":false,"chose_seed":false,"campfire_upgraded":2,"win_rate":0,"timestamp":1544656375,"path_taken":["M","$","?","?","?","E","R","M","T","?","M","R","$","M","R","BOSS","M","$","M","M","$","E"],"build_version":"2018-12-06","purchased_purges":1,"victory":false,"max_hp_per_floor":[80,80,80,80,80,80,80,80,80,80,80,80,80,80,80,85,85,85,85,85,85,85,85],"card_choices":[{"not_picked":["Warcry","Combust"],"picked":"Twin Strike","floor":1},{"not_picked":["Heavy Blade","Juggernaut","Dropkick"],"picked":"SKIP","floor":5},{"not_picked":["Hemokinesis","Wild Strike"],"picked":"Flame Barrier","floor":6},{"not_picked":["Armaments","Evolve"],"picked":"Clothesline","floor":7},{"not_picked":["Body Slam","Perfected Strike"],"picked":"Uppercut","floor":8},{"not_picked":["Infernal Blade","Clash","True Grit"],"picked":"SKIP","floor":11},{"not_picked":["Wild Strike","Armaments","Entrench"],"picked":"SKIP","floor":14},{"not_picked":["Dropkick+1","Clash"],"picked":"Shrug It Off","floor":18},{"not_picked":["Headbutt","Metallicize"],"picked":"Pommel Strike","floor":20},{"not_picked":["Clash","Wild Strike"],"picked":"Disarm+1","floor":21}],"player_experience":57608,"relics_obtained":[{"floor":6,"key":"Dream Catcher"},{"floor":9,"key":"Red Skull"}],"event_choices":[{"damage_healed":0,"gold_gain":0,"player_choice":"Entered Light","damage_taken":16,"max_hp_gain":0,"max_hp_loss":0,"event_name":"Shining Light","floor":3,"gold_loss":0,"cards_upgraded":["Twin Strike","Strike_R"]},{"damage_healed":0,"gold_gain":0,"player_choice":"Forge","damage_taken":0,"max_hp_gain":0,"max_hp_loss":0,"event_name":"Accursed Blacksmith","floor":4,"gold_loss":0,"cards_upgraded":["Armaments"]},{"cards_removed":["Flame Barrier"],"damage_healed":15,"gold_gain":0,"player_choice":"Offered Uncommon","damage_taken":0,"max_hp_gain":0,"max_hp_loss":0,"event_name":"Bonfire Elementals","floor":10,"gold_loss":0}],"is_beta":false,"boss_relics":[{"not_picked":["Black Star","Lizard Tail"],"picked":"Black Blood"}],"items_purged_floors":[19],"is_endless":false,"potions_floor_spawned":[5,8,11,18,21],"killed_by":"Slavers","ascension_level":6}