{"gold_per_floor":[115,89,89,89,37,37,68,83,83,83,83,110,126,140,140,219,219,236,236,236,236,52,52,81,81,106,133,144,163,195,212,212,212],"floor_reached":33,"playtime":1915,"items_purged":["Writhe"],"score":622,"play_id":"136105b4-2332-4de4-97cd-73f204ec4eb7","local_time":"20190703001427","is_ascension_mode":true,"campfire_choices":[{"data":"Perfected Strike","floor":6,"key":"SMITH"},{"data":"Perfected Strike","floor":10,"key":"SMITH"},{"data":"Disarm","floor":15,"key":"SMITH"},{"data":"Shockwave","floor":23,"key":"SMITH"},{"floor":32,"key":"REST"}],"neow_cost":"NONE","seed_source_timestamp":564765238754400,"circlet_count":0,"master_deck":["AscendersBane","Strike_R","Strike_R","Strike_R","Strike_R","Defend_R","Defend_R","Defend_R","Defend_R","Bash","Perfected Strike+1","Perfected Strike+1","Shockwave+1","Disarm+1","Rampage","Flame Barrier","Offering","Reckless Charge+1","Burning Pact+1","Wild Strike+1","Spot Weakness+1","Anger","Wild Strike","Shrug It Off","Armaments+1"],"relics":["Burning Blood","Smiling Mask","Orichalcum","Strawberry","Astrolabe","MutagenicStrength","Turnip","Tiny Chest","Kunai","Dream Catcher","Gambling Chip","Omamori"],"potions_floor_usage":[27,27,31,33],"damage_taken":[{"damage":4,"enemies":"Small Slimes","floor":1,"turns":3},{"damage":32,"enemies":"Gremlin Nob","floor":7,"turns":4},{"damage":7,"enemies":"Jaw Worm","floor":8,"turns":3},{"damage":7,"enemies":"Lagavulin","floor":12,"turns":5},{"damage":0,"enemies":"Cultist","floor":13,"turns":3},{"damage":4,"enemies":"Large Slime","floor":14,"turns":5},{"damage":37,"enemies":"The Guardian","floor":16,"turns":15},{"damage":24,"enemies":"Shell Parasite","floor":18,"turns":5},{"damage":19,"enemies":"Gremlin Leader","floor":24,"turns":7},{"damage":18,"enemies":"Slavers","floor":27,"turns":6},{"damage":8,"enemies":"2 Thieves","floor":28,"turns":2},{"damage":11,"enemies":"Sentry and Sphere","floor":29,"turns":3},{"damage":20,"enemies":"Gremlin Leader","floor":30,"turns":6},{"damage":12,"enemies":"Cultist and Chosen","floor":31,"turns":3},{"damage":38,"enemies":"Automaton","floor":33,"turns":4}],"seed_played":"4520421000133429234","potions_obtained":[{"floor":7,"key":"Regen Potion"},{"floor":13,"key":"Energy Potion"},{"floor":29,"key":"SneckoOil"},{"floor":30,"key":"PowerPotion"}],"is_trial":false,"path_per_floor":["M","$","?","?","$","R","E","M","T","R","$","E","M","M","R","B",null,"M","?","?","?","$","R","E","?","T","E","M","M","E","M","R","B"],"character_chosen":"IRONCLAD","items_purchased":["Perfected Strike","Cleave","Tiny Chest"],"campfire_rested":1,"item_purchase_floors":[2,5,22],"current_hp_per_floor":[70,70,70,70,70,70,44,43,43,43,43,49,55,57,57,26,68,50,50,50,50,50,50,37,37,37,39,37,32,18,12,36,0],"gold":212,"neow_bonus":"THREE_CARDS","is_prod":false,"is_daily":false,"chose_seed":false,"campfire_upgraded":4,"win_rate":0,"timestamp":1562138067,"path_taken":["M","$","?","?","?","R","E","M","T","R","$","E","?","M","R","BOSS","M","?","?","?","$","R","E","?","T","E","?","M","E","M","R","BOSS"],"build_version":"2019-07-01","purchased_purges":1,"victory":false,"max_hp_per_floor":[75,75,75,75,75,75,75,75,75,75,75,82,82,82,82,82,82,82,82,82,82,82,82,82,82,82,82,82,82,82,82,82,82],"card_choices":[{"not_picked":["Warcry","Sentinel"],"picked":"Perfected Strike","floor":0},{"not_picked":["Blood for Blood","Clothesline"],"picked":"Shockwave","floor":7},{"not_picked":["Heavy Blade","Body Slam"],"picked":"Disarm","floor":8},{"not_picked":["Uppercut","Evolve"],"picked":"Inflame","floor":12},{"not_picked":["Headbutt","True Grit"],"picked":"Rampage","floor":13},{"not_picked":["Clothesline","Bloodletting"],"picked":"Flame Barrier","floor":14},{"not_picked":["Double Tap","Impervious"],"picked":"Offering","floor":16},{"not_picked":["Warcry","Pummel+1","Havoc"],"picked":"SKIP","floor":18},{"not_picked":["Twin Strike","Shrug It Off"],"picked":"Spot Weakness+1","floor":24},{"not_picked":["Thunderclap","Clothesline"],"picked":"Anger","floor":27},{"not_picked":["Intimidate","Fire Breathing"],"picked":"Wild Strike","floor":28},{"not_picked":["Bloodletting","Rupture","Entrench"],"picked":"SKIP","floor":29},{"not_picked":["Bloodletting","Rupture","Entrench"],"picked":"SKIP","floor":29},{"not_picked":["Spot Weakness","Flex","Dropkick"],"picked":"SKIP","floor":30},{"not_picked":["Searing Blow","Inflame"],"picked":"Shrug It Off","floor":31},{"not_picked":["Havoc","Sentinel"],"picked":"Armaments+1","floor":32}],"player_experience":644137,"relics_obtained":[{"floor":7,"key":"Smiling Mask"},{"floor":9,"key":"Orichalcum"},{"floor":12,"key":"Strawberry"},{"floor":24,"key":"Kunai"},{"floor":26,"key":"Dream Catcher"},{"floor":27,"key":"Gambling Chip"},{"floor":30,"key":"Omamori"}],"event_choices":[{"damage_healed":0,"gold_gain":0,"player_choice":"Ignored","damage_taken":0,"max_hp_gain":0,"max_hp_loss":0,"event_name":"Liars Game","floor":3,"gold_loss":0},{"damage_healed":0,"gold_gain":0,"player_choice":"Leave","damage_taken":0,"max_hp_gain":0,"max_hp_loss":0,"event_name":"The Cleric","floor":4,"gold_loss":0},{"damage_healed":0,"gold_gain":0,"player_choice":"Ignored","damage_taken":0,"max_hp_gain":0,"max_hp_loss":0,"event_name":"Ghosts","floor":19,"gold_loss":0},{"damage_healed":0,"gold_gain":0,"player_choice":"Inject Mutagens","damage_taken":0,"relics_obtained":["MutagenicStrength"],"max_hp_gain":0,"max_hp_loss":0,"event_name":"Drug Dealer","floor":20,"gold_loss":0},{"damage_healed":0,"gold_gain":0,"player_choice":"Opened","damage_taken":0,"relics_obtained":["Turnip"],"max_hp_gain":0,"max_hp_loss":0,"event_name":"The Mausoleum","floor":21,"gold_loss":0,"cards_obtained":["Writhe"]},{"damage_healed":0,"gold_gain":0,"player_choice":"Ignored","damage_taken":0,"max_hp_gain":0,"max_hp_loss":0,"event_name":"Beggar","floor":25,"gold_loss":0}],"is_beta":false,"boss_relics":[{"not_picked":["Black Blood","White Beast Statue"],"picked":"Astrolabe"}],"items_purged_floors":[22],"is_endless":false,"potions_floor_spawned":[7,13,14,18,24,29,30],"killed_by":"Automaton","ascension_level":20}