{"gold_per_floor":[13,13,23,38,38,38,68,68,68,103,114,189,189,202,202,202],"floor_reached":16,"playtime":485,"items_purged":[],"score":220,"play_id":"16635199-0b20-4d19-a402-6c1972f5b542","local_time":"20190810031635","is_ascension_mode":true,"campfire_choices":[{"data":"Perfected Strike","floor":6,"key":"SMITH"},{"data":"Headbutt","floor":8,"key":"SMITH"},{"data":"Metallicize","floor":13,"key":"SMITH"},{"data":"Battle Trance","floor":15,"key":"SMITH"}],"neow_cost":"NO_GOLD","seed_source_timestamp":559312902330699,"circlet_count":0,"master_deck":["AscendersBane","Strike_R","Strike_R","Strike_R","Strike_R","Strike_R","Defend_R","Defend_R","Defend_R","Defend_R","Bash","Headbutt+1","Perfected Strike+1","Infernal Blade","Offering","Feel No Pain","Metallicize+1","Battle Trance+1"],"relics":["Burning Blood","Sundial","Smiling Mask","Self Forming Clay"],"potions_floor_usage":[7,10,16,16],"damage_taken":[{"damage":6,"enemies":"Cultist","floor":1,"turns":3},{"damage":2,"enemies":"2 Louse","floor":3,"turns":3},{"damage":4,"enemies":"Small Slimes","floor":4,"turns":3},{"damage":8,"enemies":"Gremlin Nob","floor":7,"turns":3},{"damage":11,"enemies":"Lagavulin","floor":10,"turns":3},{"damage":9,"enemies":"Looter","floor":11,"turns":3},{"damage":6,"enemies":"Gremlin Gang","floor":14,"turns":4},{"damage":91,"enemies":"Hexaghost","floor":16,"turns":9}],"seed_played":"1496298141719593037","potions_obtained":[{"floor":1,"key":"SpeedPotion"},{"floor":3,"key":"FearPotion"},{"floor":7,"key":"FearPotion"},{"floor":10,"key":"BloodPotion"},{"floor":14,"key":"Dexterity Potion"}],"is_trial":false,"path_per_floor":["M","$","M","M","$","R","E","R","T","E","M","?","R","M","R","B"],"character_chosen":"IRONCLAD","items_purchased":[],"campfire_rested":0,"item_purchase_floors":[],"current_hp_per_floor":[82,82,86,88,88,88,86,86,86,81,78,67,67,67,67,0],"gold":202,"neow_bonus":"TWENTY_PERCENT_HP_BONUS","is_prod":false,"is_daily":false,"chose_seed":false,"campfire_upgraded":4,"win_rate":0,"timestamp":1565432195,"path_taken":["M","?","M","M","$","R","E","R","T","E","M","?","R","M","R","BOSS"],"build_version":"2019-07-17","purchased_purges":0,"victory":false,"max_hp_per_floor":[89,89,89,89,89,89,89,89,89,89,89,89,89,89,89,89],"card_choices":[{"not_picked":["Rampage","Bloodletting"],"picked":"Headbutt","floor":1},{"not_picked":["Pommel Strike","Dual Wield"],"picked":"Perfected Strike","floor":3},{"not_picked":["Iron Wave","Infernal Blade","Reckless Charge"],"picked":"SKIP","floor":4},{"not_picked":["Iron Wave","Reckless Charge"],"picked":"Infernal Blade","floor":4},{"not_picked":["Sentinel","Power Through"],"picked":"Offering","floor":7},{"not_picked":["Headbutt","Perfected Strike"],"picked":"Feel No Pain","floor":10},{"not_picked":["Rupture","Ghostly Armor"],"picked":"Metallicize","floor":11},{"not_picked":["Sever Soul","Hemokinesis"],"picked":"Battle Trance","floor":14}],"player_experience":762925,"relics_obtained":[{"floor":7,"key":"Sundial"},{"floor":9,"key":"Smiling Mask"},{"floor":10,"key":"Self Forming Clay"}],"event_choices":[{"damage_healed":0,"gold_gain":75,"player_choice":"Gather Gold","damage_taken":11,"max_hp_gain":0,"max_hp_loss":0,"event_name":"World of Goop","floor":12,"gold_loss":0}],"is_beta":false,"boss_relics":[],"items_purged_floors":[],"is_endless":false,"potions_floor_spawned":[1,3,7,10,14],"killed_by":"Hexaghost","ascension_level":20}