{"gold_per_floor":[118,118,193,217,31,67,67,105,153,191,212,233,233,14,14,14],"floor_reached":16,"playtime":401,"items_purged":[],"score":236,"play_id":"3c8ca7e0-8655-4a39-a830-95292387ebc1","local_time":"20190722011904","is_ascension_mode":true,"campfire_choices":[{"floor":7.0,"key":"REST"},{"data":"Bash","floor":15.0,"key":"SMITH"}],"neow_cost":"NONE","seed_source_timestamp":410662484150600,"circlet_count":0,"master_deck":["AscendersBane","Strike_R","Strike_R","Strike_R","Strike_R","Strike_R+1","Defend_R","Defend_R","Defend_R","Defend_R","Bash+1","Sword Boomerang","Clothesline+1","Twin Strike+1","Corruption","Twin Strike+1","Immolate","True Grit"],"special_seed":0,"relics":["Burning Blood","Golden Idol","Vajra","Whetstone","Shovel","Strawberry","Bag of Marbles","PreservedInsect"],"potions_floor_usage":[],"damage_taken":[{"damage":8.0,"enemies":"Small Slimes","floor":1.0,"turns":3.0},{"damage":9.0,"enemies":"Jaw Worm","floor":4.0,"turns":5.0},{"damage":50.0,"enemies":"Lagavulin","floor":6.0,"turns":8.0},{"damage":8.0,"enemies":"Gremlin Nob","floor":8.0,"turns":3.0},{"damage":25.0,"enemies":"Lagavulin","floor":10.0,"turns":6.0},{"damage":7.0,"enemies":"2 Louse","floor":11.0,"turns":3.0},{"damage":0.0,"enemies":"2 Fungi Beasts","floor":12.0,"turns":1.0},{"damage":18,"enemies":"Slime Boss","floor":16,"turns":4}],"seed_played":"4387721796443831653","potions_obtained":[{"floor":6.0,"key":"Poison Potion"},{"floor":11.0,"key":"Ancient Potion"}],"is_trial":false,"path_per_floor":["M","?","?","M","$","E","R","E","T","E","M","M","?","$","R","B"],"character_chosen":"IRONCLAD","items_purchased":["Vajra","Twin Strike","PreservedInsect","True Grit"],"campfire_rested":1,"item_purchase_floors":[5,5,14,14],"current_hp_per_floor":[73,73,62,59,59,15,37,35,42,23,22,28,4,4,4,0],"gold":14,"neow_bonus":"TEN_PERCENT_HP_BONUS","is_prod":false,"is_daily":false,"chose_seed":false,"campfire_upgraded":1,"win_rate":0,"timestamp":1563783544,"path_taken":["M","?","?","M","$","E","R","E","T","E","M","M","?","$","R","BOSS"],"build_version":"2019-07-17","purchased_purges":0,"victory":false,"max_hp_per_floor":[82,74,74,74,74,74,74,74,81,81,81,81,81,81,81,81],"card_choices":[{"not_picked":["Clothesline","Thunderclap"],"picked":"Sword Boomerang","floor":1.0},{"not_picked":["Reckless Charge","Infernal Blade","Clothesline"],"picked":"SKIP","floor":4.0},{"not_picked":["Reckless Charge","Infernal Blade"],"picked":"Clothesline","floor":4.0},{"not_picked":["Clash","Havoc"],"picked":"Corruption","floor":6.0},{"not_picked":["Hemokinesis","Havoc"],"picked":"Twin Strike","floor":8.0},{"not_picked":["Headbutt","Hemokinesis","Perfected Strike"],"picked":"SKIP","floor":10.0},{"not_picked":["Shrug It Off","Body Slam"],"picked":"Immolate","floor":11.0},{"not_picked":["Havoc","Pommel Strike","Cleave"],"picked":"SKIP","floor":12.0}],"player_experience":685341,"relics_obtained":[{"floor":6.0,"key":"Whetstone"},{"floor":8.0,"key":"Shovel"},{"floor":9.0,"key":"Strawberry"},{"floor":10.0,"key":"Bag of Marbles"}],"event_choices":[{"damage_healed":0.0,"max_hp_gain":0.0,"max_hp_loss":8.0,"gold_gain":0.0,"event_name":"Golden Idol","player_choice":"Lose Max HP","floor":2.0,"gold_loss":0.0,"damage_taken":0.0,"relics_obtained":["Golden Idol"]},{"damage_healed":0.0,"max_hp_gain":0.0,"max_hp_loss":0.0,"gold_gain":75.0,"event_name":"World of Goop","player_choice":"Gather Gold","floor":3.0,"gold_loss":0.0,"damage_taken":11.0},{"damage_healed":0.0,"max_hp_gain":0.0,"max_hp_loss":0.0,"gold_gain":0.0,"event_name":"Shining Light","player_choice":"Entered Light","floor":13.0,"gold_loss":0.0,"damage_taken":24.0,"cards_upgraded":["Twin Strike","Strike_R"]}],"is_beta":false,"boss_relics":[],"items_purged_floors":[],"is_endless":false,"potions_floor_spawned":[6,11],"killed_by":"Slime Boss","ascension_level":20}