{"gold_per_floor":[116,116,131,39,39,39,70,70,70,70,82,132,167,182,182,182],"floor_reached":16,"playtime":410,"items_purged":[],"score":266,"play_id":"0e74a63b-8ade-463f-8f8b-40ae0b223fe2","local_time":"20190714185154","is_ascension_mode":true,"campfire_choices":[{"data":"Wild Strike","floor":6,"key":"SMITH"},{"data":"Clothesline","floor":10,"key":"SMITH"},{"data":"Power Through","floor":15,"key":"SMITH"}],"neow_cost":"NONE","seed_source_timestamp":225190150696200,"circlet_count":0,"master_deck":["AscendersBane","Strike_R","Strike_R+1","Strike_R+1","Strike_R","Strike_R+1","Defend_R","Defend_R","Defend_R","Defend_R","Bash+1","Clothesline+1","Shrug It Off","Wild Strike+1","Battle Trance","Pain","Offering","Power Through+1"],"relics":["Burning Blood","NeowsBlessing","WarpedTongs","Kunai","Mummified Hand","Whetstone"],"potions_floor_usage":[],"damage_taken":[{"damage":0,"enemies":"Small Slimes","floor":1,"turns":1},{"damage":0,"enemies":"2 Louse","floor":3,"turns":2},{"damage":1,"enemies":"3 Sentries","floor":7,"turns":1},{"damage":7,"enemies":"Cultist","floor":11,"turns":3},{"damage":23,"enemies":"Lagavulin","floor":13,"turns":5},{"damage":11,"enemies":"Blue Slaver","floor":14,"turns":3},{"damage":42,"enemies":"Hexaghost","floor":16,"turns":8}],"seed_played":"-6136945900033132029","potions_obtained":[{"floor":11,"key":"FearPotion"},{"floor":14,"key":"Energy Potion"}],"is_trial":false,"path_per_floor":["M","?","M","$","?","R","E","$","T","R","M","?","E","M","R","B"],"character_chosen":"IRONCLAD","items_purchased":["Wild Strike","Battle Trance"],"campfire_rested":0,"item_purchase_floors":[4,4],"current_hp_per_floor":[74,51,57,57,57,57,62,62,62,62,61,61,44,39,39,0],"gold":182,"neow_bonus":"THREE_ENEMY_KILL","is_prod":false,"is_daily":false,"chose_seed":false,"campfire_upgraded":3,"win_rate":0,"timestamp":1563144714,"path_taken":["M","?","M","$","?","R","E","$","T","R","?","?","E","M","R","BOSS"],"build_version":"2019-07-05","purchased_purges":0,"victory":false,"max_hp_per_floor":[75,75,75,75,75,75,75,75,75,75,75,75,75,75,75,75],"card_choices":[{"not_picked":["Havoc","Heavy Blade"],"picked":"Clothesline","floor":1},{"not_picked":["True Grit","Clash"],"picked":"Shrug It Off","floor":3},{"not_picked":["Shrug It Off","Pommel Strike"],"picked":"Offering","floor":7},{"not_picked":["Perfected Strike","Pummel","Thunderclap"],"picked":"SKIP","floor":11},{"not_picked":["Second Wind","True Grit"],"picked":"Power Through","floor":13},{"not_picked":["Warcry","Clash","Pummel"],"picked":"SKIP","floor":14}],"player_experience":772523,"relics_obtained":[{"floor":7,"key":"Kunai"},{"floor":9,"key":"Mummified Hand"},{"floor":13,"key":"Whetstone"}],"event_choices":[{"damage_healed":0,"gold_gain":0,"player_choice":"Entered Light","damage_taken":23,"max_hp_gain":0,"max_hp_loss":0,"event_name":"Shining Light","floor":2,"gold_loss":0,"cards_upgraded":["Strike_R","Bash"]},{"damage_healed":0,"gold_gain":0,"player_choice":"Rummage","damage_taken":0,"relics_obtained":["WarpedTongs"],"max_hp_gain":0,"max_hp_loss":0,"event_name":"Accursed Blacksmith","floor":5,"gold_loss":0,"cards_obtained":["Pain"]},{"damage_healed":0,"gold_gain":50,"player_choice":"Pray","damage_taken":0,"max_hp_gain":0,"max_hp_loss":0,"event_name":"Golden Shrine","floor":12,"gold_loss":0}],"is_beta":false,"boss_relics":[],"items_purged_floors":[],"is_endless":false,"potions_floor_spawned":[11,14],"killed_by":"Hexaghost","ascension_level":20}