{"gold_per_floor":[111,111,111,131,406,406,432,432,459,476,490,9,9,9,9,87,87,101,117,31,31,61,91,108,53,132,132,160,172],"floor_reached":29,"playtime":815,"items_purged":["Regret"],"score":518,"play_id":"55ab3bcb-f542-4d16-8dd6-bad7b7a91e74","local_time":"20190812173321","is_ascension_mode":true,"campfire_choices":[{"data":"Cleave","floor":6,"key":"SMITH"},{"data":"Spot Weakness","floor":8,"key":"SMITH"},{"floor":15,"key":"REST"},{"floor":27,"key":"REST"}],"neow_cost":"NONE","seed_source_timestamp":783188204081400,"circlet_count":0,"master_deck":["AscendersBane","Strike_R","Strike_R+1","Strike_R+1","Strike_R+1","Defend_R","Defend_R","Defend_R","Defend_R","Bash","Cleave+1","Spot Weakness+1","Shockwave","Battle Trance+1","Immolate","Sword Boomerang","Burning Pact","Corruption","Decay","Power Through","Shrug It Off","Headbutt"],"relics":["Burning Blood","Whetstone","Mercury Hourglass","Lantern","Mummified Hand","Self Forming Clay","Mark of Pain","Tiny Chest","Letter Opener","Gremlin Horn","MawBank"],"potions_floor_usage":[16,23,23,28],"damage_taken":[{"damage":0,"enemies":"2 Louse","floor":1,"turns":4},{"damage":5,"enemies":"Small Slimes","floor":4,"turns":3},{"damage":34,"enemies":"3 Sentries","floor":7,"turns":6},{"damage":1,"enemies":"Cultist","floor":10,"turns":3},{"damage":4,"enemies":"2 Fungi Beasts","floor":11,"turns":2},{"damage":23,"enemies":"The Guardian","floor":16,"turns":9},{"damage":20,"enemies":"Shell Parasite","floor":18,"turns":4},{"damage":0,"enemies":"3 Byrds","floor":19,"turns":3},{"damage":26,"enemies":"Slavers","floor":23,"turns":4},{"damage":24,"enemies":"Sentry and Sphere","floor":24,"turns":5},{"damage":25,"enemies":"Book of Stabbing","floor":28,"turns":4},{"damage":21,"enemies":"Centurion and Healer","floor":29,"turns":5}],"seed_played":"-7970137069379614405","potions_obtained":[{"floor":10,"key":"Fire Potion"},{"floor":16,"key":"Fire Potion"},{"floor":28,"key":"Poison Potion"}],"is_trial":false,"path_per_floor":["M","?","?","M","?","R","E","R","T","M","M","$","?","?","R","B",null,"M","M","$","?","?","E","M","$","T","R","E","M"],"character_chosen":"IRONCLAD","items_purchased":["Uppercut","Mummified Hand","Strength Potion","Corruption","AttackPotion"],"campfire_rested":2,"item_purchase_floors":[12,12,12,20,25],"current_hp_per_floor":[74,67,72,73,73,73,45,45,45,50,52,52,26,2,26,9,62,48,54,54,54,54,34,16,16,16,40,21,0],"gold":172,"neow_bonus":"RANDOM_COMMON_RELIC","is_prod":false,"is_daily":false,"chose_seed":false,"campfire_upgraded":2,"win_rate":0,"timestamp":1565656401,"path_taken":["M","?","?","M","?","R","E","R","T","M","?","$","?","?","R","BOSS","M","M","$","?","?","E","?","?","T","R","E","M"],"build_version":"2019-07-17","purchased_purges":1,"victory":false,"max_hp_per_floor":[75,75,80,80,80,80,80,80,80,80,80,80,80,80,80,80,80,80,80,80,80,80,80,80,80,80,80,80,80],"card_choices":[{"not_picked":["Iron Wave","Second Wind"],"picked":"Cleave","floor":1},{"not_picked":["Body Slam","Pummel"],"picked":"Spot Weakness","floor":4},{"not_picked":["Clash","Cleave","Second Wind"],"picked":"SKIP","floor":7},{"not_picked":["Entrench","Wild Strike"],"picked":"Shockwave","floor":10},{"not_picked":["Pommel Strike","Clothesline"],"picked":"Battle Trance","floor":11},{"not_picked":["Limit Break","Exhume"],"picked":"Immolate","floor":16},{"not_picked":["Heavy Blade","Twin Strike"],"picked":"Sword Boomerang","floor":18},{"not_picked":["Wild Strike","Flex"],"picked":"Burning Pact","floor":19},{"not_picked":["Inflame","Pommel Strike"],"picked":"Power Through","floor":23},{"not_picked":["Burning Pact","Cleave+1"],"picked":"Shrug It Off","floor":24},{"not_picked":["Barricade","Sword Boomerang"],"picked":"Headbutt","floor":28}],"player_experience":779196,"relics_obtained":[{"floor":7,"key":"Mercury Hourglass"},{"floor":9,"key":"Lantern"},{"floor":23,"key":"Letter Opener"},{"floor":26,"key":"Gremlin Horn"},{"floor":28,"key":"MawBank"}],"event_choices":[{"cards_removed":["Strike_R"],"damage_healed":0,"gold_gain":0,"player_choice":"Card Removal","damage_taken":7,"max_hp_gain":0,"max_hp_loss":0,"event_name":"Golden Wing","floor":2,"gold_loss":0},{"damage_healed":0,"gold_gain":0,"player_choice":"Donut","damage_taken":0,"max_hp_gain":5,"max_hp_loss":0,"event_name":"Big Fish","floor":3,"gold_loss":0},{"damage_healed":0,"gold_gain":275,"player_choice":"Desecrate","damage_taken":0,"max_hp_gain":0,"max_hp_loss":0,"event_name":"Golden Shrine","floor":5,"gold_loss":0,"cards_obtained":["Regret"]},{"damage_healed":0,"gold_gain":0,"player_choice":"Success","damage_taken":26,"relics_obtained":["Self Forming Clay"],"max_hp_gain":0,"max_hp_loss":0,"event_name":"Scrap Ooze","floor":13,"gold_loss":0},{"damage_healed":0,"gold_gain":0,"player_choice":"Entered Light","damage_taken":24,"max_hp_gain":0,"max_hp_loss":0,"event_name":"Shining Light","floor":14,"gold_loss":0,"cards_upgraded":["Battle Trance","Strike_R"]},{"damage_healed":0,"gold_gain":0,"player_choice":"Smashed Altar","damage_taken":0,"max_hp_gain":0,"max_hp_loss":0,"event_name":"Forgotten Altar","floor":21,"gold_loss":0,"cards_obtained":["Decay"]},{"cards_removed":["Uppercut"],"damage_healed":0,"gold_gain":0,"player_choice":"Gave Card","damage_taken":0,"relics_obtained":["Tiny Chest"],"max_hp_gain":0,"max_hp_loss":0,"event_name":"WeMeetAgain","floor":22,"gold_loss":0}],"is_beta":false,"boss_relics":[{"not_picked":["Lizard Tail","Calling Bell"],"picked":"Mark of Pain"}],"items_purged_floors":[12],"is_endless":false,"potions_floor_spawned":[10,16,18,19,28],"killed_by":"Centurion and Healer","ascension_level":20}