{"gold_per_floor":[117,136,152,152,67,67,132,132,132,97,126,126,151,166,166,239,239,258,19,32,46,46,46,64,114,114,114,10,27,27,37,37,37],"floor_reached":33,"playtime":1302,"items_purged":["Strike_R"],"score":550,"play_id":"d3638043-d3b6-4b53-b6a5-0f4cf64c604f","local_time":"20190714015024","is_ascension_mode":true,"campfire_choices":[{"data":"Bash","floor":6.0,"key":"SMITH"},{"data":"Cleave","floor":8.0,"key":"SMITH"},{"floor":12.0,"key":"REST"},{"data":"Bludgeon","floor":15.0,"key":"SMITH"},{"data":"Armaments","floor":32.0,"key":"SMITH"}],"neow_cost":"PERCENT_DAMAGE","seed_source_timestamp":0,"circlet_count":0,"master_deck":["AscendersBane","Strike_R+1","Strike_R+1","Defend_R","Defend_R","Defend_R","Defend_R","Bash+1","Cleave+1","Anger","Reckless Charge","Reaper","Shrug It Off","Bludgeon+1","Warcry","Bludgeon","Shockwave+1","Warcry","Armaments+1","Decay","Battle Trance","Infernal Blade","True Grit","Shrug It Off"],"special_seed":0,"relics":["Burning Blood","Dead Branch","Lantern","Sundial","Anchor","Mango","Runic Pyramid","Whetstone","PreservedInsect"],"potions_floor_usage":[33,33],"damage_taken":[{"damage":3.0,"enemies":"2 Louse","floor":1.0,"turns":3.0},{"damage":15.0,"enemies":"Small Slimes","floor":2.0,"turns":4.0},{"damage":12.0,"enemies":"Jaw Worm","floor":3.0,"turns":4.0},{"damage":64.0,"enemies":"Gremlin Nob","floor":7.0,"turns":5.0},{"damage":31.0,"enemies":"Gremlin Nob","floor":11.0,"turns":4.0},{"damage":22.0,"enemies":"Lagavulin","floor":13.0,"turns":8.0},{"damage":0.0,"enemies":"Blue Slaver","floor":14.0,"turns":2.0},{"damage":40.0,"enemies":"Hexaghost","floor":16.0,"turns":9.0},{"damage":4.0,"enemies":"Chosen","floor":18.0,"turns":3.0},{"damage":14.0,"enemies":"Shell Parasite","floor":20.0,"turns":3.0},{"damage":33.0,"enemies":"Shelled Parasite and Fungi","floor":21.0,"turns":6.0},{"damage":25.0,"enemies":"Book of Stabbing","floor":23.0,"turns":4.0},{"damage":0.0,"enemies":"Snecko","floor":24.0,"turns":3.0},{"damage":9.0,"enemies":"3 Cultists","floor":29.0,"turns":3.0},{"damage":10.0,"enemies":"Snake Plant","floor":31.0,"turns":3.0},{"damage":75,"enemies":"Champ","floor":33,"turns":17}],"seed_played":"-207966770978696652","potions_obtained":[{"floor":1.0,"key":"BloodPotion"},{"floor":3.0,"key":"LiquidBronze"},{"floor":7.0,"key":"Regen Potion"},{"floor":13.0,"key":"SmokeBomb"},{"floor":14.0,"key":"Swift Potion"},{"floor":24.0,"key":"Weak Potion"},{"floor":29.0,"key":"BloodPotion"}],"is_trial":false,"path_per_floor":["M","M","M","?","$","R","?","R","T","?","E","R","E","M","R","B",null,"M","$","M","M","?","E","M","?","T","?","$","M","$","M","R","B"],"character_chosen":"IRONCLAD","items_purchased":["Reaper","Whetstone","True Grit","Shrug It Off"],"campfire_rested":1,"item_purchase_floors":[5,19,28,28],"current_hp_per_floor":[53,44,38,63,63,63,9,9,9,27,32,54,56,62,62,28,74,76,76,68,41,41,22,32,32,32,32,32,47,47,43,43,0],"gold":37,"neow_bonus":"ONE_RARE_RELIC","is_prod":false,"is_daily":false,"chose_seed":false,"campfire_upgraded":4,"win_rate":0,"timestamp":1563094224,"path_taken":["M","M","M","?","$","R","?","R","T","?","E","R","E","M","R","BOSS","M","$","M","M","?","E","M","?","T","?","$","M","?","?","R","BOSS"],"build_version":"2019-07-05","purchased_purges":1,"victory":false,"max_hp_per_floor":[75,75,75,75,75,75,75,75,75,75,75,75,89,89,89,89,89,89,89,89,89,89,89,89,89,89,89,89,89,89,89,89,89],"card_choices":[{"not_picked":["Rampage","Thunderclap"],"picked":"Cleave","floor":1.0},{"not_picked":["Iron Wave","Entrench"],"picked":"Anger","floor":2.0},{"not_picked":["Combust","Fire Breathing"],"picked":"Reckless Charge","floor":3.0},{"not_picked":["Rage","Clothesline"],"picked":"Shrug It Off","floor":7.0},{"not_picked":["Headbutt","Iron Wave","Sword Boomerang"],"picked":"SKIP","floor":11.0},{"not_picked":["Heavy Blade","Power Through"],"picked":"Bludgeon","floor":13.0},{"not_picked":["Pommel Strike","Clothesline","Warcry"],"picked":"SKIP","floor":14.0},{"not_picked":["Pommel Strike","Clothesline"],"picked":"Warcry","floor":14.0},{"not_picked":["Double Tap","Reaper"],"picked":"Bludgeon","floor":16.0},{"not_picked":["Ghostly Armor","Sword Boomerang"],"picked":"Shockwave+1","floor":18.0},{"not_picked":["Headbutt","Clash"],"picked":"Warcry","floor":20.0},{"not_picked":["Infernal Blade","Warcry+1"],"picked":"Armaments","floor":21.0},{"not_picked":["Twin Strike","Sever Soul","Pummel"],"picked":"SKIP","floor":24.0},{"not_picked":["Armaments","Warcry+1","Ghostly Armor"],"picked":"SKIP","floor":29.0},{"not_picked":["Pommel Strike","Shrug It Off","Barricade"],"picked":"SKIP","floor":31.0}],"player_experience":655382,"relics_obtained":[{"floor":7.0,"key":"Lantern"},{"floor":9.0,"key":"Sundial"},{"floor":11.0,"key":"Anchor"},{"floor":13.0,"key":"Mango"},{"floor":26.0,"key":"PreservedInsect"}],"event_choices":[{"damage_healed":25.0,"max_hp_gain":0.0,"max_hp_loss":0.0,"gold_gain":0.0,"event_name":"Big Fish","player_choice":"Banana","floor":4.0,"gold_loss":0.0,"damage_taken":0.0},{"damage_healed":0.0,"max_hp_gain":0.0,"max_hp_loss":0.0,"gold_gain":0.0,"event_name":"Dead Adventurer","player_choice":"Searched \u00272\u0027 times","floor":7.0,"gold_loss":0.0,"damage_taken":0.0},{"damage_healed":18.0,"max_hp_gain":0.0,"max_hp_loss":0.0,"gold_gain":0.0,"event_name":"The Cleric","player_choice":"Healed","floor":10.0,"gold_loss":35.0,"damage_taken":0.0},{"damage_healed":0.0,"max_hp_gain":0.0,"max_hp_loss":0.0,"gold_gain":0.0,"event_name":"Forgotten Altar","player_choice":"Smashed Altar","floor":22.0,"gold_loss":0.0,"damage_taken":0.0,"cards_obtained":["Decay"]},{"damage_healed":0.0,"max_hp_gain":0.0,"max_hp_loss":0.0,"gold_gain":50.0,"event_name":"Nest","player_choice":"Stole From Cult","floor":25.0,"gold_loss":0.0,"damage_taken":0.0},{"damage_healed":0.0,"max_hp_gain":0.0,"max_hp_loss":0.0,"gold_gain":0.0,"cards_transformed":["Strike_R","Strike_R"],"event_name":"Drug Dealer","player_choice":"Became Test Subject","floor":27.0,"gold_loss":0.0,"damage_taken":0.0,"cards_obtained":["Battle Trance","Infernal Blade"]}],"is_beta":false,"boss_relics":[{"not_picked":["Calling Bell","Eternal Feather"],"picked":"Runic Pyramid"}],"items_purged_floors":[19],"is_endless":false,"potions_floor_spawned":[1,3,7,13,14,23,24,29],"killed_by":"Champ","ascension_level":20}