{"gold_per_floor":[112,129,109,125,76,76,89,89,140,174,184,184,198,224,224,322,322,335,77,91,91,105,105,136,136,159,159,190,105,105,135,135,234,234,250,264,12,0,0,0,11,11,38,38,54,4,4,4,4,4],"floor_reached":50,"playtime":2110,"items_purged":[],"score":808,"play_id":"ff1cfb19-b14e-42e6-a19a-66302f9745b3","local_time":"20181210230250","is_ascension_mode":true,"campfire_choices":[{"data":"Bash","floor":6.0,"key":"SMITH"},{"data":"Perfected Strike","floor":8.0,"key":"SMITH"},{"data":"Uppercut","floor":12.0,"key":"SMITH"},{"data":"Double Tap","floor":15.0,"key":"SMITH"},{"floor":23.0,"key":"REST"},{"data":"Perfected Strike","floor":25.0,"key":"SMITH"},{"data":"Pommel Strike","floor":30.0,"key":"SMITH"},{"floor":32.0,"key":"REST"},{"data":"Clothesline","floor":40.0,"key":"SMITH"},{"data":"Iron Wave","floor":42.0,"key":"SMITH"},{"data":"Armaments","floor":49.0,"key":"SMITH"}],"neow_cost":"NONE","seed_source_timestamp":389728236832800,"circlet_count":0,"master_deck":["Strike_R","Strike_R","Strike_R","Strike_R","Strike_R","Defend_R","Defend_R","Defend_R+1","Defend_R+1","Bash+1","Double Tap+1","Perfected Strike+1","Cleave","Iron Wave+1","Pommel Strike+1","Uppercut+1","Perfected Strike+1","Dropkick","Clothesline+1","Pommel Strike+1","Dropkick+1","Swift Strike","Armaments+1"],"special_seed":0,"relics":["Burning Blood","Bag of Marbles","Dream Catcher","Lantern","White Beast Statue","Matryoshka","PreservedInsect","Darkstone Periapt","Bag of Preparation","Potion Belt","War Paint","Orichalcum","Orrery","Strawberry","Red Mask","Red Skull","Omamori"],"potions_floor_usage":[50,50,50],"damage_taken":[{"damage":10.0,"enemies":"Cultist","floor":1.0,"turns":5.0},{"damage":7.0,"enemies":"Jaw Worm","floor":2.0,"turns":4.0},{"damage":7.0,"enemies":"2 Louse","floor":4.0,"turns":4.0},{"damage":7.0,"enemies":"Looter","floor":7.0,"turns":3.0},{"damage":16.0,"enemies":"Gremlin Nob","floor":10.0,"turns":3.0},{"damage":9.0,"enemies":"2 Fungi Beasts","floor":11.0,"turns":2.0},{"damage":18.0,"enemies":"Exordium Wildlife","floor":13.0,"turns":5.0},{"damage":12.0,"enemies":"Slime Boss","floor":16.0,"turns":6.0},{"damage":23.0,"enemies":"Spheric Guardian","floor":18.0,"turns":4.0},{"damage":0.0,"enemies":"Chosen","floor":20.0,"turns":3.0},{"damage":16.0,"enemies":"Snecko","floor":22.0,"turns":4.0},{"damage":0.0,"enemies":"Gremlin Leader","floor":24.0,"turns":3.0},{"damage":10.0,"enemies":"Book of Stabbing","floor":28.0,"turns":2.0},{"damage":37.0,"enemies":"Slavers","floor":31.0,"turns":5.0},{"damage":59.0,"enemies":"Collector","floor":33.0,"turns":5.0},{"damage":45.0,"enemies":"3 Darklings","floor":35.0,"turns":5.0},{"damage":3.0,"enemies":"Orb Walker","floor":36.0,"turns":2.0},{"damage":7.0,"enemies":"Jaw Worm Horde","floor":41.0,"turns":4.0},{"damage":11.0,"enemies":"Sphere and 2 Shapes","floor":45.0,"turns":3.0},{"damage":0.0,"enemies":"4 Shapes","floor":47.0,"turns":1.0},{"damage":99,"enemies":"Time Eater","floor":50,"turns":9}],"seed_played":"7974208619344053684","potions_obtained":[{"floor":3.0,"key":"SmokeBomb"},{"floor":4.0,"key":"Strength Potion"},{"floor":11.0,"key":"Fire Potion"},{"floor":18.0,"key":"Poison Potion"},{"floor":22.0,"key":"Fire Potion"},{"floor":24.0,"key":"SmokeBomb"},{"floor":28.0,"key":"Ancient Potion"},{"floor":31.0,"key":"Energy Potion"},{"floor":33.0,"key":"SteroidPotion"},{"floor":35.0,"key":"BloodPotion"},{"floor":36.0,"key":"SpeedPotion"},{"floor":45.0,"key":"SmokeBomb"}],"is_trial":false,"path_per_floor":["M","M","?","M","$","R","M","R","T","E","M","R","M","T","R","B",null,"M","$","M","?","M","R","E","R","T","?","E","?","R","E","R","B",null,"M","M","$","?","?","R","M","R","T","?","M","$","M","?","R","B"],"character_chosen":"IRONCLAD","items_purchased":["Iron Wave","Matryoshka","Strawberry","Fire Potion","Strength Potion","Armaments"],"campfire_rested":2,"item_purchase_floors":[5,19,37,37,37,46],"current_hp_per_floor":[76,75,75,74,74,74,73,73,73,63,60,60,48,48,48,42,80,63,63,69,54,44,69,75,75,75,75,71,71,71,40,65,12,85,46,57,64,64,59,59,58,58,58,92,87,87,92,92,92,0],"gold":4,"neow_bonus":"ONE_RANDOM_RARE_CARD","is_prod":false,"is_daily":false,"chose_seed":false,"campfire_upgraded":9,"win_rate":0,"timestamp":1544511770,"path_taken":["M","?","?","M","$","R","?","R","T","E","M","R","M","?","R","BOSS","M","$","M","?","M","R","E","R","T","?","E","?","R","E","R","BOSS","M","M","$","?","?","R","M","R","T","?","M","$","?","?","R","BOSS"],"build_version":"2018-12-06","purchased_purges":0,"victory":false,"max_hp_per_floor":[80,80,80,80,80,80,80,80,80,80,80,80,80,80,80,80,80,80,80,80,85,85,85,85,85,85,85,85,85,85,85,85,85,85,85,85,92,92,92,92,92,92,92,92,92,92,92,92,92,92],"card_choices":[{"not_picked":["Anger","Shrug It Off"],"picked":"Perfected Strike","floor":1.0},{"not_picked":["Seeing Red","Flame Barrier","Clash"],"picked":"SKIP","floor":2.0},{"not_picked":["Wild Strike","Body Slam"],"picked":"Cleave","floor":4.0},{"not_picked":["Anger","Reaper"],"picked":"Pommel Strike","floor":7.0},{"not_picked":["True Grit","Sever Soul","Clash"],"picked":"SKIP","floor":10.0},{"not_picked":["Iron Wave","True Grit"],"picked":"Uppercut","floor":11.0},{"not_picked":["Iron Wave","Body Slam","Blood for Blood"],"picked":"SKIP","floor":13.0},{"not_picked":["Warcry","Heavy Blade","Combust+1"],"picked":"SKIP","floor":18.0},{"not_picked":["Rampage","Rage+1","Blood for Blood+1"],"picked":"SKIP","floor":20.0},{"not_picked":["Headbutt","Cleave","Spot Weakness"],"picked":"SKIP","floor":22.0},{"not_picked":["Iron Wave","Clothesline"],"picked":"Perfected Strike","floor":23.0},{"not_picked":["Cleave","Shockwave+1","Sword Boomerang"],"picked":"SKIP","floor":24.0},{"not_picked":["Clash","Reckless Charge"],"picked":"Dropkick","floor":28.0},{"not_picked":["Impervious","Metallicize+1","Sword Boomerang+1"],"picked":"SKIP","floor":31.0},{"not_picked":["Clash+1","Second Wind"],"picked":"Clothesline","floor":34.0},{"not_picked":["Thunderclap","Iron Wave"],"picked":"Headbutt","floor":34.0},{"not_picked":["True Grit+1","Thunderclap"],"picked":"Pommel Strike+1","floor":35.0},{"not_picked":["Thunderclap+1","Shockwave"],"picked":"Dropkick+1","floor":36.0},{"not_picked":["Blind","Bandage Up"],"picked":"Swift Strike","floor":39.0},{"not_picked":["Flame Barrier+1","Cleave","Heavy Blade+1"],"picked":"SKIP","floor":41.0},{"not_picked":["Anger","True Grit+1","Sword Boomerang"],"picked":"SKIP","floor":45.0}],"player_experience":25010,"relics_obtained":[{"floor":9.0,"key":"Bag of Marbles"},{"floor":10.0,"key":"Dream Catcher"},{"floor":14.0,"key":"Lantern"},{"floor":24.0,"key":"PreservedInsect"},{"floor":26.0,"key":"Darkstone Periapt"},{"floor":26.0,"key":"Bag of Preparation"},{"floor":28.0,"key":"Potion Belt"},{"floor":31.0,"key":"Orichalcum"},{"floor":43.0,"key":"Red Skull"},{"floor":43.0,"key":"Omamori"}],"event_choices":[{"damage_healed":0.0,"max_hp_gain":0.0,"max_hp_loss":0.0,"gold_gain":0.0,"event_name":"The Woman in Blue","player_choice":"Bought 1 Potion","floor":3.0,"gold_loss":0.0,"damage_taken":0.0},{"damage_healed":0.0,"max_hp_gain":5.0,"max_hp_loss":0.0,"gold_gain":0.0,"event_name":"Forgotten Altar","player_choice":"Shed Blood","floor":21.0,"gold_loss":0.0,"damage_taken":20.0},{"damage_healed":0.0,"max_hp_gain":0.0,"max_hp_loss":0.0,"gold_gain":0.0,"event_name":"Vampires","player_choice":"Ignored","floor":27.0,"gold_loss":0.0,"damage_taken":0.0},{"damage_healed":0.0,"max_hp_gain":0.0,"max_hp_loss":0.0,"gold_gain":0.0,"event_name":"Addict","player_choice":"Obtained Relic","floor":29.0,"gold_loss":85.0,"damage_taken":0.0,"relics_obtained":["War Paint"]},{"damage_healed":0.0,"max_hp_gain":0.0,"max_hp_loss":0.0,"gold_gain":0.0,"event_name":"Tomb of Lord Red Mask","player_choice":"Paid","floor":38.0,"gold_loss":12.0,"damage_taken":0.0,"relics_obtained":["Red Mask"]},{"damage_healed":0.0,"max_hp_gain":0.0,"max_hp_loss":0.0,"gold_gain":0.0,"event_name":"SensoryStone","player_choice":"Memory 2","floor":39.0,"gold_loss":0.0,"damage_taken":5.0},{"damage_healed":34.0,"max_hp_gain":0.0,"max_hp_loss":0.0,"gold_gain":0.0,"event_name":"Wheel of Change","player_choice":"Full Heal","floor":44.0,"gold_loss":0.0,"damage_taken":0.0},{"cards_removed":["Headbutt"],"damage_healed":0.0,"max_hp_gain":0.0,"max_hp_loss":0.0,"gold_gain":0.0,"event_name":"Falling","player_choice":"Removed Attack","floor":48.0,"gold_loss":0.0,"damage_taken":0.0}],"is_beta":false,"boss_relics":[{"not_picked":["Ectoplasm","Mark of Pain"],"picked":"White Beast Statue"},{"not_picked":["Snecko Eye","Eternal Feather"],"picked":"Orrery"}],"items_purged_floors":[],"is_endless":false,"potions_floor_spawned":[4,11,16,18,20,22,24,28,31,33,35,36,41,45,47],"killed_by":"Time Eater","ascension_level":4}