{"gold_per_floor":[114,114,131,143,143,143,158,171,219,169,188,208,208,208,208,329,329,343,343,115,115,140,140],"floor_reached":23,"playtime":1364,"items_purged":["Defend_R"],"score":217,"play_id":"a6dd3c24-58cb-4857-b8c3-699772da9e57","local_time":"20190812100103","is_ascension_mode":true,"campfire_choices":[{"data":"Perfected Strike","floor":6,"key":"SMITH"},{"data":"Corruption","floor":13,"key":"SMITH"},{"floor":15,"key":"REST"}],"neow_cost":"PERCENT_DAMAGE","seed_source_timestamp":1092871789006060,"circlet_count":0,"master_deck":["Strike_R","Strike_R","Strike_R","Strike_R","Strike_R","Defend_R","Perfected Strike+1","Sentinel","Pommel Strike","Sword Boomerang","Battle Trance","Corruption+1","Warcry","Demon Form","Seeing Red","Clothesline+1"],"relics":["Burning Blood","Pen Nib","Golden Idol","Runic Pyramid","MutagenicStrength","Potion Belt","Meat on the Bone"],"potions_floor_usage":[23],"damage_taken":[{"damage":0,"enemies":"Small Slimes","floor":1,"turns":4},{"damage":1,"enemies":"Cultist","floor":3,"turns":4},{"damage":6,"enemies":"Jaw Worm","floor":4,"turns":3},{"damage":0,"enemies":"Large Slime","floor":7,"turns":2},{"damage":1,"enemies":"2 Fungi Beasts","floor":8,"turns":2},{"damage":12,"enemies":"Blue Slaver","floor":11,"turns":2},{"damage":9,"enemies":"Exordium Wildlife","floor":12,"turns":4},{"damage":70,"enemies":"The Guardian","floor":16,"turns":9},{"damage":17,"enemies":"Spheric Guardian","floor":18,"turns":4},{"damage":15,"enemies":"2 Thieves","floor":22,"turns":3},{"damage":93,"enemies":"Slavers","floor":23,"turns":5}],"seed_played":"-9069283050522025258","potions_obtained":[{"floor":3,"key":"AttackPotion"},{"floor":8,"key":"Regen Potion"},{"floor":12,"key":"Strength Potion"}],"is_trial":false,"path_per_floor":["M","?","M","M","?","R","M","M","T","?","M","M","R","?","R","B",null,"M","?","$","?","M","E"],"character_chosen":"IRONCLAD","items_purchased":["Potion Belt"],"campfire_rested":1,"item_purchase_floors":[20],"current_hp_per_floor":[78,78,83,83,76,76,82,87,87,87,81,78,78,54,82,18,96,85,85,85,85,76,0],"gold":140,"neow_bonus":"TWENTY_PERCENT_HP_BONUS","is_prod":false,"is_daily":false,"chose_seed":false,"campfire_upgraded":2,"win_rate":0,"timestamp":1565622063,"path_taken":["M","?","?","M","?","R","M","M","T","?","M","M","R","?","R","BOSS","M","?","$","?","?","E"],"build_version":"2019-07-17","purchased_purges":1,"victory":false,"max_hp_per_floor":[96,96,96,96,96,96,96,96,96,96,96,96,96,96,96,96,96,96,96,96,96,96,96],"card_choices":[{"not_picked":["Hemokinesis","Twin Strike"],"picked":"Perfected Strike","floor":1},{"not_picked":["Thunderclap","Rampage"],"picked":"Sentinel","floor":3},{"not_picked":["Warcry","Thunderclap"],"picked":"Pommel Strike","floor":4},{"not_picked":["Clash","Headbutt"],"picked":"Sword Boomerang","floor":7},{"not_picked":["Cleave","Perfected Strike"],"picked":"Battle Trance","floor":8},{"not_picked":["Exhume","Pommel Strike"],"picked":"Corruption","floor":11},{"not_picked":["Iron Wave","Body Slam"],"picked":"Warcry","floor":12},{"not_picked":["Impervious","Limit Break"],"picked":"Demon Form","floor":16},{"not_picked":["Rampage","Combust"],"picked":"Seeing Red","floor":18},{"not_picked":["Fire Breathing","Body Slam+1"],"picked":"Clothesline+1","floor":22}],"player_experience":147484,"relics_obtained":[{"floor":9,"key":"Pen Nib"}],"event_choices":[{"cards_removed":["Defend_R"],"damage_healed":0,"gold_gain":0,"player_choice":"Offered Basic","damage_taken":0,"max_hp_gain":0,"max_hp_loss":0,"event_name":"Bonfire Elementals","floor":2,"gold_loss":0},{"cards_removed":["Defend_R"],"damage_healed":0,"gold_gain":0,"player_choice":"Card Removal","damage_taken":7,"max_hp_gain":0,"max_hp_loss":0,"event_name":"Golden Wing","floor":5,"gold_loss":0},{"cards_removed":["Bash"],"damage_healed":0,"gold_gain":0,"player_choice":"Card Removal","damage_taken":0,"max_hp_gain":0,"max_hp_loss":0,"event_name":"The Cleric","floor":10,"gold_loss":50},{"damage_healed":0,"gold_gain":0,"player_choice":"Take Damage","damage_taken":24,"relics_obtained":["Golden Idol"],"max_hp_gain":0,"max_hp_loss":0,"event_name":"Golden Idol","floor":14,"gold_loss":0},{"damage_healed":0,"gold_gain":0,"player_choice":"Inject Mutagens","damage_taken":0,"relics_obtained":["MutagenicStrength"],"max_hp_gain":0,"max_hp_loss":0,"event_name":"Drug Dealer","floor":19,"gold_loss":0},{"damage_healed":0,"gold_gain":0,"player_choice":"Opened","damage_taken":0,"relics_obtained":["Meat on the Bone"],"max_hp_gain":0,"max_hp_loss":0,"event_name":"The Mausoleum","floor":21,"gold_loss":0}],"is_beta":false,"boss_relics":[{"not_picked":["Astrolabe","Calling Bell"],"picked":"Runic Pyramid"}],"items_purged_floors":[20],"is_endless":false,"potions_floor_spawned":[3,8,12],"killed_by":"Slavers","ascension_level":1}