{"gold_per_floor":[117,117,135,210,285,316,326,341,364,380,398,398,408,408,408,408],"floor_reached":16,"playtime":1053,"items_purged":[],"score":120,"play_id":"71cb0741-9704-41a0-8d65-06c1119d1d82","local_time":"20190908204250","is_ascension_mode":true,"campfire_choices":[{"floor":12,"key":"REST"},{"floor":15,"key":"REST"}],"neow_cost":"NONE","seed_source_timestamp":381504178183900,"circlet_count":0,"master_deck":["Strike_R","Strike_R","Strike_R","Strike_R","Strike_R","Defend_R","Defend_R","Defend_R","Defend_R","Bash","Entrench","Heavy Blade","Pummel","Uppercut","Bloodletting","Infernal Blade","Headbutt","Juggernaut"],"relics":["Burning Blood","Art of War","Orichalcum","Golden Idol"],"potions_floor_usage":[6,8,16,16],"damage_taken":[{"damage":14,"enemies":"Jaw Worm","floor":1,"turns":5},{"damage":15,"enemies":"Small Slimes","floor":3,"turns":6},{"damage":44,"enemies":"Gremlin Nob","floor":6,"turns":5},{"damage":5,"enemies":"2 Louse","floor":7,"turns":4},{"damage":10,"enemies":"Exordium Thugs","floor":8,"turns":5},{"damage":1,"enemies":"2 Fungi Beasts","floor":10,"turns":4},{"damage":3,"enemies":"Blue Slaver","floor":11,"turns":4},{"damage":3,"enemies":"Looter","floor":13,"turns":3},{"damage":70,"enemies":"Slime Boss","floor":16,"turns":10}],"seed_played":"-4762056002190020879","potions_obtained":[{"floor":1,"key":"Strength Potion"},{"floor":3,"key":"Poison Potion"},{"floor":7,"key":"Dexterity Potion"},{"floor":13,"key":"LiquidBronze"}],"is_trial":false,"path_per_floor":["M","?","M","?","?","E","M","M","T","M","M","R","M","?","R","B"],"character_chosen":"IRONCLAD","items_purchased":[],"campfire_rested":2,"item_purchase_floors":[],"current_hp_per_floor":[80,77,68,57,49,11,12,8,8,13,16,42,45,45,69,0],"gold":408,"neow_bonus":"TEN_PERCENT_HP_BONUS","is_prod":false,"is_daily":false,"chose_seed":false,"campfire_upgraded":0,"win_rate":0,"timestamp":1567993370,"path_taken":["M","?","M","?","?","E","?","M","T","M","M","R","M","?","R","BOSS"],"build_version":"2019-07-17","purchased_purges":0,"victory":false,"max_hp_per_floor":[88,88,88,88,88,88,88,88,88,88,88,88,88,81,81,81],"card_choices":[{"not_picked":["Seeing Red","Whirlwind"],"picked":"Entrench","floor":1},{"not_picked":["Rage","Thunderclap"],"picked":"Heavy Blade","floor":3},{"not_picked":["Clash","Headbutt"],"picked":"Pummel","floor":6},{"not_picked":["Flex","Clothesline"],"picked":"Uppercut","floor":7},{"not_picked":["Headbutt","Sever Soul"],"picked":"Bloodletting","floor":8},{"not_picked":["Clothesline","Sword Boomerang"],"picked":"Infernal Blade","floor":10},{"not_picked":["Combust","Searing Blow"],"picked":"Headbutt","floor":11},{"not_picked":["Anger","Clash"],"picked":"Juggernaut","floor":13}],"player_experience":286612,"relics_obtained":[{"floor":6,"key":"Orichalcum"}],"event_choices":[{"damage_healed":0,"gold_gain":0,"player_choice":"Success","damage_taken":3,"relics_obtained":["Art of War"],"max_hp_gain":0,"max_hp_loss":0,"event_name":"Scrap Ooze","floor":2,"gold_loss":0},{"damage_healed":0,"gold_gain":75,"player_choice":"Gather Gold","damage_taken":11,"max_hp_gain":0,"max_hp_loss":0,"event_name":"World of Goop","floor":4,"gold_loss":0},{"damage_healed":0,"gold_gain":75,"player_choice":"Touch","damage_taken":8,"max_hp_gain":0,"max_hp_loss":0,"event_name":"FaceTrader","floor":5,"gold_loss":0},{"damage_healed":0,"gold_gain":0,"player_choice":"Lose Max HP","damage_taken":0,"relics_obtained":["Golden Idol"],"max_hp_gain":0,"max_hp_loss":7,"event_name":"Golden Idol","floor":14,"gold_loss":0}],"is_beta":false,"boss_relics":[],"items_purged_floors":[],"is_endless":false,"potions_floor_spawned":[1,3,7,13],"killed_by":"Slime Boss","ascension_level":3}