{"gold_per_floor":[125,137,149,161,193,232,254,266,325,367,392,433,457,469,481,572,584,607,153,173,173,173,173,200,200,226,236,161,86,96,107,107,181,181,195,215,269,369,379,409,409,435,435,460,460,489,499,499,499,499,499,499,499,74,108,108],"floor_reached":57,"playtime":2475,"items_purged":[],"score":2891,"play_id":"1c517807-0c9b-49ae-845b-314d1ec7ea54","local_time":"20190808132833","is_ascension_mode":true,"campfire_choices":[{"data":"Bash","floor":8.0,"key":"SMITH"},{"data":"Pommel Strike","floor":15.0,"key":"SMITH"},{"data":"Immolate","floor":23.0,"key":"SMITH"},{"data":"Corruption","floor":25.0,"key":"SMITH"},{"data":"Limit Break","floor":32.0,"key":"SMITH"},{"data":"1","floor":41.0,"key":"LIFT"},{"data":"2","floor":45.0,"key":"LIFT"},{"floor":49.0,"key":"RECALL"},{"data":"3","floor":53.0,"key":"LIFT"}],"neow_cost":"NONE","seed_source_timestamp":420954969962900,"circlet_count":0,"master_deck":["AscendersBane","Strike_R+1","Strike_R+1","Defend_R","Defend_R","Defend_R","Defend_R","Bash+1","Pommel Strike+1","Anger","Shrug It Off","Shrug It Off","Headbutt","Limit Break+1","Feel No Pain","Corruption+1","Body Slam+1","Immolate+1","Burning Pact+1","Disarm","Reaper+1","Heavy Blade+1","Power Through","True Grit+1","Sentinel","Demon Form","Dark Embrace+1","Armaments","Doubt","Entrench","Shrug It Off","Headbutt","Impervious","Shrug It Off","Shockwave+1"],"special_seed":0,"relics":["Burning Blood","MawBank","Red Skull","Bronze Scales","Blood Vial","Art of War","Orichalcum","Cursed Key","Mercury Hourglass","Vajra","Bag of Preparation","Runic Cube","Girya","Nunchaku","Frozen Egg 2","Paper Frog","Pen Nib","Gambling Chip","CultistMask","Medical Kit","Whetstone"],"potions_floor_usage":[56,56],"damage_taken":[{"damage":6.0,"enemies":"2 Louse","floor":1.0,"turns":4.0},{"damage":2.0,"enemies":"Jaw Worm","floor":5.0,"turns":3.0},{"damage":30.0,"enemies":"Lagavulin","floor":6.0,"turns":6.0},{"damage":0.0,"enemies":"Cultist","floor":7.0,"turns":2.0},{"damage":20.0,"enemies":"Gremlin Nob","floor":10.0,"turns":4.0},{"damage":6.0,"enemies":"2 Fungi Beasts","floor":11.0,"turns":3.0},{"damage":17.0,"enemies":"Lagavulin","floor":12.0,"turns":5.0},{"damage":2.0,"enemies":"Gremlin Gang","floor":13.0,"turns":4.0},{"damage":1.0,"enemies":"Hexaghost","floor":16.0,"turns":7.0},{"damage":12.0,"enemies":"Spheric Guardian","floor":18.0,"turns":4.0},{"damage":6.0,"enemies":"Chosen","floor":20.0,"turns":4.0},{"damage":18.0,"enemies":"Slavers","floor":24.0,"turns":4.0},{"damage":1.0,"enemies":"Snake Plant","floor":27.0,"turns":2.0},{"damage":8.0,"enemies":"Centurion and Healer","floor":30.0,"turns":2.0},{"damage":4.0,"enemies":"3 Cultists","floor":31.0,"turns":3.0},{"damage":25.0,"enemies":"Champ","floor":33.0,"turns":8.0},{"damage":0.0,"enemies":"3 Darklings","floor":35.0,"turns":2.0},{"damage":0.0,"enemies":"3 Shapes","floor":36.0,"turns":1.0},{"damage":19.0,"enemies":"2 Orb Walkers","floor":37.0,"turns":3.0},{"damage":30.0,"enemies":"Mind Bloom Boss Battle","floor":38.0,"turns":7.0},{"damage":25.0,"enemies":"Jaw Worm Horde","floor":39.0,"turns":3.0},{"damage":18.0,"enemies":"Giant Head","floor":40.0,"turns":6.0},{"damage":4.0,"enemies":"Reptomancer","floor":42.0,"turns":5.0},{"damage":8.0,"enemies":"Giant Head","floor":44.0,"turns":5.0},{"damage":39.0,"enemies":"Nemesis","floor":46.0,"turns":5.0},{"damage":48.0,"enemies":"4 Shapes","floor":47.0,"turns":5.0},{"damage":57.0,"enemies":"Time Eater","floor":50.0,"turns":6.0},{"damage":37.0,"enemies":"Donu and Deca","floor":51.0,"turns":6.0},{"damage":40.0,"enemies":"Shield and Spear","floor":55.0,"turns":5.0},{"damage":55,"enemies":"The Heart","floor":56,"turns":7}],"seed_played":"-6144838246491235010","potions_obtained":[{"floor":1.0,"key":"SpeedPotion"},{"floor":6.0,"key":"EntropicBrew"},{"floor":10.0,"key":"Weak Potion"},{"floor":11.0,"key":"FearPotion"},{"floor":24.0,"key":"Explosive Potion"},{"floor":39.0,"key":"GamblersBrew"},{"floor":42.0,"key":"Ancient Potion"}],"is_trial":false,"path_per_floor":["M","?","?","$","M","E","M","R","T","E","M","E","M","?","R","B",null,"M","$","M","?","?","R","E","R","T","M","?","?","M","M","R","B",null,"M","M","?","?","M","E","R","E","T","E","R","E","M","?","R","B","B",null,"R","$","E","B",null],"character_chosen":"IRONCLAD","items_purchased":["Corruption","Body Slam","Mercury Hourglass","AttackPotion","Impervious","Shrug It Off","Medical Kit"],"campfire_rested":0,"item_purchase_floors":[19,19,19,19,54,54,54],"current_hp_per_floor":[68,63,40,40,44,20,26,26,26,14,16,7,13,13,13,20,61,57,57,59,59,38,38,28,28,28,35,35,35,35,39,39,22,66,74,80,67,57,40,30,30,34,34,76,76,73,63,63,63,57,66,77,77,77,80,80],"gold":108,"neow_bonus":"RANDOM_COMMON_RELIC","is_prod":false,"is_daily":false,"chose_seed":false,"campfire_upgraded":5,"win_rate":0,"timestamp":1565296113,"path_taken":["M","?","?","?","M","E","M","R","T","E","M","E","?","?","R","BOSS","M","$","?","?","?","R","E","R","T","M","?","?","?","M","R","BOSS","M","M","?","?","M","E","R","E","T","E","R","E","M","?","R","BOSS","BOSS","R","$","E","BOSS"],"build_version":"2019-07-17","purchased_purges":0,"victory":true,"max_hp_per_floor":[75,75,75,75,75,75,75,75,75,75,75,75,75,75,75,75,75,75,75,75,75,80,80,80,80,80,80,80,80,80,80,80,80,80,80,80,80,80,80,80,80,80,80,80,80,80,80,80,80,80,80,80,80,80,80,80],"card_choices":[{"not_picked":["Reckless Charge","Flex"],"picked":"Pommel Strike","floor":1.0},{"not_picked":["Dual Wield","Dropkick"],"picked":"Anger","floor":5.0},{"not_picked":["Clothesline","Pummel"],"picked":"Shrug It Off","floor":6.0},{"not_picked":["Havoc","Rampage"],"picked":"Shrug It Off","floor":7.0},{"not_picked":["Warcry","Thunderclap","Fire Breathing"],"picked":"SKIP","floor":10.0},{"not_picked":["Clash","Anger","Hemokinesis"],"picked":"SKIP","floor":11.0},{"not_picked":["Clash","Anger","Hemokinesis"],"picked":"SKIP","floor":11.0},{"not_picked":["Heavy Blade","Shrug It Off","Evolve"],"picked":"SKIP","floor":12.0},{"not_picked":["Anger","Armaments"],"picked":"Headbutt","floor":13.0},{"not_picked":["Berserk","Impervious"],"picked":"Limit Break","floor":16.0},{"not_picked":["Iron Wave","Armaments"],"picked":"Feel No Pain","floor":18.0},{"not_picked":["Havoc","Sword Boomerang+1","Rage"],"picked":"SKIP","floor":20.0},{"not_picked":["Searing Blow+1","Clothesline"],"picked":"Burning Pact+1","floor":24.0},{"not_picked":["Headbutt","Seeing Red","Havoc"],"picked":"SKIP","floor":27.0},{"not_picked":["Havoc","Wild Strike","Pummel"],"picked":"SKIP","floor":30.0},{"not_picked":["Cleave","Dropkick"],"picked":"Disarm","floor":31.0},{"not_picked":["Barricade","Exhume"],"picked":"Reaper","floor":33.0},{"not_picked":["Combust","Anger+1"],"picked":"Heavy Blade+1","floor":35.0},{"not_picked":["Iron Wave","Evolve"],"picked":"Power Through","floor":36.0},{"not_picked":["Warcry+1","Iron Wave"],"picked":"True Grit+1","floor":37.0},{"not_picked":["Flex+1","Carnage"],"picked":"Sentinel","floor":38.0},{"not_picked":["Seeing Red","Burning Pact"],"picked":"Demon Form","floor":39.0},{"not_picked":["Seeing Red","Intimidate"],"picked":"Dark Embrace","floor":40.0},{"not_picked":["Clash","Iron Wave"],"picked":"Armaments","floor":42.0},{"not_picked":["Cleave","Havoc"],"picked":"Entrench","floor":44.0},{"not_picked":["Spot Weakness","Havoc"],"picked":"Shrug It Off","floor":46.0},{"not_picked":["Fire Breathing+1","Reckless Charge"],"picked":"Headbutt","floor":47.0},{"not_picked":["Searing Blow","Anger+1"],"picked":"Shockwave+1","floor":55.0}],"player_experience":750950,"relics_obtained":[{"floor":6.0,"key":"Bronze Scales"},{"floor":9.0,"key":"Blood Vial"},{"floor":10.0,"key":"Art of War"},{"floor":12.0,"key":"Orichalcum"},{"floor":24.0,"key":"Vajra"},{"floor":26.0,"key":"Bag of Preparation"},{"floor":37.0,"key":"Girya"},{"floor":38.0,"key":"Nunchaku"},{"floor":40.0,"key":"Frozen Egg 2"},{"floor":42.0,"key":"Paper Frog"},{"floor":44.0,"key":"Pen Nib"},{"floor":46.0,"key":"Gambling Chip"},{"floor":55.0,"key":"Whetstone"}],"event_choices":[{"damage_healed":0.0,"max_hp_gain":0.0,"max_hp_loss":0.0,"gold_gain":0.0,"event_name":"Scrap Ooze","player_choice":"Success","floor":2.0,"gold_loss":0.0,"damage_taken":5.0,"relics_obtained":["Red Skull"]},{"damage_healed":0.0,"max_hp_gain":0.0,"max_hp_loss":0.0,"gold_gain":0.0,"event_name":"Shining Light","player_choice":"Entered Light","floor":3.0,"gold_loss":0.0,"damage_taken":23.0,"cards_upgraded":["Strike_R","Strike_R"]},{"cards_removed":["Strike_R"],"damage_healed":0.0,"max_hp_gain":0.0,"max_hp_loss":0.0,"gold_gain":0.0,"event_name":"Purifier","player_choice":"Purged","floor":14.0,"gold_loss":0.0,"damage_taken":0.0},{"damage_healed":0.0,"max_hp_gain":0.0,"max_hp_loss":0.0,"gold_gain":0.0,"cards_transformed":["Strike_R","Strike_R"],"event_name":"Drug Dealer","player_choice":"Became Test Subject","floor":21.0,"gold_loss":0.0,"damage_taken":0.0,"cards_obtained":["Immolate","Berserk"]},{"damage_healed":0.0,"max_hp_gain":5.0,"max_hp_loss":0.0,"gold_gain":0.0,"event_name":"Forgotten Altar","player_choice":"Shed Blood","floor":22.0,"gold_loss":0.0,"damage_taken":26.0},{"cards_removed":["Pain"],"damage_healed":0.0,"max_hp_gain":0.0,"max_hp_loss":0.0,"gold_gain":0.0,"event_name":"Beggar","player_choice":"Gave Gold","floor":28.0,"gold_loss":75.0,"damage_taken":0.0},{"cards_removed":["Berserk"],"damage_healed":0.0,"max_hp_gain":0.0,"max_hp_loss":0.0,"gold_gain":0.0,"event_name":"Designer","player_choice":"Single Remove","floor":29.0,"gold_loss":75.0,"damage_taken":0.0},{"damage_healed":0.0,"max_hp_gain":0.0,"max_hp_loss":0.0,"gold_gain":0.0,"event_name":"Mysterious Sphere","player_choice":"Fight","floor":37.0,"gold_loss":0.0,"damage_taken":0.0},{"damage_healed":0.0,"max_hp_gain":0.0,"max_hp_loss":0.0,"gold_gain":0.0,"event_name":"MindBloom","player_choice":"Fight","floor":38.0,"gold_loss":0.0,"damage_taken":0.0},{"damage_healed":0.0,"max_hp_gain":0.0,"max_hp_loss":0.0,"gold_gain":0.0,"event_name":"FaceTrader","player_choice":"Trade","floor":48.0,"gold_loss":0.0,"damage_taken":0.0,"relics_obtained":["CultistMask"]}],"is_beta":false,"boss_relics":[{"not_picked":["Orrery","Black Blood"],"picked":"Cursed Key"},{"not_picked":["Astrolabe","Runic Dome"],"picked":"Runic Cube"}],"items_purged_floors":[],"is_endless":false,"potions_floor_spawned":[1,6,10,11,24,31,33,36,39,42,44,46,55],"ascension_level":20}