{"gold_per_floor":[117,192,210,160,160,160,190,190,190,76,96,112,112,123,123,219,219,233,15,0,10,22,22,36,36,59,70,70,93,13,13],"floor_reached":31,"playtime":2635,"items_purged":["Strike_G"],"score":235,"play_id":"5593d822-9d3d-4bcc-bed1-88b22fd77afe","local_time":"20190831093829","is_ascension_mode":false,"campfire_choices":[{"data":"Infinite Blades","floor":6,"key":"SMITH"},{"data":"Neutralize","floor":8,"key":"SMITH"},{"data":"Footwork","floor":13,"key":"SMITH"},{"data":"Calculated Gamble","floor":15,"key":"SMITH"},{"data":"Apotheosis","floor":23,"key":"SMITH"},{"data":"Blade Dance","floor":25,"key":"SMITH"}],"neow_cost":"NONE","seed_source_timestamp":1267314867076600,"circlet_count":0,"master_deck":["Strike_G","Strike_G","Defend_G","Defend_G","Defend_G","Defend_G+1","Defend_G","Survivor","Neutralize+1","Infinite Blades+1","Deadly Poison","Dash","Panacea","Finisher","Footwork+1","Choke","Prepared","Calculated Gamble+1","Envenom","Dodge and Roll+1","Apotheosis+1","Deadly Poison","Blade Dance+1","Terror","Blade Dance+1","Crippling Poison+1","Caltrops"],"relics":["Ring of the Snake","Lantern","Kunai","White Beast Statue","War Paint","PreservedInsect"],"potions_floor_usage":[1,16,16,16,27],"damage_taken":[{"damage":0,"enemies":"2 Louse","floor":1,"turns":3},{"damage":5,"enemies":"Jaw Worm","floor":3,"turns":5},{"damage":14,"enemies":"Gremlin Nob","floor":7,"turns":6},{"damage":0,"enemies":"Cultist","floor":11,"turns":3},{"damage":0,"enemies":"3 Louse","floor":12,"turns":4},{"damage":0,"enemies":"Exordium Wildlife","floor":14,"turns":4},{"damage":27,"enemies":"Slime Boss","floor":16,"turns":16},{"damage":6,"enemies":"Shell Parasite","floor":18,"turns":8},{"damage":18,"enemies":"3 Byrds","floor":21,"turns":7},{"damage":15,"enemies":"Cultist and Chosen","floor":22,"turns":8},{"damage":9,"enemies":"Centurion and Healer","floor":24,"turns":7},{"damage":6,"enemies":"Snecko","floor":27,"turns":5},{"damage":37,"enemies":"3 Cultists","floor":31,"turns":4}],"seed_played":"-4185825818303497187","potions_obtained":[{"floor":1,"key":"Fruit Juice"},{"floor":11,"key":"SkillPotion"},{"floor":12,"key":"SpeedPotion"},{"floor":14,"key":"Block Potion"},{"floor":18,"key":"Dexterity Potion"},{"floor":21,"key":"Ancient Potion"},{"floor":22,"key":"LiquidBronze"},{"floor":27,"key":"Poison Potion"}],"is_trial":false,"path_per_floor":["M","?","M","?","?","R","E","R","T","$","M","M","R","M","R","B",null,"M","$","?","M","M","R","M","R","T","M","?","T","$","M"],"character_chosen":"THE_SILENT","items_purchased":["Footwork","Apotheosis","Deadly Poison","Caltrops"],"campfire_rested":0,"item_purchase_floors":[10,19,19,30],"current_hp_per_floor":[82,71,66,66,66,66,52,52,52,52,52,52,52,52,52,25,82,76,76,76,58,43,43,34,34,34,28,28,28,28,0],"gold":13,"neow_bonus":"TEN_PERCENT_HP_BONUS","is_prod":false,"is_daily":false,"chose_seed":false,"campfire_upgraded":6,"win_rate":0.0,"timestamp":1567269509,"path_taken":["M","?","M","?","?","R","E","R","T","$","?","M","R","M","R","BOSS","M","$","?","M","M","R","M","R","T","M","?","?","$","M"],"build_version":"2019-07-17","purchased_purges":1,"victory":false,"max_hp_per_floor":[82,82,82,82,82,82,82,82,82,82,82,82,82,82,82,82,82,82,82,82,82,82,82,82,82,82,82,82,82,82,82],"card_choices":[{"not_picked":["Deadly Poison","Backflip"],"picked":"Infinite Blades","floor":1},{"not_picked":["Riddle With Holes","Acrobatics"],"picked":"Deadly Poison","floor":3},{"not_picked":["Distraction","Masterful Stab"],"picked":"Finisher","floor":7},{"not_picked":["PiercingWail","Deflect"],"picked":"Choke","floor":11},{"not_picked":["PiercingWail","Bane"],"picked":"Prepared","floor":12},{"not_picked":["Acrobatics","Dagger Throw"],"picked":"Calculated Gamble","floor":14},{"not_picked":["Adrenaline","A Thousand Cuts"],"picked":"Envenom","floor":16},{"not_picked":["Dagger Spray","Predator"],"picked":"Dodge and Roll","floor":18},{"not_picked":["Prepared","Poisoned Stab"],"picked":"Blade Dance+1","floor":21},{"not_picked":["Caltrops","Poisoned Stab+1"],"picked":"Terror","floor":22},{"not_picked":["Corpse Explosion","All Out Attack+1"],"picked":"Blade Dance","floor":24},{"not_picked":["Dagger Spray","Deflect"],"picked":"Crippling Poison+1","floor":27}],"player_experience":32089,"relics_obtained":[{"floor":7,"key":"Lantern"},{"floor":9,"key":"Kunai"},{"floor":26,"key":"War Paint"},{"floor":29,"key":"PreservedInsect"}],"event_choices":[{"damage_healed":0,"gold_gain":75,"player_choice":"Gather Gold","damage_taken":11,"max_hp_gain":0,"max_hp_loss":0,"event_name":"World of Goop","floor":2,"gold_loss":0},{"cards_removed":["Strike_G"],"damage_healed":0,"gold_gain":0,"player_choice":"Card Removal","damage_taken":0,"max_hp_gain":0,"max_hp_loss":0,"event_name":"The Cleric","floor":4,"gold_loss":50},{"damage_healed":0,"gold_gain":0,"player_choice":"2 cards matched","damage_taken":0,"max_hp_gain":0,"max_hp_loss":0,"event_name":"Match and Keep!","floor":5,"gold_loss":0,"cards_obtained":["Dash","Panacea"]},{"damage_healed":0,"gold_gain":0,"player_choice":"Paid Fearfully","damage_taken":0,"max_hp_gain":0,"max_hp_loss":0,"event_name":"Masked Bandits","floor":20,"gold_loss":15},{"cards_removed":["Strike_G"],"damage_healed":0,"gold_gain":0,"player_choice":"Elegance","damage_taken":0,"max_hp_gain":0,"max_hp_loss":0,"event_name":"Back to Basics","floor":28,"gold_loss":0}],"is_beta":false,"boss_relics":[{"not_picked":["Lizard Tail","Eternal Feather"],"picked":"White Beast Statue"}],"items_purged_floors":[10],"is_endless":false,"potions_floor_spawned":[1,11,12,14,18,21,22,24,27],"killed_by":"3 Cultists","ascension_level":0}