{"gold_per_floor":[114,124,134,67,67,67,94,109,135,152,17,33,58,88,88,183,183,200,216,233,233],"floor_reached":21,"playtime":833,"items_purged":[],"score":251,"play_id":"4a6f6182-b34e-41da-9447-ef15e962cebe","local_time":"20190116180607","is_ascension_mode":true,"campfire_choices":[{"data":"Zap","floor":6,"key":"SMITH"},{"floor":15,"key":"REST"}],"neow_cost":"NONE","seed_source_timestamp":1734317601859555,"circlet_count":0,"master_deck":["Strike_B","Strike_B","Strike_B","Defend_B","Defend_B","Defend_B","Defend_B","Zap+1","Dualcast","BootSequence","Sunder","Ball Lightning","Capacitor","Leap","Ball Lightning","Ball Lightning","Thunder Strike","Hologram","Coolheaded","Rainbow","Loop","Chill+1","Darkness+1"],"relics":["Cracked Core","Oddly Smooth Stone","Juzu Bracelet","Anchor","Sozu"],"potions_floor_usage":[21],"damage_taken":[{"damage":3,"enemies":"2 Louse","floor":1,"turns":2},{"damage":0,"enemies":"Cultist","floor":2,"turns":3},{"damage":0,"enemies":"Small Slimes","floor":3,"turns":2},{"damage":20,"enemies":"3 Sentries","floor":7,"turns":6},{"damage":0,"enemies":"3 Louse","floor":8,"turns":3},{"damage":9,"enemies":"Large Slime","floor":10,"turns":4},{"damage":0,"enemies":"Blue Slaver","floor":12,"turns":2},{"damage":18,"enemies":"Lagavulin","floor":13,"turns":5},{"damage":15,"enemies":"Slime Boss","floor":16,"turns":8},{"damage":14,"enemies":"Shell Parasite","floor":18,"turns":6},{"damage":21,"enemies":"Spheric Guardian","floor":19,"turns":4},{"damage":10,"enemies":"Centurion and Healer","floor":20,"turns":6},{"damage":22,"enemies":"Shelled Parasite and Fungi","floor":21,"turns":4}],"seed_played":"-1436895952998050489","potions_obtained":[{"floor":1,"key":"Swift Potion"},{"floor":7,"key":"GamblersBrew"},{"floor":12,"key":"EntropicBrew"}],"is_trial":false,"path_per_floor":["M","M","M","$","?","R","E","M","T","M","$","M","E","?","R","B",null,"M","M","M","M"],"character_chosen":"DEFECT","items_purchased":["Capacitor","Thunder Strike"],"campfire_rested":1,"item_purchase_floors":[4,11],"current_hp_per_floor":[65,65,65,65,58,58,38,38,38,29,29,29,11,11,33,18,61,47,26,16,0],"gold":233,"neow_bonus":"REMOVE_CARD","is_prod":false,"is_daily":false,"chose_seed":false,"campfire_upgraded":1,"win_rate":0,"timestamp":1547683567,"path_taken":["M","M","M","$","?","R","E","M","T","M","$","M","E","?","R","BOSS","M","M","M","M"],"build_version":"2019-01-10","purchased_purges":0,"victory":false,"max_hp_per_floor":[75,75,75,75,75,75,75,75,75,75,75,75,75,75,75,75,75,75,75,75,75],"card_choices":[{"not_picked":["Hello World","FTL"],"picked":"BootSequence","floor":1},{"not_picked":["Sweeping Beam","Redo"],"picked":"Sunder","floor":2},{"not_picked":["Barrage","FTL"],"picked":"Ball Lightning","floor":3},{"not_picked":["Steam","Barrage"],"picked":"Leap","floor":7},{"not_picked":["Go for the Eyes","Tempest"],"picked":"Ball Lightning","floor":8},{"not_picked":["Tempest","Rebound"],"picked":"Ball Lightning","floor":10},{"not_picked":["All For One","Static Discharge"],"picked":"Hologram","floor":12},{"not_picked":["Sweeping Beam","Sunder"],"picked":"Coolheaded","floor":13},{"not_picked":["Core Surge","Seek"],"picked":"Rainbow","floor":16},{"not_picked":["Beam Cell","Darkness"],"picked":"Loop","floor":18},{"not_picked":["Cold Snap","Static Discharge"],"picked":"Chill+1","floor":19},{"not_picked":["Barrage","Compile Driver"],"picked":"Darkness+1","floor":20}],"player_experience":143449,"relics_obtained":[{"floor":7,"key":"Oddly Smooth Stone"},{"floor":9,"key":"Juzu Bracelet"},{"floor":13,"key":"Anchor"}],"event_choices":[{"damage_healed":0,"gold_gain":0,"player_choice":"Damaged","damage_taken":7,"max_hp_gain":0,"max_hp_loss":0,"event_name":"Wheel of Change","floor":5,"gold_loss":0},{"damage_healed":0,"gold_gain":30,"player_choice":"Searched \u00271\u0027 times","damage_taken":0,"max_hp_gain":0,"max_hp_loss":0,"event_name":"Dead Adventurer","floor":14,"gold_loss":0}],"is_beta":false,"boss_relics":[{"not_picked":["Tiny House","Black Star"],"picked":"Sozu"}],"items_purged_floors":[],"is_endless":false,"potions_floor_spawned":[1,7,12,20],"killed_by":"Shelled Parasite and Fungi","ascension_level":6}