{"gold_per_floor":[17,31,31,31,47,47,108,124,124,137,137,137,155,187,187,261,261,273,288,0,0,11,11,46,46,70,84,96,96,127,137,137,137],"floor_reached":33,"playtime":1012,"items_purged":["Strike_R"],"score":520,"play_id":"71730dde-e4d9-42bb-845f-4b8c95994aa2","local_time":"20181221015621","is_ascension_mode":true,"campfire_choices":[{"data":"Bash","floor":6.0,"key":"SMITH"},{"floor":11.0,"key":"REST"},{"data":"Armaments","floor":15.0,"key":"SMITH"},{"data":"Fiend Fire","floor":23.0,"key":"SMITH"},{"data":"Bloodletting","floor":29.0,"key":"SMITH"},{"floor":32.0,"key":"REST"}],"neow_cost":"NO_GOLD","seed_source_timestamp":497685919331700,"circlet_count":0,"master_deck":["AscendersBane","Strike_R","Strike_R","Strike_R","Defend_R","Defend_R","Defend_R","Bash+1","Spot Weakness+1","Flame Barrier","Bloodletting+1","Shrug It Off+1","Pummel","Whirlwind+1","Armaments+1","Immolate","Fiend Fire+1","Battle Trance","Shrug It Off","Twin Strike","Flex"],"special_seed":0,"relics":["Burning Blood","Letter Opener","Lantern","Potion Belt","Bag of Marbles","Velvet Choker","Ancient Tea Set","Omamori","Art of War","War Paint"],"potions_floor_usage":[33],"damage_taken":[{"damage":0.0,"enemies":"2 Louse","floor":1.0,"turns":2.0},{"damage":2.0,"enemies":"Jaw Worm","floor":2.0,"turns":3.0},{"damage":5.0,"enemies":"Small Slimes","floor":5.0,"turns":4.0},{"damage":28.0,"enemies":"Lagavulin Event","floor":7.0,"turns":6.0},{"damage":6.0,"enemies":"Red Slaver","floor":8.0,"turns":3.0},{"damage":9.0,"enemies":"Lots of Slimes","floor":10.0,"turns":5.0},{"damage":13.0,"enemies":"Exordium Wildlife","floor":13.0,"turns":3.0},{"damage":2.0,"enemies":"Gremlin Nob","floor":14.0,"turns":3.0},{"damage":37.0,"enemies":"Slime Boss","floor":16.0,"turns":10.0},{"damage":10.0,"enemies":"2 Thieves","floor":18.0,"turns":3.0},{"damage":5.0,"enemies":"3 Byrds","floor":19.0,"turns":3.0},{"damage":10.0,"enemies":"Snecko","floor":22.0,"turns":4.0},{"damage":8.0,"enemies":"Book of Stabbing","floor":24.0,"turns":3.0},{"damage":3.0,"enemies":"Sentry and Sphere","floor":27.0,"turns":2.0},{"damage":0.0,"enemies":"Shelled Parasite and Fungi","floor":28.0,"turns":1.0},{"damage":35.0,"enemies":"Slavers","floor":30.0,"turns":4.0},{"damage":9.0,"enemies":"Centurion and Healer","floor":31.0,"turns":3.0},{"damage":61,"enemies":"Automaton","floor":33,"turns":8}],"seed_played":"8803407940234381436","potions_obtained":[{"floor":1.0,"key":"Weak Potion"},{"floor":5.0,"key":"SkillPotion"},{"floor":7.0,"key":"Strength Potion"},{"floor":10.0,"key":"SkillPotion"},{"floor":14.0,"key":"SteroidPotion"},{"floor":19.0,"key":"Dexterity Potion"},{"floor":24.0,"key":"PowerPotion"}],"is_trial":false,"path_per_floor":["M","M","?","?","M","R","?","M","T","M","R","?","M","E","R","B",null,"M","M","$","?","M","R","E","$","T","M","M","R","E","M","R","B"],"character_chosen":"IRONCLAD","items_purchased":["Ancient Tea Set","Shrug It Off"],"campfire_rested":2,"item_purchase_floors":[20,20],"current_hp_per_floor":[74,75,64,69,70,70,48,48,48,45,69,69,62,66,66,35,69,65,66,66,66,62,62,60,60,60,63,69,69,40,37,61,0],"gold":137,"neow_bonus":"REMOVE_TWO","is_prod":false,"is_daily":false,"chose_seed":false,"campfire_upgraded":4,"win_rate":0,"timestamp":1545386181,"path_taken":["M","M","?","?","M","R","?","?","T","M","R","?","M","E","R","BOSS","M","M","$","?","?","R","E","$","T","M","M","R","E","M","R","BOSS"],"build_version":"2018-12-20","purchased_purges":1,"victory":false,"max_hp_per_floor":[75,75,75,80,80,80,80,80,80,80,80,80,80,80,80,80,80,80,80,80,80,80,80,80,80,80,80,80,80,80,80,80,80],"card_choices":[{"not_picked":["Flex","Anger"],"picked":"Spot Weakness","floor":1.0},{"not_picked":["Ghostly Armor","Carnage"],"picked":"Flame Barrier","floor":2.0},{"not_picked":["Iron Wave","Reckless Charge"],"picked":"Bloodletting","floor":5.0},{"not_picked":["Wild Strike","Armaments"],"picked":"Shrug It Off","floor":7.0},{"not_picked":["Havoc","Clothesline"],"picked":"Pummel","floor":8.0},{"not_picked":["Reckless Charge","Cleave"],"picked":"Whirlwind","floor":10.0},{"not_picked":["Heavy Blade","Pummel"],"picked":"Armaments","floor":13.0},{"not_picked":["Sentinel","Warcry"],"picked":"Immolate","floor":14.0},{"not_picked":["Impervious","Brutality"],"picked":"Fiend Fire","floor":16.0},{"not_picked":["Spot Weakness","Combust","Sentinel"],"picked":"SKIP","floor":18.0},{"not_picked":["Clash","Whirlwind"],"picked":"Battle Trance","floor":19.0},{"not_picked":["Feel No Pain","Body Slam"],"picked":"Twin Strike","floor":22.0},{"not_picked":["Havoc","Hemokinesis+1","Metallicize"],"picked":"SKIP","floor":24.0},{"not_picked":["Perfected Strike","Second Wind","Twin Strike"],"picked":"SKIP","floor":27.0},{"not_picked":["Bloodletting","Thunderclap+1"],"picked":"Flex","floor":28.0},{"not_picked":["Fire Breathing","Hemokinesis","Pummel"],"picked":"SKIP","floor":30.0},{"not_picked":["Perfected Strike","Body Slam+1","Heavy Blade"],"picked":"SKIP","floor":31.0}],"player_experience":164091,"relics_obtained":[{"floor":7.0,"key":"Lantern"},{"floor":9.0,"key":"Potion Belt"},{"floor":14.0,"key":"Bag of Marbles"},{"floor":24.0,"key":"Omamori"},{"floor":26.0,"key":"Art of War"},{"floor":30.0,"key":"War Paint"}],"event_choices":[{"damage_healed":0.0,"max_hp_gain":0.0,"max_hp_loss":0.0,"gold_gain":0.0,"event_name":"Scrap Ooze","player_choice":"Success","floor":3.0,"gold_loss":0.0,"damage_taken":11.0,"relics_obtained":["Letter Opener"]},{"damage_healed":0.0,"max_hp_gain":5.0,"max_hp_loss":0.0,"gold_gain":0.0,"event_name":"Big Fish","player_choice":"Donut","floor":4.0,"gold_loss":0.0,"damage_taken":0.0},{"damage_healed":0.0,"max_hp_gain":0.0,"max_hp_loss":0.0,"gold_gain":0.0,"event_name":"Dead Adventurer","player_choice":"Searched \u00271\u0027 times","floor":7.0,"gold_loss":0.0,"damage_taken":0.0},{"damage_healed":0.0,"max_hp_gain":0.0,"max_hp_loss":0.0,"gold_gain":0.0,"event_name":"Match and Keep!","player_choice":"0 cards matched","floor":12.0,"gold_loss":0.0,"damage_taken":0.0,"cards_obtained":[]},{"damage_healed":0.0,"max_hp_gain":0.0,"max_hp_loss":0.0,"gold_gain":0.0,"event_name":"Upgrade Shrine","player_choice":"Upgraded","floor":21.0,"gold_loss":0.0,"damage_taken":0.0,"cards_upgraded":["Whirlwind"]}],"is_beta":false,"boss_relics":[{"not_picked":["Calling Bell","Eternal Feather"],"picked":"Velvet Choker"}],"items_purged_floors":[20],"is_endless":false,"potions_floor_spawned":[1,5,7,10,14,19,24],"killed_by":"Automaton","ascension_level":16}