{"gold_per_floor":[114,126,126,76,96,96,22,22,22,22,54,54,71,91,91,186,186,197,122,142,159,234,234,254,285,285,285,298,314,52,87,87,187,187,203,16,61,61,77,106,106,117,117,117,132,6,24,24,24,24],"floor_reached":51,"playtime":3356,"items_purged":["Strike_R","Strike_R"],"score":692,"play_id":"659083e3-72bf-45ae-a729-9d20db87ccdb","local_time":"20190903102717","is_ascension_mode":false,"campfire_choices":[{"data":"Blind","floor":6.0,"key":"SMITH"},{"data":"Wild Strike","floor":8.0,"key":"SMITH"},{"data":"Second Wind","floor":10.0,"key":"SMITH"},{"data":"Power Through","floor":15.0,"key":"SMITH"},{"data":"Evolve","floor":23.0,"key":"SMITH"},{"data":"Dark Embrace","floor":27.0,"key":"SMITH"},{"floor":32.0,"key":"DIG"},{"floor":41.0,"key":"DIG"},{"floor":44,"key":"REST"},{"floor":49,"key":"REST"}],"neow_cost":"NONE","seed_source_timestamp":1528201934377700,"circlet_count":0,"master_deck":["Defend_R","Defend_R","Defend_R","Defend_R","Bash","Blind+1","Wild Strike+1","True Grit","Second Wind+1","Evolve+1","Power Through+1","True Grit","Pommel Strike+1","Immolate+1","Rampage+1","Battle Trance","Anger+1","Dark Embrace+1","Wild Strike+1","Warcry","Reckless Charge+1","Barricade","Fire Breathing+1","Flash of Steel+1","Wild Strike+1","Anger+1","Body Slam+1","Second Wind","Finesse","Battle Trance"],"special_seed":0,"relics":["Burning Blood","Molten Egg 2","Charon\u0027s Ashes","Mark of Pain","Question Card","Ornamental Fan","Shuriken","Shovel","Blood Vial","Fusion Hammer","Du-Vu Doll","Letter Opener","Mercury Hourglass"],"potions_floor_usage":[45],"damage_taken":[{"damage":0.0,"enemies":"Jaw Worm","floor":1.0,"turns":5.0},{"damage":0.0,"enemies":"2 Louse","floor":2.0,"turns":4.0},{"damage":4.0,"enemies":"Cultist","floor":5.0,"turns":4.0},{"damage":12.0,"enemies":"Gremlin Nob","floor":11.0,"turns":5.0},{"damage":9.0,"enemies":"Blue Slaver","floor":13.0,"turns":4.0},{"damage":0.0,"enemies":"Exordium Wildlife","floor":14.0,"turns":4.0},{"damage":40.0,"enemies":"The Guardian","floor":16.0,"turns":11.0},{"damage":19.0,"enemies":"Spheric Guardian","floor":18.0,"turns":5.0},{"damage":0.0,"enemies":"3 Byrds","floor":20.0,"turns":4.0},{"damage":15.0,"enemies":"Centurion and Healer","floor":21.0,"turns":4.0},{"damage":0.0,"enemies":"3 Cultists","floor":24.0,"turns":4.0},{"damage":9.0,"enemies":"Gremlin Leader","floor":25.0,"turns":6.0},{"damage":6.0,"enemies":"Snake Plant","floor":28.0,"turns":4.0},{"damage":3.0,"enemies":"Shelled Parasite and Fungi","floor":29.0,"turns":3.0},{"damage":20.0,"enemies":"Slavers","floor":31.0,"turns":4.0},{"damage":48.0,"enemies":"Collector","floor":33.0,"turns":11.0},{"damage":6.0,"enemies":"3 Shapes","floor":35.0,"turns":3.0},{"damage":38.0,"enemies":"2 Orb Walkers","floor":37.0,"turns":4.0},{"damage":7.0,"enemies":"3 Darklings","floor":39.0,"turns":5.0},{"damage":18.0,"enemies":"Nemesis","floor":40.0,"turns":7.0},{"damage":34,"enemies":"Writhing Mass","floor":42,"turns":5},{"damage":12,"enemies":"Spire Growth","floor":45,"turns":4},{"damage":18,"enemies":"Transient","floor":47,"turns":5},{"damage":49,"enemies":"Donu and Deca","floor":50,"turns":6}],"seed_played":"-4483483105076001950","potions_obtained":[{"floor":5.0,"key":"Explosive Potion"},{"floor":13.0,"key":"Poison Potion"},{"floor":14.0,"key":"Poison Potion"},{"floor":18.0,"key":"Energy Potion"},{"floor":24.0,"key":"SkillPotion"},{"floor":28.0,"key":"Explosive Potion"},{"floor":37.0,"key":"SkillPotion"},{"floor":42,"key":"Regen Potion"}],"is_trial":false,"path_per_floor":["M","M","?","?","M","R","$","R","T","R","E","$","M","M","R","B",null,"M","$","M","M","?","R","M","E","T","R","M","M","$","E","R","B",null,"M","$","?","?","M","E","R","M","T","R","M","$","M","?","R","B",null],"character_chosen":"IRONCLAD","items_purchased":["Evolve","Shuriken","Flash of Steel+1","Second Wind","Finesse"],"campfire_rested":2,"item_purchase_floors":[7,30,36,46,46],"current_hp_per_floor":[80,80,80,80,80,80,80,80,80,80,74,74,71,77,77,43,80,67,67,73,64,56,56,62,59,59,59,59,62,62,48,48,8,80,80,80,48,48,49,39,39,13,13,37,45,45,35,35,59,18],"gold":24,"neow_bonus":"RANDOM_COLORLESS","is_prod":false,"is_daily":false,"chose_seed":false,"campfire_upgraded":6,"win_rate":0,"timestamp":1567531637,"path_taken":["M","M","?","?","M","R","$","R","T","R","E","$","M","M","R","BOSS","M","$","M","M","?","R","M","E","T","R","?","M","$","E","R","BOSS","M","$","?","?","M","E","R","M","T","R","M","?","M","?","R","BOSS"],"build_version":"2019-07-17","purchased_purges":2,"victory":true,"max_hp_per_floor":[80,80,80,80,80,80,80,80,80,80,80,80,80,80,80,80,80,80,80,80,80,80,80,80,80,80,80,80,80,80,80,80,80,80,80,80,80,80,80,80,80,80,80,80,80,80,80,80,80,80],"card_choices":[{"not_picked":["Warcry","Rupture"],"picked":"Wild Strike","floor":1.0},{"not_picked":["Rampage","Thunderclap"],"picked":"True Grit","floor":2.0},{"not_picked":["Clash","Wild Strike"],"picked":"Second Wind","floor":5.0},{"not_picked":["Feel No Pain","Rage"],"picked":"Power Through","floor":11.0},{"not_picked":["Clothesline+1","Warcry"],"picked":"True Grit","floor":13.0},{"not_picked":["Inflame","Exhume"],"picked":"Pommel Strike+1","floor":14.0},{"not_picked":["Impervious","Exhume"],"picked":"Immolate+1","floor":16.0},{"not_picked":["Clothesline+1","Pommel Strike+1"],"picked":"Rampage+1","floor":18.0},{"not_picked":["Armaments","Shrug It Off"],"picked":"Battle Trance","floor":20.0},{"not_picked":["Heavy Blade+1","Headbutt+1"],"picked":"Anger+1","floor":21.0},{"not_picked":["Dual Wield+1","Flex"],"picked":"Reckless Charge+1","floor":24.0},{"not_picked":["Hemokinesis+1","Entrench+1"],"picked":"Dark Embrace","floor":25.0},{"not_picked":["Flex","Burning Pact+1","Sword Boomerang+1"],"picked":"Wild Strike+1","floor":28.0},{"not_picked":["Spot Weakness","Cleave+1","Infernal Blade"],"picked":"Warcry","floor":29.0},{"not_picked":["Shrug It Off+1","Perfected Strike+1","Rage+1"],"picked":"Reckless Charge+1","floor":31.0},{"not_picked":["Immolate+1","Limit Break","Impervious"],"picked":"Barricade","floor":33.0},{"not_picked":["Twin Strike+1","Anger+1","Whirlwind+1"],"picked":"Fire Breathing+1","floor":35.0},{"not_picked":["True Grit+1","Cleave+1","Clothesline+1"],"picked":"Wild Strike+1","floor":39.0},{"not_picked":["Demon Form","Iron Wave+1","Pommel Strike+1"],"picked":"Anger+1","floor":40.0},{"not_picked":["Wild Strike+1","Rupture","Dropkick+1"],"picked":"Body Slam+1","floor":42},{"not_picked":["Spot Weakness+1","Pommel Strike+1","Headbutt+1","Perfected Strike+1"],"picked":"SKIP","floor":45},{"not_picked":["Body Slam+1","Bloodletting","Perfected Strike+1"],"picked":"Battle Trance","floor":47}],"player_experience":100674,"relics_obtained":[{"floor":9.0,"key":"Molten Egg 2"},{"floor":11.0,"key":"Charon\u0027s Ashes"},{"floor":25.0,"key":"Question Card"},{"floor":26.0,"key":"Ornamental Fan"},{"floor":31.0,"key":"Shovel"},{"floor":32.0,"key":"Blood Vial"},{"floor":37.0,"key":"Du-Vu Doll"},{"floor":40.0,"key":"Letter Opener"},{"floor":41.0,"key":"Mercury Hourglass"}],"event_choices":[{"cards_removed":["Strike_R"],"damage_healed":0.0,"max_hp_gain":0.0,"max_hp_loss":0.0,"gold_gain":0.0,"event_name":"Living Wall","player_choice":"Forget","floor":3.0,"gold_loss":0.0,"damage_taken":0.0},{"cards_removed":["Strike_R"],"damage_healed":0.0,"max_hp_gain":0.0,"max_hp_loss":0.0,"gold_gain":0.0,"event_name":"The Cleric","player_choice":"Card Removal","floor":4.0,"gold_loss":50.0,"damage_taken":0.0},{"damage_healed":0.0,"max_hp_gain":0.0,"max_hp_loss":0.0,"gold_gain":75.0,"event_name":"FaceTrader","player_choice":"Touch","floor":22.0,"gold_loss":0.0,"damage_taken":8.0},{"damage_healed":0.0,"max_hp_gain":0.0,"max_hp_loss":0.0,"gold_gain":0.0,"event_name":"Mysterious Sphere","player_choice":"Fight","floor":37.0,"gold_loss":0.0,"damage_taken":0.0},{"cards_removed":["Reckless Charge"],"damage_healed":0.0,"max_hp_gain":0.0,"max_hp_loss":0.0,"gold_gain":0.0,"event_name":"Falling","player_choice":"Removed Attack","floor":38.0,"gold_loss":0.0,"damage_taken":0.0},{"cards_removed":["Strike_R"],"damage_healed":0,"gold_gain":0,"player_choice":"Purged","damage_taken":0,"max_hp_gain":0,"max_hp_loss":0,"event_name":"Purifier","floor":48,"gold_loss":0}],"is_beta":false,"boss_relics":[{"not_picked":["Astrolabe","Pandora\u0027s Box"],"picked":"Mark of Pain"},{"not_picked":["Runic Dome","Philosopher\u0027s Stone"],"picked":"Fusion Hammer"}],"items_purged_floors":[19,36],"is_endless":false,"potions_floor_spawned":[5,13,14,18,20,24,28,37,42],"ascension_level":0}