{"gold_per_floor":[115,115,129,129,129,129,51,51,99,99,111,126,126,144,144,245,245,262,262,276,201,216,216,216],"floor_reached":24,"playtime":789,"items_purged":["Searing Blow+1"],"score":288,"play_id":"fbfeae2b-62a5-416f-b8e2-6952df17442a","local_time":"20181215103249","is_ascension_mode":true,"campfire_choices":[{"data":"Twin Strike","floor":6.0,"key":"SMITH"},{"data":"Flame Barrier","floor":8.0,"key":"SMITH"},{"floor":13.0,"key":"REST"},{"data":"Clash","floor":15,"key":"SMITH"},{"data":"Feed","floor":23,"key":"SMITH"}],"neow_cost":"PERCENT_DAMAGE","seed_source_timestamp":10661579038600,"circlet_count":0,"master_deck":["AscendersBane","Strike_R+1","Strike_R+1","Defend_R+1","Defend_R+1","Defend_R+1","Defend_R+1","Bash+1","Twin Strike+1","Flame Barrier+1","Clash+1","Anger","Feed+1","Body Slam+1","Iron Wave+1"],"special_seed":0,"relics":["Burning Blood","Ginger","Anchor","Regal Pillow","Astrolabe"],"potions_floor_usage":[24],"damage_taken":[{"damage":14.0,"enemies":"Small Slimes","floor":1.0,"turns":6.0},{"damage":2.0,"enemies":"Jaw Worm","floor":3.0,"turns":2.0},{"damage":0.0,"enemies":"2 Louse","floor":11.0,"turns":4.0},{"damage":11.0,"enemies":"Blue Slaver","floor":12.0,"turns":3.0},{"damage":3,"enemies":"Large Slime","floor":14,"turns":5},{"damage":55,"enemies":"The Guardian","floor":16,"turns":15},{"damage":0,"enemies":"Chosen","floor":18,"turns":3},{"damage":18,"enemies":"2 Thieves","floor":20,"turns":5},{"damage":14,"enemies":"Centurion and Healer","floor":22,"turns":5},{"damage":67,"enemies":"Gremlin Leader","floor":24,"turns":4}],"seed_played":"1957706286433148009","potions_obtained":[{"floor":3.0,"key":"Ancient Potion"},{"floor":11.0,"key":"SteroidPotion"},{"floor":14,"key":"Explosive Potion"}],"is_trial":false,"path_per_floor":["M","?","M","T","?","R","$","R","T","?","M","M","R","M","R","B",null,"M","?","M","$","M","R","E"],"character_chosen":"IRONCLAD","items_purchased":["Flame Barrier"],"campfire_rested":1,"item_purchase_floors":[7],"current_hp_per_floor":[43,43,47,47,31,31,31,31,31,24,30,25,64,67,67,18,65,71,71,59,59,54,54,0],"gold":216,"neow_bonus":"ONE_RARE_RELIC","is_prod":false,"is_daily":false,"chose_seed":false,"campfire_upgraded":4,"win_rate":0,"timestamp":1544898769,"path_taken":["M","?","M","?","?","R","$","R","T","?","M","M","R","M","R","BOSS","M","?","M","$","M","R","E"],"build_version":"2018-12-13","purchased_purges":1,"victory":false,"max_hp_per_floor":[80,80,80,80,80,80,80,80,80,80,80,80,80,80,80,80,80,80,80,80,80,83,83,83],"card_choices":[{"not_picked":["Thunderclap","Flex"],"picked":"Twin Strike","floor":1.0},{"not_picked":["Dropkick","True Grit","Metallicize"],"picked":"SKIP","floor":3.0},{"not_picked":["Heavy Blade","Burning Pact"],"picked":"Clash","floor":11.0},{"not_picked":["Sever Soul","Combust"],"picked":"Anger","floor":12.0},{"not_picked":["Juggernaut","True Grit","Iron Wave"],"picked":"SKIP","floor":14},{"not_picked":["Barricade","Demon Form"],"picked":"Feed","floor":16},{"not_picked":["Body Slam","Combust","Clothesline+1"],"picked":"SKIP","floor":18},{"not_picked":["Sever Soul","Warcry","Cleave"],"picked":"SKIP","floor":20},{"not_picked":["Hemokinesis","Headbutt","Anger+1"],"picked":"SKIP","floor":22}],"player_experience":107729,"relics_obtained":[{"floor":9.0,"key":"Regal Pillow"}],"event_choices":[{"damage_healed":0.0,"max_hp_gain":0.0,"max_hp_loss":0.0,"gold_gain":0.0,"event_name":"Big Fish","player_choice":"Box","floor":2.0,"gold_loss":0.0,"damage_taken":0.0,"relics_obtained":["Anchor"],"cards_obtained":["Regret"]},{"damage_healed":0.0,"max_hp_gain":0.0,"max_hp_loss":0.0,"gold_gain":0.0,"event_name":"Shining Light","player_choice":"Entered Light","floor":5.0,"gold_loss":0.0,"damage_taken":16.0,"cards_upgraded":["Bash","Strike_R"]},{"cards_removed":["Regret"],"damage_healed":0.0,"max_hp_gain":0.0,"max_hp_loss":0.0,"gold_gain":0.0,"event_name":"Golden Wing","player_choice":"Card Removal","floor":10.0,"gold_loss":0.0,"damage_taken":7.0},{"damage_healed":0,"gold_gain":0,"player_choice":"Simplicity","damage_taken":0,"max_hp_gain":0,"max_hp_loss":0,"event_name":"Back to Basics","floor":19,"gold_loss":0,"cards_upgraded":["Strike_R","Defend_R","Defend_R","Defend_R","Defend_R"]}],"is_beta":false,"boss_relics":[{"not_picked":["Runic Cube","Busted Crown"],"picked":"Astrolabe"}],"items_purged_floors":[21],"is_endless":false,"potions_floor_spawned":[3,11,14,20,22],"killed_by":"Gremlin Leader","ascension_level":11}