{"gold_per_floor":[111,111,111,136,136,169,187,208,233,266,284,8,41,62,62,157,157,175,188,7,7,30,55,55,55],"floor_reached":25,"playtime":938,"items_purged":["Strike_R","Strike_R"],"score":450,"play_id":"6e20586b-bb72-40ae-a97d-d6a14f3426d8","local_time":"20190729163529","is_ascension_mode":true,"campfire_choices":[{"data":"Whirlwind","floor":15,"key":"SMITH"},{"data":"Offering","floor":24,"key":"SMITH"}],"neow_cost":"PERCENT_DAMAGE","seed_source_timestamp":1069964452337400,"circlet_count":0,"master_deck":["AscendersBane","Strike_R","Strike_R","Strike_R","Defend_R","Defend_R+1","Defend_R","Defend_R","Bash","Shockwave","Carnage","Sword Boomerang","Seeing Red","Spot Weakness+1","True Grit","Limit Break","Whirlwind+1","Power Through","Feel No Pain","Feed","Burning Pact","Offering+1","Flame Barrier","Spot Weakness","Feel No Pain","RitualDagger","Thunderclap","Shrug It Off"],"special_seed":0,"relics":["Burning Blood","Magic Flower","Golden Idol","Anchor","Bottled Flame","War Paint","Omamori","Strawberry","Mark of Pain"],"potions_floor_usage":[16,25],"damage_taken":[{"damage":4.0,"enemies":"Jaw Worm","floor":1.0,"turns":5.0},{"damage":4.0,"enemies":"2 Louse","floor":4.0,"turns":3.0},{"damage":40.0,"enemies":"3 Sentries","floor":6.0,"turns":11.0},{"damage":1,"enemies":"Cultist","floor":7,"turns":3},{"damage":3,"enemies":"Looter","floor":8,"turns":3},{"damage":25,"enemies":"Lagavulin","floor":10,"turns":7},{"damage":16,"enemies":"Blue Slaver","floor":11,"turns":4},{"damage":6,"enemies":"Gremlin Nob","floor":13,"turns":3},{"damage":9,"enemies":"Large Slime","floor":14,"turns":11},{"damage":33,"enemies":"Slime Boss","floor":16,"turns":11},{"damage":15,"enemies":"2 Thieves","floor":18,"turns":4},{"damage":17,"enemies":"Spheric Guardian","floor":19,"turns":3},{"damage":7,"enemies":"Centurion and Healer","floor":22,"turns":6},{"damage":27,"enemies":"Snecko","floor":23,"turns":8},{"damage":34,"enemies":"Gremlin Leader","floor":25,"turns":5}],"seed_played":"8093943229462735590","potions_obtained":[{"floor":1.0,"key":"SkillPotion"},{"floor":8,"key":"Explosive Potion"},{"floor":11,"key":"Block Potion"},{"floor":16,"key":"Ancient Potion"}],"is_trial":false,"path_per_floor":["M","?","?","M","T","E","M","M","T","E","M","$","E","M","R","B",null,"M","M","$","?","M","M","R","E"],"character_chosen":"IRONCLAD","items_purchased":["Whirlwind","Power Through","Feel No Pain","Feel No Pain"],"campfire_rested":0,"item_purchase_floors":[12,12,12,20],"current_hp_per_floor":[55,55,55,60,60,29,37,43,43,27,20,20,30,35,35,16,65,64,56,56,50,52,34,34,0],"gold":55,"neow_bonus":"ONE_RARE_RELIC","is_prod":false,"is_daily":false,"chose_seed":false,"campfire_upgraded":2,"win_rate":0,"timestamp":1564443329,"path_taken":["M","?","?","M","?","E","M","?","T","E","M","$","E","M","R","BOSS","M","M","$","?","M","M","R","E"],"build_version":"2019-07-17","purchased_purges":2,"victory":false,"max_hp_per_floor":[75,68,68,68,68,68,68,68,68,68,68,68,75,78,78,81,81,84,84,84,84,84,84,84,84],"card_choices":[{"not_picked":["Entrench","Armaments"],"picked":"Shockwave","floor":1.0},{"not_picked":["Cleave","Shrug It Off"],"picked":"Carnage","floor":4.0},{"not_picked":["Evolve","Perfected Strike"],"picked":"Sword Boomerang","floor":6},{"not_picked":["Flex","Iron Wave"],"picked":"Seeing Red","floor":7},{"not_picked":["Twin Strike","Uppercut"],"picked":"Spot Weakness","floor":8},{"not_picked":["Flame Barrier","Pommel Strike"],"picked":"True Grit","floor":10},{"not_picked":["Havoc","Body Slam"],"picked":"Limit Break","floor":11},{"not_picked":["Clash","Bloodletting"],"picked":"Feed","floor":13},{"not_picked":["Warcry","Dropkick"],"picked":"Burning Pact","floor":14},{"not_picked":["Feed","Limit Break"],"picked":"Offering","floor":16},{"not_picked":["Pommel Strike","Flex"],"picked":"Flame Barrier","floor":18},{"not_picked":["Burning Pact","Flex"],"picked":"Spot Weakness","floor":19},{"not_picked":["Body Slam","Iron Wave"],"picked":"Thunderclap","floor":22},{"not_picked":["Heavy Blade+1","Iron Wave"],"picked":"Shrug It Off","floor":23}],"player_experience":719982,"relics_obtained":[{"floor":5.0,"key":"Anchor"},{"floor":6,"key":"Bottled Flame"},{"floor":9,"key":"War Paint"},{"floor":10,"key":"Omamori"},{"floor":13,"key":"Strawberry"}],"event_choices":[{"damage_healed":0.0,"max_hp_gain":0.0,"max_hp_loss":7.0,"gold_gain":0.0,"event_name":"Golden Idol","player_choice":"Lose Max HP","floor":2.0,"gold_loss":0.0,"damage_taken":0.0,"relics_obtained":["Golden Idol"]},{"damage_healed":0.0,"max_hp_gain":0.0,"max_hp_loss":0.0,"gold_gain":0.0,"event_name":"The Cleric","player_choice":"Leave","floor":3.0,"gold_loss":0.0,"damage_taken":0.0},{"damage_healed":0,"gold_gain":0,"player_choice":"Joined the Cult","damage_taken":6,"max_hp_gain":0,"max_hp_loss":0,"event_name":"Nest","floor":21,"gold_loss":0,"cards_obtained":["RitualDagger"]}],"is_beta":false,"boss_relics":[{"not_picked":["Runic Dome","Astrolabe"],"picked":"Mark of Pain"}],"items_purged_floors":[12,20],"is_endless":false,"potions_floor_spawned":[1,8,11,16],"killed_by":"Gremlin Leader","ascension_level":20}