{"gold_per_floor":[110,185,185,1,14,14,47,57,57,71,84,84,94,111,111,188,188,205,220,220,220,231,231,259,259,259,359,359,379,15,15,15,15],"floor_reached":33,"playtime":852,"items_purged":["Pain","Decay"],"score":534,"play_id":"88b79a5d-0e40-4810-b9fc-8d929ecc6093","local_time":"20190815130917","is_ascension_mode":true,"campfire_choices":[{"data":"Perfected Strike","floor":6,"key":"SMITH"},{"data":"Bash","floor":12,"key":"SMITH"},{"data":"Perfected Strike","floor":15,"key":"SMITH"},{"floor":23,"key":"REST"},{"data":"1","floor":25,"key":"LIFT"},{"data":"2","floor":28,"key":"LIFT"},{"floor":32,"key":"REST"}],"neow_cost":"CURSE","seed_source_timestamp":1026508091859700,"circlet_count":0,"master_deck":["AscendersBane","Strike_R","Strike_R","Strike_R","Strike_R","Strike_R","Defend_R","Defend_R","Defend_R","Defend_R","Bash+1","Injury","Pommel Strike","Perfected Strike+1","Perfected Strike+1","Feel No Pain","Pommel Strike","Evolve","Disarm","Immolate","Armaments+1","Battle Trance","Disarm","Flame Barrier"],"relics":["Burning Blood","StoneCalendar","WarpedTongs","Gremlin Horn","PreservedInsect","Runic Dome","Enchiridion","Girya","Pocketwatch","Turnip","Pear","OrangePellets"],"potions_floor_usage":[16,33],"damage_taken":[{"damage":3,"enemies":"2 Louse","floor":1,"turns":4},{"damage":4,"enemies":"Jaw Worm","floor":5,"turns":2},{"damage":24,"enemies":"3 Sentries","floor":7,"turns":7},{"damage":0,"enemies":"Cultist","floor":8,"turns":3},{"damage":3,"enemies":"Looter","floor":10,"turns":2},{"damage":0,"enemies":"Exordium Wildlife","floor":11,"turns":2},{"damage":3,"enemies":"2 Fungi Beasts","floor":13,"turns":3},{"damage":8,"enemies":"Looter","floor":14,"turns":3},{"damage":25,"enemies":"Slime Boss","floor":16,"turns":7},{"damage":22,"enemies":"3 Byrds","floor":18,"turns":6},{"damage":17,"enemies":"2 Thieves","floor":19,"turns":2},{"damage":0,"enemies":"3 Cultists","floor":22,"turns":3},{"damage":2,"enemies":"Gremlin Leader","floor":24,"turns":4},{"damage":25,"enemies":"Colosseum Slavers","floor":27,"turns":2},{"damage":0,"enemies":"Colosseum Nobs","floor":27,"turns":3},{"damage":10,"enemies":"Snecko","floor":29,"turns":4},{"damage":89,"enemies":"Automaton","floor":33,"turns":6}],"seed_played":"-1675263961966110844","potions_obtained":[{"floor":8,"key":"Poison Potion"},{"floor":13,"key":"Energy Potion"},{"floor":24,"key":"Ancient Potion"}],"is_trial":false,"path_per_floor":["M","?","?","$","M","R","E","M","T","M","M","R","M","M","R","B",null,"M","M","?","?","M","R","E","R","T","?","R","M","$","$","R","B"],"character_chosen":"IRONCLAD","items_purchased":["Perfected Strike","Energy Potion","Flame Barrier","OrangePellets"],"campfire_rested":2,"item_purchase_floors":[4,4,30,30],"current_hp_per_floor":[71,60,60,60,62,62,44,50,50,53,59,59,62,60,60,41,67,51,40,19,19,25,47,51,51,51,48,48,44,44,44,69,0],"gold":15,"neow_bonus":"ONE_RARE_RELIC","is_prod":false,"is_daily":false,"chose_seed":false,"campfire_upgraded":3,"win_rate":0,"timestamp":1565899757,"path_taken":["M","?","?","$","?","R","E","M","T","M","M","R","M","M","R","BOSS","M","M","?","?","M","R","E","R","T","?","R","M","?","$","R","BOSS"],"build_version":"2019-07-17","purchased_purges":2,"victory":false,"max_hp_per_floor":[75,75,75,75,75,75,75,75,75,75,75,75,75,75,75,75,75,75,75,75,75,75,75,75,75,75,85,85,85,85,85,85,85],"card_choices":[{"not_picked":["Havoc","Perfected Strike"],"picked":"Pommel Strike","floor":1},{"not_picked":["Cleave","Iron Wave"],"picked":"Perfected Strike","floor":5},{"not_picked":["Flex","Warcry"],"picked":"Feel No Pain","floor":7},{"not_picked":["Entrench","Power Through","Armaments"],"picked":"SKIP","floor":8},{"not_picked":["Cleave","Headbutt"],"picked":"Pommel Strike","floor":10},{"not_picked":["Dark Embrace","Bloodletting","Uppercut"],"picked":"SKIP","floor":11},{"not_picked":["True Grit","Thunderclap"],"picked":"Evolve","floor":13},{"not_picked":["Clothesline","Carnage"],"picked":"Disarm","floor":14},{"not_picked":["Fiend Fire","Dark Embrace"],"picked":"Immolate","floor":16},{"not_picked":["Clash","Sword Boomerang"],"picked":"Armaments+1","floor":18},{"not_picked":["Intimidate","Body Slam","Havoc"],"picked":"SKIP","floor":19},{"not_picked":["Blood for Blood","Anger"],"picked":"Battle Trance","floor":22},{"not_picked":["Searing Blow","Juggernaut","Entrench"],"picked":"SKIP","floor":24},{"not_picked":["Sword Boomerang","Fire Breathing"],"picked":"Disarm","floor":27},{"not_picked":["Heavy Blade","Havoc","Clash"],"picked":"SKIP","floor":29}],"player_experience":791674,"relics_obtained":[{"floor":7,"key":"Gremlin Horn"},{"floor":9,"key":"PreservedInsect"},{"floor":20,"key":"Enchiridion"},{"floor":24,"key":"Girya"},{"floor":26,"key":"Pocketwatch"},{"floor":27,"key":"Turnip"},{"floor":27,"key":"Pear"}],"event_choices":[{"damage_healed":0,"gold_gain":75,"player_choice":"Gather Gold","damage_taken":11,"max_hp_gain":0,"max_hp_loss":0,"event_name":"World of Goop","floor":2,"gold_loss":0},{"damage_healed":0,"gold_gain":0,"player_choice":"Rummage","damage_taken":0,"relics_obtained":["WarpedTongs"],"max_hp_gain":0,"max_hp_loss":0,"event_name":"Accursed Blacksmith","floor":3,"gold_loss":0,"cards_obtained":["Pain"]},{"damage_healed":0,"gold_gain":0,"player_choice":"Obtained Book","damage_taken":21,"max_hp_gain":0,"max_hp_loss":0,"event_name":"Cursed Tome","floor":20,"gold_loss":0},{"damage_healed":0,"gold_gain":0,"player_choice":"Smashed Altar","damage_taken":0,"max_hp_gain":0,"max_hp_loss":0,"event_name":"Forgotten Altar","floor":21,"gold_loss":0,"cards_obtained":["Decay"]},{"damage_healed":0,"gold_gain":0,"player_choice":"Fight","damage_taken":0,"max_hp_gain":0,"max_hp_loss":0,"event_name":"Colosseum","floor":27,"gold_loss":0},{"damage_healed":0,"gold_gain":0,"player_choice":"Fought Nobs","damage_taken":0,"max_hp_gain":0,"max_hp_loss":0,"event_name":"Colosseum","floor":27,"gold_loss":0}],"is_beta":false,"boss_relics":[{"not_picked":["Coffee Dripper","Astrolabe"],"picked":"Runic Dome"}],"items_purged_floors":[4,30],"is_endless":false,"potions_floor_spawned":[8,13,14,24,27,27],"killed_by":"Automaton","ascension_level":20}