{"gold_per_floor":[114,134,134,146,146,181,181,192,192,202,228,228,245,260,260,333,333,347,358,378,35,54,54,111,111,192,192,205,237,254,254,254,329,379,392,392,412,412,4,39,39,69,143,169,179,203,222,236,236,236,236,236,236,21,51,51],"floor_reached":56,"playtime":2180,"items_purged":["Strike_R"],"score":1982,"play_id":"4ac9b6f8-870c-492d-8e18-31918f1d737e","local_time":"20190811031038","is_ascension_mode":true,"campfire_choices":[{"data":"Inflame","floor":7.0,"key":"SMITH"},{"data":"Perfected Strike","floor":12.0,"key":"SMITH"},{"data":"True Grit","floor":15.0,"key":"SMITH"},{"data":"Shockwave","floor":23.0,"key":"SMITH"},{"data":"Perfected Strike","floor":25.0,"key":"SMITH"},{"data":"Double Tap","floor":27.0,"key":"SMITH"},{"floor":32.0,"key":"REST"},{"data":"Disarm","floor":41.0,"key":"SMITH"},{"floor":49.0,"key":"RECALL"},{"data":"Exhume","floor":53,"key":"SMITH"}],"neow_cost":"NONE","seed_source_timestamp":643285879354600,"circlet_count":0,"master_deck":["AscendersBane","Strike_R","Strike_R","Strike_R","Defend_R","Defend_R","Defend_R","Defend_R","Bash","Pommel Strike+1","Perfected Strike+1","Corruption","Inflame+1","Perfected Strike+1","Twin Strike","Reaper","True Grit+1","Double Tap+1","Twin Strike","Shockwave+1","Disarm+1","Perfected Strike+1","Power Through","Perfected Strike+1","Anger","Necronomicurse","Exhume+1","Flame Barrier","Evolve","Impervious","Master of Strategy","Seeing Red+1","Shrug It Off+1","Flame Barrier"],"special_seed":0,"relics":["Burning Blood","Anchor","Oddly Smooth Stone","Smiling Mask","Shuriken","Velvet Choker","DollysMirror","Tiny Chest","Darkstone Periapt","Ancient Tea Set","Necronomicon","Tiny House","Membership Card","Omamori","Ginger","Pantograph","Strawberry","Pocketwatch","Bottled Lightning"],"potions_floor_usage":[51,55],"damage_taken":[{"damage":13.0,"enemies":"Cultist","floor":1.0,"turns":5.0},{"damage":0.0,"enemies":"2 Louse","floor":2.0,"turns":2.0},{"damage":0.0,"enemies":"Jaw Worm","floor":4.0,"turns":3.0},{"damage":31.0,"enemies":"Gremlin Nob","floor":6.0,"turns":4.0},{"damage":2.0,"enemies":"Large Slime","floor":8.0,"turns":4.0},{"damage":0.0,"enemies":"Looter","floor":10.0,"turns":2.0},{"damage":14.0,"enemies":"3 Sentries","floor":11.0,"turns":6.0},{"damage":0.0,"enemies":"2 Fungi Beasts","floor":13.0,"turns":3.0},{"damage":16.0,"enemies":"Blue Slaver","floor":14.0,"turns":5.0},{"damage":65.0,"enemies":"Hexaghost","floor":16.0,"turns":9.0},{"damage":11.0,"enemies":"2 Thieves","floor":18.0,"turns":3.0},{"damage":10.0,"enemies":"3 Byrds","floor":19.0,"turns":5.0},{"damage":51.0,"enemies":"Cultist and Chosen","floor":20.0,"turns":6.0},{"damage":2.0,"enemies":"Centurion and Healer","floor":22.0,"turns":4.0},{"damage":31.0,"enemies":"Book of Stabbing","floor":24.0,"turns":4.0},{"damage":12.0,"enemies":"Snecko","floor":28.0,"turns":3.0},{"damage":20.0,"enemies":"Slavers","floor":29.0,"turns":4.0},{"damage":9.0,"enemies":"Shelled Parasite and Fungi","floor":30.0,"turns":3.0},{"damage":22.0,"enemies":"Automaton","floor":33.0,"turns":6.0},{"damage":4.0,"enemies":"Orb Walker","floor":35.0,"turns":3.0},{"damage":37.0,"enemies":"3 Darklings","floor":37.0,"turns":6.0},{"damage":11.0,"enemies":"Nemesis","floor":40.0,"turns":5.0},{"damage":18.0,"enemies":"Giant Head","floor":42.0,"turns":4.0},{"damage":2.0,"enemies":"Nemesis","floor":44.0,"turns":3.0},{"damage":26.0,"enemies":"4 Shapes","floor":45.0,"turns":6.0},{"damage":23.0,"enemies":"Jaw Worm Horde","floor":47.0,"turns":4.0},{"damage":32.0,"enemies":"3 Darklings","floor":48.0,"turns":6.0},{"damage":91.0,"enemies":"Donu and Deca","floor":50.0,"turns":9.0},{"damage":94,"enemies":"Awakened One","floor":51,"turns":12},{"damage":57,"enemies":"Shield and Spear","floor":55,"turns":6},{"damage":80,"enemies":"The Heart","floor":56,"turns":3}],"seed_played":"-5628420949387932405","potions_obtained":[{"floor":1.0,"key":"FearPotion"},{"floor":2.0,"key":"Regen Potion"},{"floor":6.0,"key":"Fruit Juice"},{"floor":10.0,"key":"BloodPotion"},{"floor":13.0,"key":"Fire Potion"},{"floor":24.0,"key":"Explosive Potion"},{"floor":28.0,"key":"Fire Potion"},{"floor":29.0,"key":"Block Potion"},{"floor":34.0,"key":"Strength Potion"},{"floor":42.0,"key":"Fire Potion"},{"floor":44.0,"key":"GamblersBrew"},{"floor":48.0,"key":"LiquidBronze"}],"is_trial":false,"path_per_floor":["M","M","?","M","?","E","R","M","T","M","E","R","M","M","R","B",null,"M","M","M","$","M","R","E","R","T","R","M","E","M","?","R","B",null,"M","?","M","?","$","E","R","E","T","E","M","T","M","M","R","B","B",null,"R","$","E","B"],"character_chosen":"IRONCLAD","items_purchased":["Disarm","DollysMirror","Membership Card","Impervious","Master of Strategy","Pocketwatch","SneckoOil"],"campfire_rested":1,"item_purchase_floors":[21,21,39,39,39,54,54],"current_hp_per_floor":[61,67,67,73,78,53,53,57,57,68,60,60,66,63,63,12,67,76,76,40,40,56,56,52,52,52,52,46,32,29,14,41,25,92,94,94,89,89,89,86,86,79,79,83,63,70,67,83,83,47,8,76,76,76,25,0],"gold":51,"neow_bonus":"RANDOM_COMMON_RELIC","is_prod":false,"is_daily":false,"chose_seed":false,"campfire_upgraded":8,"win_rate":0,"timestamp":1565518238,"path_taken":["M","M","?","M","?","E","R","M","T","M","E","R","M","M","R","BOSS","M","M","M","$","M","R","E","R","T","R","M","E","M","?","R","BOSS","M","?","M","?","$","E","R","E","T","E","M","?","M","M","R","BOSS","BOSS","R","$","E","BOSS"],"build_version":"2019-07-17","purchased_purges":1,"victory":false,"max_hp_per_floor":[75,75,75,75,80,80,80,80,80,85,85,85,85,85,85,85,85,85,85,85,85,85,85,85,85,85,85,85,85,85,91,91,91,96,96,96,96,91,91,91,91,91,91,91,91,98,98,98,98,98,98,98,98,98,98,98],"card_choices":[{"not_picked":["Evolve","Iron Wave"],"picked":"Pommel Strike","floor":1.0},{"not_picked":["Wild Strike","Clothesline"],"picked":"Perfected Strike","floor":2.0},{"not_picked":["Heavy Blade","Clash"],"picked":"Corruption","floor":4.0},{"not_picked":["Battle Trance","Shrug It Off"],"picked":"Inflame","floor":6.0},{"not_picked":["Sword Boomerang","Thunderclap"],"picked":"Perfected Strike","floor":8.0},{"not_picked":["Havoc","Iron Wave","Sword Boomerang"],"picked":"SKIP","floor":10.0},{"not_picked":["Clothesline","Rampage"],"picked":"Twin Strike","floor":11.0},{"not_picked":["Rage","Ghostly Armor"],"picked":"Reaper","floor":13.0},{"not_picked":["Entrench","Bloodletting"],"picked":"True Grit","floor":14.0},{"not_picked":["Exhume","Bludgeon"],"picked":"Double Tap","floor":16.0},{"not_picked":["Sword Boomerang","Warcry"],"picked":"Twin Strike","floor":18.0},{"not_picked":["True Grit","Bloodletting"],"picked":"Shockwave","floor":19.0},{"not_picked":["Burning Pact","Havoc","Rupture"],"picked":"SKIP","floor":20.0},{"not_picked":["Warcry","True Grit"],"picked":"Power Through","floor":22.0},{"not_picked":["Havoc","Ghostly Armor"],"picked":"Perfected Strike","floor":24.0},{"not_picked":["Reckless Charge","Rupture","Clothesline"],"picked":"SKIP","floor":28.0},{"not_picked":["Brutality","Dark Embrace"],"picked":"Anger","floor":29.0},{"not_picked":["Warcry","Metallicize","Cleave"],"picked":"SKIP","floor":30.0},{"not_picked":["Double Tap","Berserk"],"picked":"Exhume","floor":33.0},{"not_picked":["Twin Strike","Pommel Strike"],"picked":"Flame Barrier","floor":34.0},{"not_picked":["Sentinel","Anger","Corruption"],"picked":"SKIP","floor":35.0},{"not_picked":["Twin Strike","Rupture+1"],"picked":"Evolve","floor":37.0},{"not_picked":["Clash","Berserk","Warcry"],"picked":"SKIP","floor":40.0},{"not_picked":["Flex+1","Combust","Headbutt+1"],"picked":"SKIP","floor":42.0},{"not_picked":["Warcry+1","Anger","Iron Wave"],"picked":"SKIP","floor":44.0},{"not_picked":["Heavy Blade","Searing Blow+1"],"picked":"Seeing Red+1","floor":45.0},{"not_picked":["Sentinel","Havoc+1","Rage+1"],"picked":"SKIP","floor":47.0},{"not_picked":["Clash","Spot Weakness+1"],"picked":"Shrug It Off+1","floor":48.0},{"not_picked":["Clash","Battle Trance"],"picked":"Flame Barrier","floor":55}],"player_experience":769823,"relics_obtained":[{"floor":6.0,"key":"Oddly Smooth Stone"},{"floor":9.0,"key":"Smiling Mask"},{"floor":11.0,"key":"Shuriken"},{"floor":24.0,"key":"Tiny Chest"},{"floor":26.0,"key":"Darkstone Periapt"},{"floor":29.0,"key":"Ancient Tea Set"},{"floor":31.0,"key":"Necronomicon"},{"floor":40.0,"key":"Omamori"},{"floor":42.0,"key":"Ginger"},{"floor":44.0,"key":"Pantograph"},{"floor":46.0,"key":"Strawberry"},{"floor":55,"key":"Bottled Lightning"}],"event_choices":[{"damage_healed":0.0,"max_hp_gain":0.0,"max_hp_loss":0.0,"gold_gain":0.0,"event_name":"Living Wall","player_choice":"Grow","floor":3.0,"gold_loss":0.0,"damage_taken":0.0,"cards_upgraded":["Perfected Strike"]},{"damage_healed":0.0,"max_hp_gain":5.0,"max_hp_loss":0.0,"gold_gain":0.0,"event_name":"Big Fish","player_choice":"Donut","floor":5.0,"gold_loss":0.0,"damage_taken":0.0},{"damage_healed":0.0,"max_hp_gain":0.0,"max_hp_loss":0.0,"gold_gain":0.0,"event_name":"Cursed Tome","player_choice":"Obtained Book","floor":31.0,"gold_loss":0.0,"damage_taken":21.0},{"cards_removed":["Strike_R"],"damage_healed":0.0,"max_hp_gain":0.0,"max_hp_loss":0.0,"gold_gain":0.0,"event_name":"Falling","player_choice":"Removed Attack","floor":36.0,"gold_loss":0.0,"damage_taken":0.0},{"damage_healed":0.0,"max_hp_gain":0.0,"max_hp_loss":5.0,"gold_gain":0.0,"event_name":"Winding Halls","player_choice":"Max HP","floor":38.0,"gold_loss":0.0,"damage_taken":0.0}],"is_beta":false,"boss_relics":[{"not_picked":["Sozu","Orrery"],"picked":"Velvet Choker"},{"not_picked":["White Beast Statue","Lizard Tail"],"picked":"Tiny House"}],"items_purged_floors":[21],"is_endless":false,"potions_floor_spawned":[1,2,6,10,13,16,20,24,28,29,30,37,42,44,48],"killed_by":"The Heart","ascension_level":20}