{"gold_per_floor":[110,110,125,144,0,0,28,39,94,94,111,111,111,121,121,223,223,242,260,81,97,114,114,130,143,143,178,178,191,191,204,204,308,308,324,324,324],"floor_reached":37,"playtime":2310,"items_purged":["Strike_B","Defend_B"],"score":395,"play_id":"f7ee0d7e-c388-49f2-bab5-caf32faf948f","local_time":"20190831162115","is_ascension_mode":false,"campfire_choices":[{"data":"Defragment","floor":6,"key":"SMITH"},{"data":"Defragment","floor":10,"key":"SMITH"},{"data":"Self Repair","floor":12,"key":"SMITH"},{"data":"Fusion","floor":15,"key":"SMITH"},{"data":"Self Repair","floor":23,"key":"SMITH"},{"data":"Electrodynamics","floor":28,"key":"SMITH"},{"data":"Tempest","floor":32,"key":"SMITH"}],"neow_cost":"NONE","seed_source_timestamp":1291805697251500,"circlet_count":0,"master_deck":["Defend_B","Zap","Dualcast","BootSequence","Defragment+1","Ball Lightning","Defragment+1","Machine Learning","Storm","Self Repair+1","Fusion+1","Electrodynamics+1","White Noise+1","Redo+1","Compile Driver+1","Stack","Redo","Self Repair+1","Hologram+1","Leap+1","Auto Shields+1","BootSequence","Hello World+1","Hologram","Tempest+1","Rebound+1","Echo Form","Doubt","Decay","Injury","BootSequence+1"],"relics":["Cracked Core","NeowsBlessing","Kunai","Blood Vial","Oddly Smooth Stone","Astrolabe","Matryoshka","Orichalcum","Calling Bell","Vajra","Ornamental Fan","Thread and Needle"],"potions_floor_usage":[16,16,21,33,33,37,37],"damage_taken":[{"damage":0,"enemies":"Small Slimes","floor":1,"turns":1},{"damage":0,"enemies":"2 Louse","floor":3,"turns":1},{"damage":0,"enemies":"Cultist","floor":4,"turns":1},{"damage":2,"enemies":"Gremlin Nob","floor":7,"turns":3},{"damage":6,"enemies":"Large Slime","floor":8,"turns":6},{"damage":1,"enemies":"2 Fungi Beasts","floor":11,"turns":3},{"damage":13,"enemies":"Blue Slaver","floor":14,"turns":3},{"damage":40,"enemies":"Hexaghost","floor":16,"turns":8},{"damage":5,"enemies":"3 Byrds","floor":18,"turns":3},{"damage":0,"enemies":"Spheric Guardian","floor":19,"turns":3},{"damage":0,"enemies":"Chosen and Byrds","floor":21,"turns":4},{"damage":24,"enemies":"Centurion and Healer","floor":22,"turns":4},{"damage":25,"enemies":"Snake Plant","floor":24,"turns":4},{"damage":36,"enemies":"3 Cultists","floor":25,"turns":4},{"damage":29,"enemies":"Slavers","floor":27,"turns":4},{"damage":14,"enemies":"Sentry and Sphere","floor":29,"turns":4},{"damage":18,"enemies":"Shelled Parasite and Fungi","floor":31,"turns":5},{"damage":37,"enemies":"Champ","floor":33,"turns":8},{"damage":0,"enemies":"3 Shapes","floor":35,"turns":2},{"damage":88,"enemies":"Time Eater","floor":37,"turns":11}],"seed_played":"861989627987637546","potions_obtained":[{"floor":7,"key":"AttackPotion"},{"floor":11,"key":"Energy Potion"},{"floor":19,"key":"EssenceOfSteel"},{"floor":25,"key":"Strength Potion"},{"floor":27,"key":"FearPotion"},{"floor":29,"key":"AttackPotion"},{"floor":33,"key":"PowerPotion"},{"floor":35,"key":"Weak Potion"}],"is_trial":false,"path_per_floor":["M","?","M","M","$","R","E","M","T","R","M","R","?","M","R","B",null,"M","M","$","M","M","R","M","M","T","E","R","M","?","M","R","B",null,"M","?","B"],"character_chosen":"DEFECT","items_purchased":["Defragment","Self Repair"],"campfire_rested":0,"item_purchase_floors":[5,20],"current_hp_per_floor":[75,63,63,63,63,63,61,57,57,57,58,58,63,62,62,34,80,80,80,80,80,73,73,70,56,56,49,49,47,47,51,51,26,80,80,80,0],"gold":324,"neow_bonus":"THREE_ENEMY_KILL","is_prod":false,"is_daily":false,"chose_seed":false,"campfire_upgraded":7,"win_rate":0.0,"timestamp":1567293675,"path_taken":["M","?","M","M","$","R","E","M","T","R","M","R","?","M","R","BOSS","M","M","$","M","M","R","M","M","T","E","R","M","?","M","R","BOSS","M","?","BOSS"],"build_version":"2019-07-17","purchased_purges":2,"victory":false,"max_hp_per_floor":[75,75,75,75,75,75,75,75,75,75,75,75,80,80,80,80,80,80,80,80,80,80,80,80,80,80,80,80,80,80,80,80,80,80,80,80,80],"card_choices":[{"not_picked":["Redo","Rebound"],"picked":"BootSequence","floor":1},{"not_picked":["Gash","Hologram"],"picked":"Defragment","floor":3},{"not_picked":["Coolheaded","Stack"],"picked":"Ball Lightning","floor":4},{"not_picked":["Streamline","Genetic Algorithm"],"picked":"Machine Learning","floor":7},{"not_picked":["Static Discharge","Conserve Battery"],"picked":"Storm","floor":8},{"not_picked":["Go for the Eyes","Gash"],"picked":"Self Repair","floor":11},{"not_picked":["Gash","Beam Cell"],"picked":"Fusion","floor":14},{"not_picked":["Seek","Rainbow"],"picked":"Electrodynamics","floor":16},{"not_picked":["Rip and Tear","Consume+1"],"picked":"Stack","floor":18},{"not_picked":["Leap+1","Cold Snap"],"picked":"Redo","floor":19},{"not_picked":["Steam Power+1","Gash"],"picked":"Hologram+1","floor":21},{"not_picked":["Auto Shields","Streamline","Steam Power"],"picked":"SKIP","floor":22},{"not_picked":["Beam Cell","Hologram"],"picked":"Leap+1","floor":24},{"not_picked":["Glacier","Lockon"],"picked":"Auto Shields+1","floor":25},{"not_picked":["Blizzard","Coolheaded"],"picked":"BootSequence","floor":27},{"not_picked":["Barrage","Compile Driver"],"picked":"Hello World+1","floor":29},{"not_picked":["Go for the Eyes","Barrage"],"picked":"Rebound+1","floor":31},{"not_picked":["Seek","All For One"],"picked":"Echo Form","floor":33},{"not_picked":["Rebound","Conserve Battery"],"picked":"BootSequence+1","floor":35}],"player_experience":49041,"relics_obtained":[{"floor":7,"key":"Blood Vial"},{"floor":9,"key":"Oddly Smooth Stone"},{"floor":26,"key":"Matryoshka"},{"floor":27,"key":"Orichalcum"},{"floor":34,"key":"Vajra"},{"floor":34,"key":"Ornamental Fan"},{"floor":34,"key":"Thread and Needle"}],"event_choices":[{"damage_healed":0,"gold_gain":0,"player_choice":"Success","damage_taken":12,"relics_obtained":["Kunai"],"max_hp_gain":0,"max_hp_loss":0,"event_name":"Scrap Ooze","floor":2,"gold_loss":0},{"damage_healed":0,"gold_gain":0,"player_choice":"Donut","damage_taken":0,"max_hp_gain":5,"max_hp_loss":0,"event_name":"Big Fish","floor":13,"gold_loss":0},{"damage_healed":0,"gold_gain":0,"cards_transformed":["Defend_B","Defend_B"],"player_choice":"Became Test Subject","damage_taken":0,"max_hp_gain":0,"max_hp_loss":0,"event_name":"Drug Dealer","floor":30,"gold_loss":0,"cards_obtained":["Hologram","Tempest"]},{"damage_healed":0,"gold_gain":0,"player_choice":"Took Portal","damage_taken":0,"max_hp_gain":0,"max_hp_loss":0,"event_name":"SecretPortal","floor":36,"gold_loss":0}],"is_beta":false,"boss_relics":[{"not_picked":["Cursed Key","Snecko Eye"],"picked":"Astrolabe"},{"not_picked":["Black Star","Sozu"],"picked":"Calling Bell"}],"items_purged_floors":[5,20],"is_endless":false,"potions_floor_spawned":[7,11,19,25,27,29,31,33,35],"killed_by":"Time Eater","ascension_level":0}