{"gold_per_floor":[114,38,52,52,72,72,101,113,137,154,154,154,166,196,196,267,267,240,240,254,36,36,36,70,70,93,93],"floor_reached":27,"playtime":967,"items_purged":[],"score":482,"play_id":"eb7a483d-d19a-4338-9704-dc272b077fc7","local_time":"20190812202825","is_ascension_mode":true,"campfire_choices":[{"data":"Pommel Strike","floor":6,"key":"SMITH"},{"data":"True Grit","floor":11,"key":"SMITH"},{"data":"Uppercut","floor":15,"key":"SMITH"},{"data":"Disarm","floor":23,"key":"SMITH"},{"floor":25,"key":"REST"}],"neow_cost":"NONE","seed_source_timestamp":793540602660900,"circlet_count":0,"master_deck":["AscendersBane","Strike_R","Strike_R","Strike_R","Strike_R","Strike_R","Defend_R","Defend_R","Defend_R","Defend_R","Bash+1","Uppercut+1","Pommel Strike+1","Rampage+1","Metallicize","True Grit+1","Offering","Headbutt","Impervious+1","Shrug It Off+1","Disarm+1","Armaments+1"],"relics":["Burning Blood","Whetstone","Strawberry","Ancient Tea Set","Runic Pyramid","Nilry\u0027s Codex","Strange Spoon","Centennial Puzzle","War Paint"],"potions_floor_usage":[14,27,27],"damage_taken":[{"damage":6,"enemies":"Cultist","floor":1,"turns":4},{"damage":4,"enemies":"Jaw Worm","floor":3,"turns":4},{"damage":5,"enemies":"2 Louse","floor":5,"turns":3},{"damage":6,"enemies":"Gremlin Nob","floor":7,"turns":3},{"damage":24,"enemies":"Exordium Thugs","floor":8,"turns":3},{"damage":7,"enemies":"2 Fungi Beasts","floor":10,"turns":4},{"damage":1,"enemies":"Exordium Wildlife","floor":13,"turns":3},{"damage":33,"enemies":"3 Sentries","floor":14,"turns":7},{"damage":30,"enemies":"Hexaghost","floor":16,"turns":8},{"damage":17,"enemies":"2 Thieves","floor":18,"turns":4},{"damage":6,"enemies":"Spheric Guardian","floor":20,"turns":5},{"damage":24,"enemies":"Book of Stabbing","floor":24,"turns":9},{"damage":43,"enemies":"Slavers","floor":27,"turns":6}],"seed_played":"2792024275603221668","potions_obtained":[{"floor":5,"key":"LiquidBronze"},{"floor":8,"key":"Strength Potion"},{"floor":10,"key":"Strength Potion"},{"floor":14,"key":"EssenceOfSteel"}],"is_trial":false,"path_per_floor":["M","$","M","$","M","R","E","M","T","M","R","?","M","E","R","B",null,"M","?","M","$","?","R","E","R","T","E"],"character_chosen":"IRONCLAD","items_purchased":["Rampage","Strange Spoon"],"campfire_rested":1,"item_purchase_floors":[2,21],"current_hp_per_floor":[68,68,70,70,71,71,71,53,60,59,59,59,64,37,37,13,65,54,33,33,33,33,33,15,39,39,0],"gold":93,"neow_bonus":"THREE_CARDS","is_prod":false,"is_daily":false,"chose_seed":false,"campfire_upgraded":4,"win_rate":0,"timestamp":1565666905,"path_taken":["M","?","M","$","M","R","E","M","T","?","R","?","M","E","R","BOSS","M","?","M","$","?","R","E","R","T","E"],"build_version":"2019-07-17","purchased_purges":0,"victory":false,"max_hp_per_floor":[75,75,75,75,75,75,75,75,82,82,82,82,82,82,82,82,82,82,82,82,82,82,82,82,82,82,82],"card_choices":[{"not_picked":["Ghostly Armor","Havoc"],"picked":"Uppercut","floor":0},{"not_picked":["Infernal Blade","Dual Wield"],"picked":"Pommel Strike","floor":1},{"not_picked":["Sword Boomerang","Sentinel","Havoc"],"picked":"SKIP","floor":3},{"not_picked":["Cleave","Armaments","Wild Strike"],"picked":"SKIP","floor":5},{"not_picked":["Sever Soul","Clothesline","Hemokinesis"],"picked":"SKIP","floor":7},{"not_picked":["Thunderclap","Warcry"],"picked":"Metallicize","floor":8},{"not_picked":["Dropkick","Thunderclap"],"picked":"True Grit","floor":10},{"not_picked":["Clothesline","Pummel"],"picked":"Offering","floor":13},{"not_picked":["Flex","Intimidate"],"picked":"Headbutt","floor":14},{"not_picked":["Demon Form","Limit Break"],"picked":"Impervious","floor":16},{"not_picked":["Carnage+1","Anger"],"picked":"Shrug It Off","floor":18},{"not_picked":["Shrug It Off","Rampage"],"picked":"Disarm","floor":20},{"not_picked":["Havoc","Whirlwind"],"picked":"Armaments+1","floor":24}],"player_experience":782494,"relics_obtained":[{"floor":7,"key":"Whetstone"},{"floor":9,"key":"Strawberry"},{"floor":14,"key":"Ancient Tea Set"},{"floor":19,"key":"Nilry\u0027s Codex"},{"floor":24,"key":"Centennial Puzzle"},{"floor":26,"key":"War Paint"}],"event_choices":[{"damage_healed":0,"gold_gain":0,"player_choice":"Got Potions","damage_taken":0,"max_hp_gain":0,"max_hp_loss":0,"event_name":"Lab","floor":12,"gold_loss":0},{"damage_healed":0,"gold_gain":0,"player_choice":"Obtained Book","damage_taken":21,"max_hp_gain":0,"max_hp_loss":0,"event_name":"Cursed Tome","floor":19,"gold_loss":0},{"damage_healed":0,"gold_gain":0,"player_choice":"Ignored","damage_taken":0,"max_hp_gain":0,"max_hp_loss":0,"event_name":"N\u0027loth","floor":22,"gold_loss":0}],"is_beta":false,"boss_relics":[{"not_picked":["Tiny House","Empty Cage"],"picked":"Runic Pyramid"}],"items_purged_floors":[],"is_endless":false,"potions_floor_spawned":[5,8,10,13,14,18],"killed_by":"Slavers","ascension_level":20}