{"gold_per_floor":[117,117,87,107,119,139,139,52,52,52,80,80,94,104,104,104],"floor_reached":16,"playtime":609,"items_purged":[],"score":204,"play_id":"974c3dca-5df5-49e9-8f9a-d93f1774fbc6","local_time":"20190430221742","is_ascension_mode":true,"campfire_choices":[{"data":"Blood for Blood","floor":7,"key":"SMITH"},{"data":"Rampage","floor":12,"key":"SMITH"},{"data":"True Grit","floor":15,"key":"SMITH"}],"neow_cost":"NONE","seed_source_timestamp":334647112092200,"circlet_count":0,"master_deck":["AscendersBane","Strike_R","Strike_R","Strike_R","Strike_R","Strike_R","Defend_R","Defend_R","Defend_R","Defend_R","Bash","Headbutt","Blood for Blood+1","Rampage+1","Clothesline","Shrug It Off","True Grit+1"],"relics":["Burning Blood","NeowsBlessing","Meat on the Bone","Omamori"],"potions_floor_usage":[11,13,16,16,16,16],"damage_taken":[{"damage":0,"enemies":"2 Louse","floor":1,"turns":1},{"damage":0,"enemies":"Small Slimes","floor":4,"turns":1},{"damage":0,"enemies":"Cultist","floor":5,"turns":1},{"damage":26,"enemies":"Red Slaver","floor":6,"turns":5},{"damage":30,"enemies":"Lagavulin","floor":11,"turns":7},{"damage":31,"enemies":"Lots of Slimes","floor":13,"turns":5},{"damage":16,"enemies":"Blue Slaver","floor":14,"turns":4},{"damage":61,"enemies":"Slime Boss","floor":16,"turns":7}],"seed_played":"-7079627745084520304","potions_obtained":[{"floor":3,"key":"Swift Potion"},{"floor":3,"key":"Weak Potion"},{"floor":13,"key":"Fruit Juice"},{"floor":14,"key":"EntropicBrew"}],"is_trial":false,"path_per_floor":["M","?","?","M","M","M","R","$","T","$","E","R","M","M","R","B"],"character_chosen":"IRONCLAD","items_purchased":["Rampage"],"campfire_rested":0,"item_purchase_floors":[8],"current_hp_per_floor":[74,74,74,75,75,55,55,55,55,55,43,43,35,37,37,0],"gold":104,"neow_bonus":"THREE_ENEMY_KILL","is_prod":false,"is_daily":false,"chose_seed":false,"campfire_upgraded":3,"win_rate":0,"timestamp":1556677062,"path_taken":["M","?","?","?","M","M","R","$","T","?","E","R","?","M","R","BOSS"],"build_version":"2019-01-23","purchased_purges":0,"victory":false,"max_hp_per_floor":[75,75,75,75,75,75,75,75,75,75,75,75,80,80,80,80],"card_choices":[{"not_picked":["Sword Boomerang","Thunderclap"],"picked":"Headbutt","floor":1},{"not_picked":["Clash","Burning Pact","Heavy Blade"],"picked":"SKIP","floor":4},{"not_picked":["Armaments","Seeing Red","Flex"],"picked":"SKIP","floor":5},{"not_picked":["Armaments","Seeing Red","Flex"],"picked":"SKIP","floor":5},{"not_picked":["Sever Soul","Thunderclap"],"picked":"Blood for Blood","floor":6},{"not_picked":["Perfected Strike","Flex"],"picked":"Clothesline","floor":11},{"not_picked":["True Grit","Body Slam"],"picked":"Shrug It Off","floor":13},{"not_picked":["Sever Soul","Iron Wave"],"picked":"True Grit","floor":14}],"player_experience":736218,"relics_obtained":[{"floor":9,"key":"Meat on the Bone"},{"floor":11,"key":"Omamori"}],"event_choices":[{"damage_healed":0,"gold_gain":0,"player_choice":"Ignored","damage_taken":0,"max_hp_gain":0,"max_hp_loss":0,"event_name":"Liars Game","floor":2,"gold_loss":0},{"damage_healed":0,"gold_gain":0,"player_choice":"Bought 2 Potions","damage_taken":0,"max_hp_gain":0,"max_hp_loss":0,"event_name":"The Woman in Blue","floor":3,"gold_loss":0}],"is_beta":false,"boss_relics":[],"items_purged_floors":[],"is_endless":false,"potions_floor_spawned":[5,13,14],"killed_by":"Slime Boss","ascension_level":20}