{"gold_per_floor":[112,112,131,39,11,37,37,55,55,86,86,86,105,5,5,82,82,100,118,168,180,27,27,39,39],"floor_reached":25,"playtime":714,"items_purged":["Strike_R"],"score":472,"play_id":"c4e481eb-ff57-4691-a623-d1185ec5ec43","local_time":"20190714022016","is_ascension_mode":true,"campfire_choices":[{"data":"Demon Form","floor":7.0,"key":"SMITH"},{"data":"Perfected Strike","floor":11.0,"key":"SMITH"},{"data":"True Grit","floor":15.0,"key":"SMITH"},{"data":"Immolate","floor":23.0,"key":"SMITH"}],"neow_cost":"NONE","seed_source_timestamp":368425844494900,"circlet_count":0,"master_deck":["AscendersBane","Strike_R","Strike_R","Strike_R","Strike_R","Defend_R","Defend_R","Defend_R","Defend_R","Bash","Impervious","Perfected Strike+1","Demon Form+1","Carnage","Corruption","Twin Strike","Battle Trance","Twin Strike","Immolate+1","True Grit+1","Reaper","Pommel Strike+1","Feed","Clothesline"],"special_seed":0,"relics":["Burning Blood","Singing Bowl","Question Card","Potion Belt","Busted Crown"],"potions_floor_usage":[25],"damage_taken":[{"damage":0.0,"enemies":"Small Slimes","floor":1.0,"turns":4.0},{"damage":6.0,"enemies":"Cultist","floor":3.0,"turns":3.0},{"damage":0.0,"enemies":"Lagavulin","floor":6.0,"turns":5.0},{"damage":7.0,"enemies":"2 Louse","floor":8.0,"turns":3.0},{"damage":20.0,"enemies":"3 Sentries","floor":10.0,"turns":6.0},{"damage":25.0,"enemies":"Gremlin Gang","floor":13.0,"turns":4.0},{"damage":37.0,"enemies":"Hexaghost","floor":16.0,"turns":7.0},{"damage":0.0,"enemies":"Chosen","floor":18.0,"turns":5.0},{"damage":21.0,"enemies":"Shell Parasite","floor":19.0,"turns":2.0},{"damage":25.0,"enemies":"Chosen and Byrds","floor":21.0,"turns":6.0},{"damage":41.0,"enemies":"Snake Plant","floor":24.0,"turns":6.0},{"damage":27,"enemies":"Shelled Parasite and Fungi","floor":25,"turns":1}],"seed_played":"-3937825062529871856","potions_obtained":[{"floor":1.0,"key":"Weak Potion"},{"floor":6.0,"key":"Explosive Potion"},{"floor":21.0,"key":"Ancient Potion"},{"floor":24.0,"key":"SkillPotion"}],"is_trial":false,"path_per_floor":["M","?","M","$","$","E","R","M","T","E","R","?","M","$","R","B",null,"M","M","?","M","$","R","M","M"],"character_chosen":"IRONCLAD","items_purchased":["Corruption","SteroidPotion","Twin Strike","True Grit","Feed"],"campfire_rested":0,"item_purchase_floors":[4,4,5,14,22],"current_hp_per_floor":[74,74,74,74,74,75,75,74,74,60,60,60,43,43,43,12,61,69,54,54,43,43,43,11,0],"gold":39,"neow_bonus":"ONE_RANDOM_RARE_CARD","is_prod":false,"is_daily":false,"chose_seed":false,"campfire_upgraded":4,"win_rate":0,"timestamp":1563096016,"path_taken":["M","?","M","?","$","E","R","M","T","E","R","?","M","$","R","BOSS","M","M","?","M","$","R","M","?"],"build_version":"2019-07-05","purchased_purges":1,"victory":false,"max_hp_per_floor":[75,75,75,75,75,75,75,75,75,75,75,75,77,77,77,77,77,79,79,79,81,81,81,84,84],"card_choices":[{"not_picked":["Flame Barrier","Cleave"],"picked":"Perfected Strike","floor":1.0},{"not_picked":["Searing Blow","Iron Wave"],"picked":"Carnage","floor":3.0},{"not_picked":["Inflame","Thunderclap"],"picked":"Battle Trance","floor":6.0},{"not_picked":["Burning Pact","Rampage"],"picked":"Twin Strike","floor":8.0},{"not_picked":["Flame Barrier","True Grit","Pummel"],"picked":"Immolate","floor":10.0},{"not_picked":["Hemokinesis","Pummel","Bloodletting","Wild Strike"],"picked":"Singing Bowl","floor":13.0},{"not_picked":["Dark Embrace","Exhume","Demon Form"],"picked":"Reaper","floor":16.0},{"not_picked":["Wild Strike","Pommel Strike"],"picked":"Singing Bowl","floor":18.0},{"not_picked":["Flex"],"picked":"Pommel Strike+1","floor":19.0},{"not_picked":["Headbutt","Warcry"],"picked":"Singing Bowl","floor":21.0},{"not_picked":["True Grit"],"picked":"Clothesline","floor":24.0}],"player_experience":657631,"relics_obtained":[{"floor":6.0,"key":"Singing Bowl"},{"floor":9.0,"key":"Question Card"},{"floor":10.0,"key":"Potion Belt"}],"event_choices":[{"damage_healed":0.0,"max_hp_gain":0.0,"max_hp_loss":0.0,"gold_gain":0.0,"event_name":"Match and Keep!","player_choice":"1 cards matched","floor":2.0,"gold_loss":0.0,"damage_taken":0.0,"cards_obtained":["Demon Form"]},{"damage_healed":0.0,"max_hp_gain":0.0,"max_hp_loss":0.0,"gold_gain":0.0,"event_name":"The Cleric","player_choice":"Leave","floor":12.0,"gold_loss":0.0,"damage_taken":0.0},{"damage_healed":0.0,"max_hp_gain":0.0,"max_hp_loss":0.0,"gold_gain":100.0,"event_name":"The Joust","player_choice":"Bet on Murderer","floor":20.0,"gold_loss":50.0,"damage_taken":0.0}],"is_beta":false,"boss_relics":[{"not_picked":["Cursed Key","Ectoplasm"],"picked":"Busted Crown"}],"items_purged_floors":[14],"is_endless":false,"potions_floor_spawned":[1,6,8,21,24],"killed_by":"Shelled Parasite and Fungi","ascension_level":20}