{"gold_per_floor":[14,114,134,134,146,146,159,159,159,16,48,48,25,53,53,53],"floor_reached":16,"playtime":1012,"items_purged":[],"score":108,"play_id":"4fa6b2ff-8d76-4c06-a042-462a84e8c7af","local_time":"20190310200311","is_ascension_mode":false,"campfire_choices":[{"floor":8,"key":"REST"},{"data":"Bandage Up","floor":12,"key":"SMITH"},{"floor":15,"key":"REST"}],"neow_cost":"NO_GOLD","seed_source_timestamp":40450450973462,"circlet_count":0,"master_deck":["Defend_G","Defend_G","Defend_G","Defend_G","Strike_G+1","Strike_G","Strike_G","Strike_G","Strike_G","Survivor","Neutralize","Bandage Up+1","Trip+1","Crippling Poison","Cloak And Dagger","Escape Plan","Deadly Poison","Poisoned Stab"],"relics":["Ring of the Snake","Juzu Bracelet","PreservedInsect","Shuriken","Bag of Preparation"],"potions_floor_usage":[5,7,16],"damage_taken":[{"damage":0,"enemies":"2 Louse","floor":1,"turns":3},{"damage":1,"enemies":"Cultist","floor":3,"turns":4},{"damage":0,"enemies":"Jaw Worm","floor":5,"turns":3},{"damage":12,"enemies":"Large Slime","floor":7,"turns":8},{"damage":15,"enemies":"Gremlin Nob","floor":11,"turns":4},{"damage":13,"enemies":"3 Sentries","floor":14,"turns":5},{"damage":75,"enemies":"The Guardian","floor":16,"turns":10}],"seed_played":"7370092738054843545","potions_obtained":[{"floor":3,"key":"Energy Potion"},{"floor":5,"key":"EssenceOfSteel"},{"floor":11,"key":"FearPotion"}],"is_trial":false,"path_per_floor":["M","?","M","?","M","?","M","R","T","$","E","R","$","E","R","B"],"character_chosen":"THE_SILENT","items_purchased":["PreservedInsect","Poisoned Stab"],"campfire_rested":2,"item_purchase_floors":[10,13],"current_hp_per_floor":[70,70,69,55,59,52,44,65,65,65,54,54,54,47,68,0],"gold":53,"neow_bonus":"RANDOM_COLORLESS_2","is_prod":false,"is_daily":false,"chose_seed":false,"campfire_upgraded":1,"win_rate":0,"timestamp":1552228391,"path_taken":["M","?","?","?","M","?","M","R","T","?","E","R","$","E","R","BOSS"],"build_version":"2019-01-23","purchased_purges":0,"victory":false,"max_hp_per_floor":[70,70,70,70,70,70,70,70,70,70,70,70,70,70,70,70],"card_choices":[{"not_picked":["Escape Plan","Terror"],"picked":"Crippling Poison","floor":1},{"not_picked":["Tactician","Prepared"],"picked":"Cloak And Dagger","floor":3},{"not_picked":["Blur","Blade Dance","Dagger Throw"],"picked":"SKIP","floor":5},{"not_picked":["Dodge and Roll","Distraction"],"picked":"Escape Plan","floor":7},{"not_picked":["Escape Plan","Heel Hook"],"picked":"Deadly Poison","floor":11},{"not_picked":["Acrobatics","Sucker Punch","Eviscerate"],"picked":"SKIP","floor":14}],"player_experience":65449,"relics_obtained":[{"floor":9,"key":"Juzu Bracelet"},{"floor":11,"key":"Shuriken"},{"floor":14,"key":"Bag of Preparation"}],"event_choices":[{"damage_healed":0,"gold_gain":100,"player_choice":"Pray","damage_taken":0,"max_hp_gain":0,"max_hp_loss":0,"event_name":"Golden Shrine","floor":2,"gold_loss":0},{"damage_healed":0,"gold_gain":0,"player_choice":"Entered Light","damage_taken":14,"max_hp_gain":0,"max_hp_loss":0,"event_name":"Shining Light","floor":4,"gold_loss":0,"cards_upgraded":["Strike_G","Trip"]},{"cards_removed":["Defend_G"],"damage_healed":0,"gold_gain":0,"player_choice":"Card Removal","damage_taken":7,"max_hp_gain":0,"max_hp_loss":0,"event_name":"Golden Wing","floor":6,"gold_loss":0}],"is_beta":false,"boss_relics":[],"items_purged_floors":[],"is_endless":false,"potions_floor_spawned":[3,5,11],"killed_by":"The Guardian","ascension_level":0}