{"gold_per_floor":[116,116,129,55,55,55,73,73,73,85,104,104,115,128,128,223,223,235,235,160,160,160,160,131,143,143,143,159,169,169,13,13,13],"floor_reached":33,"playtime":2188,"items_purged":["Strike_B"],"score":239,"play_id":"b8d97b0b-0506-4ac1-b067-f4a75be70455","local_time":"20190826205439","is_ascension_mode":false,"campfire_choices":[{"data":"Go for the Eyes","floor":6,"key":"SMITH"},{"data":"Zap","floor":8,"key":"SMITH"},{"data":"Fusion","floor":12,"key":"SMITH"},{"data":"Leap","floor":15,"key":"SMITH"},{"data":"Buffer","floor":23,"key":"SMITH"},{"data":"Steam","floor":27,"key":"SMITH"},{"data":"Self Repair","floor":30,"key":"SMITH"},{"floor":32,"key":"REST"}],"neow_cost":"NONE","seed_source_timestamp":1820704086301566,"circlet_count":0,"master_deck":["Defend_B","Defend_B","Defend_B","Defend_B","Zap+1","Dualcast","Ball Lightning","Rebound","Go for the Eyes+1","FTL","Undo","Fusion+1","Cold Snap","Steam+1","Leap+1","Buffer+1","Self Repair+1","Conserve Battery","Lockon","Reinforced Body","Ball Lightning","Consume+1","White Noise+1","Capacitor"],"relics":["Cracked Core"],"potions_floor_usage":[18,29,29,29],"damage_taken":[{"damage":1,"enemies":"Jaw Worm","floor":1,"turns":3},{"damage":0,"enemies":"2 Louse","floor":3,"turns":2},{"damage":3,"enemies":"Small Slimes","floor":7,"turns":2},{"damage":13,"enemies":"Gremlin Gang","floor":10,"turns":3},{"damage":13,"enemies":"Exordium Thugs","floor":11,"turns":4},{"damage":6,"enemies":"Exordium Wildlife","floor":13,"turns":3},{"damage":0,"enemies":"Blue Slaver","floor":14,"turns":3},{"damage":21,"enemies":"Hexaghost","floor":16,"turns":13},{"damage":10,"enemies":"Spheric Guardian","floor":18,"turns":4},{"damage":23,"enemies":"2 Thieves","floor":24,"turns":5},{"damage":5,"enemies":"Chosen and Byrds","floor":25,"turns":9},{"damage":0,"enemies":"Snecko","floor":28,"turns":10},{"damage":4,"enemies":"3 Cultists","floor":29,"turns":7},{"damage":82,"enemies":"Collector","floor":33,"turns":12}],"seed_played":"-7357534798359713188","potions_obtained":[{"floor":7,"key":"LiquidBronze"},{"floor":10,"key":"Regen Potion"},{"floor":13,"key":"Dexterity Potion"},{"floor":24,"key":"Swift Potion"}],"is_trial":false,"path_per_floor":["M","?","M","$","?","R","M","R","T","M","M","R","M","M","R","B",null,"M","?","?","?","?","R","M","M","T","R","M","M","R","$","R","B"],"character_chosen":"DEFECT","items_purchased":["FTL","Capacitor"],"campfire_rested":1,"item_purchase_floors":[4,31],"current_hp_per_floor":[74,74,74,74,79,79,76,76,76,63,50,50,44,44,44,23,80,70,55,55,55,55,55,32,27,27,27,34,45,45,45,70,0],"gold":13,"neow_bonus":"THREE_CARDS","is_prod":false,"is_daily":false,"chose_seed":false,"campfire_upgraded":7,"win_rate":0,"timestamp":1566870879,"path_taken":["M","?","M","$","?","R","M","R","T","M","M","R","M","M","R","BOSS","M","?","?","?","?","R","M","M","T","R","M","?","R","?","R","BOSS"],"build_version":"2019-07-17","purchased_purges":1,"victory":false,"max_hp_per_floor":[75,75,75,75,80,80,80,80,80,80,80,80,80,80,80,80,80,80,85,85,85,85,85,85,85,85,85,85,85,85,85,85,85],"card_choices":[{"not_picked":["Coolheaded","Auto Shields"],"picked":"Ball Lightning","floor":0},{"not_picked":["Go for the Eyes","Coolheaded"],"picked":"Rebound","floor":1},{"not_picked":["Ball Lightning","Loop"],"picked":"Go for the Eyes","floor":3},{"not_picked":["Fusion","Stack"],"picked":"Undo","floor":7},{"not_picked":["Gash","Redo"],"picked":"Fusion","floor":10},{"not_picked":["Conserve Battery","Gash"],"picked":"Cold Snap","floor":11},{"not_picked":["Lockon","Steam Power"],"picked":"Steam","floor":13},{"not_picked":["Chaos","Turbo"],"picked":"Leap","floor":14},{"not_picked":["Thunder Strike","Core Surge"],"picked":"Buffer","floor":16},{"not_picked":["Undo","Cold Snap"],"picked":"Self Repair","floor":18},{"not_picked":["Storm","Reprogram+1"],"picked":"Reinforced Body","floor":24},{"not_picked":["Rip and Tear","Melter"],"picked":"Ball Lightning","floor":25},{"not_picked":["Sweeping Beam+1","Double Energy"],"picked":"Consume+1","floor":28},{"not_picked":["Undo+1","Storm"],"picked":"White Noise+1","floor":29}],"player_experience":400953,"relics_obtained":[],"event_choices":[{"damage_healed":0,"gold_gain":0,"player_choice":"Fled","damage_taken":0,"max_hp_gain":0,"max_hp_loss":0,"event_name":"Scrap Ooze","floor":2,"gold_loss":0},{"damage_healed":0,"gold_gain":0,"player_choice":"Donut","damage_taken":0,"max_hp_gain":5,"max_hp_loss":0,"event_name":"Big Fish","floor":5,"gold_loss":0},{"damage_healed":0,"gold_gain":0,"player_choice":"Shed Blood","damage_taken":20,"max_hp_gain":5,"max_hp_loss":0,"event_name":"Forgotten Altar","floor":19,"gold_loss":0},{"cards_removed":["Strike_B"],"damage_healed":0,"gold_gain":0,"player_choice":"Gave Gold","damage_taken":0,"max_hp_gain":0,"max_hp_loss":0,"event_name":"Beggar","floor":20,"gold_loss":75},{"damage_healed":0,"gold_gain":0,"cards_transformed":["Strike_B","Strike_B"],"player_choice":"Became Test Subject","damage_taken":0,"max_hp_gain":0,"max_hp_loss":0,"event_name":"Drug Dealer","floor":21,"gold_loss":0,"cards_obtained":["Conserve Battery","Lockon"]},{"damage_healed":0,"gold_gain":0,"player_choice":"Ignored","damage_taken":0,"max_hp_gain":0,"max_hp_loss":0,"event_name":"WeMeetAgain","floor":22,"gold_loss":0}],"is_beta":false,"boss_relics":[{"not_picked":["Philosopher\u0027s Stone","Snecko Eye","White Beast Statue"]}],"items_purged_floors":[31],"is_endless":false,"potions_floor_spawned":[7,10,13,24],"killed_by":"Collector","ascension_level":0}