{"gold_per_floor":[113,125,275,275,39,39,68,68,68,99,120,120,120,132,132,206,206,222,232,251,264,280,280,314,326,338,370,382,394,423,449,461,473],"floor_reached":33,"playtime":2032,"items_purged":["Doubt"],"score":704,"play_id":"7b06b3d0-099e-4d3c-adf2-1d743e04e269","local_time":"20190704001432","is_ascension_mode":true,"campfire_choices":[{"data":"Neutralize","floor":6.0,"key":"SMITH"},{"data":"All Out Attack","floor":8.0,"key":"SMITH"},{"data":"Envenom","floor":13.0,"key":"SMITH"},{"data":"Bouncing Flask","floor":15.0,"key":"SMITH"},{"floor":23.0,"key":"REST"},{"floor":25,"key":"REST"},{"floor":32,"key":"REST"}],"neow_cost":"NONE","seed_source_timestamp":335413005361800,"circlet_count":0,"master_deck":["AscendersBane","Strike_G","Strike_G","Strike_G+1","Strike_G","Strike_G","Defend_G","Defend_G","Defend_G+1","Defend_G","Defend_G","Survivor","Neutralize+1","Poisoned Stab","All Out Attack+1","After Image","Backflip","Envenom+1","Bouncing Flask+1","Cloak And Dagger","Leg Sweep","Cloak And Dagger+1","Adrenaline","Leg Sweep"],"special_seed":0,"relics":["Ring of the Serpent","NeowsBlessing","Vajra","Mercury Hourglass","Singing Bowl","FossilizedHelix","Odd Mushroom","MawBank","Matryoshka"],"potions_floor_usage":[28,28,33,33],"damage_taken":[{"damage":0.0,"enemies":"Small Slimes","floor":1.0,"turns":1.0},{"damage":0.0,"enemies":"2 Louse","floor":2.0,"turns":1.0},{"damage":0.0,"enemies":"Lagavulin","floor":7.0,"turns":1.0},{"damage":10.0,"enemies":"3 Sentries","floor":10.0,"turns":4.0},{"damage":0.0,"enemies":"The Mushroom Lair","floor":11.0,"turns":2.0},{"damage":0.0,"enemies":"Cultist","floor":14.0,"turns":3.0},{"damage":0.0,"enemies":"The Guardian","floor":16.0,"turns":10.0},{"damage":0.0,"enemies":"3 Byrds","floor":18.0,"turns":4.0},{"damage":11.0,"enemies":"Spheric Guardian","floor":19.0,"turns":4.0},{"damage":10.0,"enemies":"Snake Plant","floor":20.0,"turns":5.0},{"damage":0.0,"enemies":"Centurion and Healer","floor":21.0,"turns":7.0},{"damage":8.0,"enemies":"Shelled Parasite and Fungi","floor":22.0,"turns":7.0},{"damage":47,"enemies":"Slavers","floor":24,"turns":5},{"damage":18,"enemies":"Snake Plant","floor":27,"turns":4},{"damage":0,"enemies":"Colosseum Slavers","floor":28,"turns":3},{"damage":0,"enemies":"3 Cultists","floor":30,"turns":4},{"damage":13,"enemies":"Centurion and Healer","floor":31,"turns":6},{"damage":44,"enemies":"Champ","floor":33,"turns":16}],"seed_played":"1413076991233414612","potions_obtained":[{"floor":2.0,"key":"AttackPotion"},{"floor":11.0,"key":"SkillPotion"},{"floor":16.0,"key":"Block Potion"},{"floor":19.0,"key":"Fire Potion"},{"floor":22.0,"key":"Strength Potion"},{"floor":24,"key":"SteroidPotion"},{"floor":30,"key":"Energy Potion"},{"floor":31,"key":"Block Potion"}],"is_trial":false,"path_per_floor":["M","M","?","?","$","R","E","R","T","E","?","?","R","M","R","B",null,"M","M","M","M","M","R","E","R","T","M","?","?","M","M","R","B"],"character_chosen":"THE_SILENT","items_purchased":["Vajra"],"campfire_rested":3,"item_purchase_floors":[5],"current_hp_per_floor":[59,59,59,39,39,39,39,39,39,29,31,31,31,31,31,33,61,63,52,42,44,38,60,13,35,35,17,17,17,17,6,29,0],"gold":473,"neow_bonus":"THREE_ENEMY_KILL","is_prod":false,"is_daily":false,"chose_seed":false,"campfire_upgraded":4,"win_rate":0,"timestamp":1562213672,"path_taken":["M","M","?","?","$","R","E","R","T","E","?","?","R","M","R","BOSS","M","M","?","M","M","R","E","R","T","M","?","?","M","M","R","BOSS"],"build_version":"2019-07-01","purchased_purges":1,"victory":false,"max_hp_per_floor":[66,66,66,66,66,66,66,66,66,66,68,68,68,68,68,70,70,72,72,72,74,76,76,76,76,76,76,76,76,76,78,78,78],"card_choices":[{"not_picked":["Bane","Acrobatics"],"picked":"Poisoned Stab","floor":1.0},{"not_picked":["Concentrate","Bane"],"picked":"All Out Attack","floor":2.0},{"not_picked":["Prepared","Concentrate"],"picked":"After Image","floor":7.0},{"not_picked":["PiercingWail","Endless Agony"],"picked":"Backflip","floor":10.0},{"not_picked":["Crippling Poison","Blade Dance","Backflip"],"picked":"Singing Bowl","floor":11.0},{"not_picked":["Riddle With Holes","Bane"],"picked":"Bouncing Flask","floor":14.0},{"not_picked":["After Image","Grand Finale","Venomology"],"picked":"Singing Bowl","floor":16.0},{"not_picked":["Distraction","Acrobatics","Expertise"],"picked":"Singing Bowl","floor":18.0},{"not_picked":["Acrobatics+1","Slice"],"picked":"Cloak And Dagger","floor":19.0},{"not_picked":["Blade Dance","PiercingWail+1"],"picked":"Leg Sweep","floor":20.0},{"not_picked":["Caltrops","Sucker Punch","Quick Slash"],"picked":"Singing Bowl","floor":21.0},{"not_picked":["Flechettes","Poisoned Stab","Quick Slash"],"picked":"Singing Bowl","floor":22.0},{"not_picked":["Flying Knee","Choke"],"picked":"Cloak And Dagger+1","floor":24},{"not_picked":["Setup","Acrobatics"],"picked":"Adrenaline","floor":27},{"not_picked":["Dash","Bane"],"picked":"Leg Sweep","floor":30},{"not_picked":["Deadly Poison","Cloak And Dagger","Dagger Spray"],"picked":"Singing Bowl","floor":31}],"player_experience":769688,"relics_obtained":[{"floor":7.0,"key":"Mercury Hourglass"},{"floor":9.0,"key":"Singing Bowl"},{"floor":10.0,"key":"FossilizedHelix"},{"floor":11.0,"key":"Odd Mushroom"},{"floor":24,"key":"MawBank"},{"floor":26,"key":"Matryoshka"}],"event_choices":[{"damage_healed":0.0,"max_hp_gain":0.0,"max_hp_loss":0.0,"gold_gain":150.0,"event_name":"Liars Game","player_choice":"AGREE","floor":3.0,"gold_loss":0.0,"damage_taken":0.0,"cards_obtained":["Doubt"]},{"damage_healed":0.0,"max_hp_gain":0.0,"max_hp_loss":0.0,"gold_gain":0.0,"event_name":"Shining Light","player_choice":"Entered Light","floor":4.0,"gold_loss":0.0,"damage_taken":20.0,"cards_upgraded":["Strike_G","Defend_G"]},{"damage_healed":0.0,"max_hp_gain":0.0,"max_hp_loss":0.0,"gold_gain":0.0,"event_name":"Mushrooms","player_choice":"Fought Mushrooms","floor":11.0,"gold_loss":0.0,"damage_taken":0.0},{"damage_healed":0.0,"max_hp_gain":0.0,"max_hp_loss":0.0,"gold_gain":0.0,"event_name":"Match and Keep!","player_choice":"1 cards matched","floor":12.0,"gold_loss":0.0,"damage_taken":0.0,"cards_obtained":["Envenom"]},{"damage_healed":0,"gold_gain":0,"player_choice":"Fight","damage_taken":0,"max_hp_gain":0,"max_hp_loss":0,"event_name":"Colosseum","floor":28,"gold_loss":0},{"damage_healed":0,"gold_gain":0,"player_choice":"Fled From Nobs","damage_taken":0,"max_hp_gain":0,"max_hp_loss":0,"event_name":"Colosseum","floor":28,"gold_loss":0},{"damage_healed":0,"gold_gain":0,"player_choice":"Ignored","damage_taken":0,"max_hp_gain":0,"max_hp_loss":0,"event_name":"Ghosts","floor":29,"gold_loss":0}],"is_beta":false,"boss_relics":[{"not_picked":["Philosopher\u0027s Stone","Runic Dome"],"picked":"Ring of the Serpent"}],"items_purged_floors":[5],"is_endless":false,"potions_floor_spawned":[2,11,16,19,22,24,27,30,31],"killed_by":"Champ","ascension_level":20}