{"gold_per_floor":[113,132,150,165,165,165,165,165,165,185,196,221,221,57,57,159,159,170,187,205,105,124,124,141,141,166,179,179,199,199,199,199,304,304,323,18,67,67,84,115,115,129,129,145,545,560,44,57,57,57],"floor_reached":51,"playtime":6897,"items_purged":["Strike_R","Strike_R","Injury"],"score":783,"play_id":"fdaaea2f-40b5-44be-bf4f-988776e63f99","local_time":"20190830190040","is_ascension_mode":false,"campfire_choices":[{"data":"Shrug It Off","floor":6.0,"key":"SMITH"},{"data":"Body Slam","floor":8.0,"key":"SMITH"},{"data":"Entrench","floor":13.0,"key":"SMITH"},{"data":"Shrug It Off","floor":15.0,"key":"SMITH"},{"data":"Armaments","floor":23.0,"key":"SMITH"},{"data":"Body Slam","floor":25.0,"key":"SMITH"},{"data":"Flame Barrier","floor":28.0,"key":"SMITH"},{"data":"Body Slam","floor":32.0,"key":"SMITH"},{"data":"Discovery","floor":41,"key":"SMITH"},{"data":"Impervious","floor":49,"key":"SMITH"}],"neow_cost":"","seed_source_timestamp":0,"circlet_count":0,"master_deck":["Strike_R+1","Strike_R+1","Defend_R+1","Defend_R+1","Defend_R+1","Defend_R+1","Bash","Body Slam+1","Shrug It Off+1","Twin Strike","Warcry+1","Entrench+1","Impervious+1","Shrug It Off+1","Trip","Double Tap","Shrug It Off","Flame Barrier+1","Armaments+1","Iron Wave","Body Slam+1","Injury","Shockwave","Body Slam+1","J.A.X.","Demon Form","Warcry+1","Discovery+1","Panache","Shrug It Off","Ghostly Armor","Metallicize","Dropkick","Seeing Red","Shrug It Off","Metallicize"],"special_seed":0,"relics":["Burning Blood","Mango","Meat on the Bone","Cursed Key","Dream Catcher","Philosopher\u0027s Stone","Oddly Smooth Stone","Bag of Preparation","Nunchaku","Red Skull","Strawberry","Old Coin","ClockworkSouvenir","Vajra"],"potions_floor_usage":[42,50,50],"damage_taken":[{"damage":8.0,"enemies":"Jaw Worm","floor":1.0,"turns":5.0},{"damage":5.0,"enemies":"Small Slimes","floor":2.0,"turns":4.0},{"damage":0.0,"enemies":"2 Louse","floor":3.0,"turns":4.0},{"damage":4.0,"enemies":"Blue Slaver","floor":4.0,"turns":5.0},{"damage":0.0,"enemies":"2 Fungi Beasts","floor":10.0,"turns":3.0},{"damage":11.0,"enemies":"Gremlin Gang","floor":11.0,"turns":7.0},{"damage":0.0,"enemies":"Gremlin Nob","floor":12.0,"turns":4.0},{"damage":29.0,"enemies":"The Guardian","floor":16.0,"turns":17.0},{"damage":10.0,"enemies":"Shell Parasite","floor":18.0,"turns":6.0},{"damage":0.0,"enemies":"Chosen","floor":19.0,"turns":3.0},{"damage":5.0,"enemies":"Centurion and Healer","floor":20.0,"turns":5.0},{"damage":12.0,"enemies":"Snake Plant","floor":22.0,"turns":6.0},{"damage":6.0,"enemies":"3 Cultists","floor":24.0,"turns":7.0},{"damage":57.0,"enemies":"Cultist and Chosen","floor":27.0,"turns":11.0},{"damage":10.0,"enemies":"Snecko","floor":29.0,"turns":9.0},{"damage":13.0,"enemies":"Champ","floor":33.0,"turns":10.0},{"damage":6.0,"enemies":"Orb Walker","floor":35.0,"turns":4.0},{"damage":22,"enemies":"2 Orb Walkers","floor":37,"turns":5},{"damage":1,"enemies":"3 Shapes","floor":39,"turns":5},{"damage":4,"enemies":"Giant Head","floor":40,"turns":7},{"damage":63,"enemies":"Transient","floor":42,"turns":5},{"damage":4,"enemies":"Sphere and 2 Shapes","floor":44,"turns":6},{"damage":16,"enemies":"Mind Bloom Boss Battle","floor":45,"turns":8},{"damage":15,"enemies":"Maw","floor":46,"turns":7},{"damage":1,"enemies":"4 Shapes","floor":48,"turns":4},{"damage":39,"enemies":"Awakened One","floor":50,"turns":14}],"seed_played":"-8858569569433748694","potions_obtained":[{"floor":2.0,"key":"Fire Potion"},{"floor":4.0,"key":"Weak Potion"},{"floor":10.0,"key":"LiquidBronze"},{"floor":19.0,"key":"Fire Potion"},{"floor":20.0,"key":"Dexterity Potion"},{"floor":33.0,"key":"SteroidPotion"},{"floor":39,"key":"PowerPotion"},{"floor":42,"key":"Energy Potion"},{"floor":44,"key":"Ancient Potion"}],"is_trial":false,"path_per_floor":["M","M","M","M","?","R","?","R","T","M","M","E","R","$","R","B",null,"M","M","M","$","M","R","M","R","T","M","R","M","?","?","R","B",null,"M","$","?","?","M","E","R","M","T","M","?","M","$","M","R","B",null],"character_chosen":"IRONCLAD","items_purchased":["Trip","Oddly Smooth Stone","Bag of Preparation","Shrug It Off","ClockworkSouvenir","Vajra"],"campfire_rested":0,"item_purchase_floors":[14,36,36,47,47,47],"current_hp_per_floor":[78,79,80,80,64,64,57,57,71,77,72,78,78,78,78,55,94,90,94,94,94,88,88,88,88,88,49,49,57,57,57,57,62,94,94,94,78,73,78,80,80,35,42,56,58,61,61,66,66,45],"gold":57,"neow_bonus":"","is_prod":false,"is_daily":false,"chose_seed":false,"campfire_upgraded":10,"win_rate":0.0,"timestamp":1567216840,"path_taken":["M","M","M","M","?","R","?","R","T","M","M","E","R","$","R","BOSS","M","M","M","$","M","R","M","R","T","M","R","M","?","?","R","BOSS","M","$","?","?","M","E","R","M","T","M","?","M","?","?","R","BOSS"],"build_version":"2019-07-17","purchased_purges":3,"victory":true,"max_hp_per_floor":[80,80,80,80,80,80,80,80,94,94,94,94,94,94,94,94,94,94,94,94,94,94,94,94,94,94,94,94,94,94,94,94,94,94,94,94,94,94,94,94,94,94,101,101,101,101,101,101,101,101],"card_choices":[{"not_picked":["Anger","Flex"],"picked":"Body Slam","floor":1.0},{"not_picked":["Blood for Blood","Carnage"],"picked":"Shrug It Off","floor":2.0},{"not_picked":["Corruption","Sword Boomerang"],"picked":"Twin Strike","floor":3.0},{"not_picked":["True Grit","Sword Boomerang"],"picked":"Warcry","floor":4.0},{"not_picked":["Twin Strike","Thunderclap"],"picked":"Entrench","floor":10.0},{"not_picked":["Blood for Blood","Headbutt"],"picked":"Impervious","floor":11.0},{"not_picked":["Pommel Strike","Whirlwind"],"picked":"Shrug It Off","floor":12.0},{"not_picked":["Offering","Brutality"],"picked":"Double Tap","floor":16.0},{"not_picked":["Headbutt","Intimidate"],"picked":"Shrug It Off","floor":18.0},{"not_picked":["Blood for Blood+1","Carnage+1"],"picked":"Flame Barrier","floor":19.0},{"not_picked":["Sword Boomerang+1","Feel No Pain"],"picked":"Armaments","floor":20.0},{"not_picked":["Pommel Strike","Perfected Strike"],"picked":"Iron Wave","floor":22.0},{"not_picked":["Battle Trance","True Grit+1"],"picked":"Body Slam","floor":24.0},{"not_picked":["True Grit","Clash"],"picked":"Shockwave","floor":27.0},{"not_picked":["Combust","Hemokinesis+1"],"picked":"Body Slam","floor":29.0},{"not_picked":["Double Tap","Bludgeon"],"picked":"Demon Form","floor":33.0},{"not_picked":["True Grit","Rampage","Pommel Strike"],"picked":"SKIP","floor":35.0},{"not_picked":["Infernal Blade","Rupture"],"picked":"Warcry+1","floor":37},{"not_picked":["The Bomb","Secret Weapon"],"picked":"Discovery","floor":38},{"not_picked":["Blind","Finesse"],"picked":"Panache","floor":38},{"not_picked":["Pommel Strike","Perfected Strike"],"picked":"Shrug It Off","floor":39},{"not_picked":["Anger","Thunderclap"],"picked":"Ghostly Armor","floor":40},{"not_picked":["Disarm+1","Feed"],"picked":"Metallicize","floor":42},{"not_picked":["True Grit+1","Warcry","Burning Pact+1"],"picked":"SKIP","floor":44},{"not_picked":["Perfected Strike+1","Twin Strike+1"],"picked":"Dropkick","floor":45},{"not_picked":["Searing Blow","Intimidate"],"picked":"Seeing Red","floor":46},{"not_picked":["Sever Soul+1","Pommel Strike+1"],"picked":"Metallicize","floor":48}],"player_experience":0,"relics_obtained":[{"floor":9.0,"key":"Mango"},{"floor":12.0,"key":"Meat on the Bone"},{"floor":26.0,"key":"Dream Catcher"},{"floor":37,"key":"Nunchaku"},{"floor":40,"key":"Red Skull"},{"floor":43,"key":"Strawberry"},{"floor":45,"key":"Old Coin"}],"event_choices":[{"damage_healed":0.0,"max_hp_gain":0.0,"max_hp_loss":0.0,"gold_gain":0.0,"event_name":"Shining Light","player_choice":"Entered Light","floor":5.0,"gold_loss":0.0,"damage_taken":16.0,"cards_upgraded":["Strike_R","Warcry"]},{"cards_removed":["Strike_R"],"damage_healed":0.0,"max_hp_gain":0.0,"max_hp_loss":0.0,"gold_gain":0.0,"event_name":"Golden Wing","player_choice":"Card Removal","floor":7.0,"gold_loss":0.0,"damage_taken":7.0},{"damage_healed":0.0,"max_hp_gain":0.0,"max_hp_loss":0.0,"gold_gain":0.0,"event_name":"Drug Dealer","player_choice":"Obtain J.A.X.","floor":30.0,"gold_loss":0.0,"damage_taken":0.0,"cards_obtained":["J.A.X."]},{"damage_healed":0.0,"max_hp_gain":0.0,"max_hp_loss":0.0,"gold_gain":0.0,"event_name":"Back to Basics","player_choice":"Simplicity","floor":31.0,"gold_loss":0.0,"damage_taken":0.0,"cards_upgraded":["Strike_R","Defend_R","Defend_R","Defend_R","Defend_R"]},{"damage_healed":0,"gold_gain":0,"player_choice":"Fight","damage_taken":0,"max_hp_gain":0,"max_hp_loss":0,"event_name":"Mysterious Sphere","floor":37,"gold_loss":0},{"damage_healed":0,"gold_gain":0,"player_choice":"Memory 2","damage_taken":5,"max_hp_gain":0,"max_hp_loss":0,"event_name":"SensoryStone","floor":38,"gold_loss":0},{"damage_healed":0,"gold_gain":0,"player_choice":"Fight","damage_taken":0,"max_hp_gain":0,"max_hp_loss":0,"event_name":"MindBloom","floor":45,"gold_loss":0}],"is_beta":false,"boss_relics":[{"not_picked":["Tiny House","Black Blood"],"picked":"Cursed Key"},{"not_picked":["Black Star","Lizard Tail"],"picked":"Philosopher\u0027s Stone"}],"items_purged_floors":[14,21,47],"is_endless":false,"potions_floor_spawned":[2,4,10,11,19,20,33,39,40,42,44],"ascension_level":0}