{"gold_per_floor":[117,117,135,135,145,145,175,191,269,124,124,103,121,21,21,121,121,137,137,12,32,47,47,47,47,47,47,62,62,12,12,12,113,113,126,139,151,151,168,168,18,18,42,42,56,67,67,67,67,67],"floor_reached":51,"playtime":3623,"items_purged":["Strike_G","Strike_G","Strike_G","Strike_G+1"],"score":650,"play_id":"b1c707b7-648b-47eb-bd7b-44fc34e7724a","local_time":"20190903055649","is_ascension_mode":false,"campfire_choices":[{"data":"Deadly Poison","floor":6,"key":"SMITH"},{"data":"Envenom","floor":11,"key":"SMITH"},{"data":"Noxious Fumes","floor":15,"key":"SMITH"},{"floor":23,"key":"REST"},{"floor":25,"key":"REST"},{"floor":32,"key":"REST"},{"data":"Corpse Explosion","floor":40,"key":"SMITH"},{"floor":42,"key":"REST"},{"floor":47,"key":"REST"},{"floor":49,"key":"REST"}],"neow_cost":"NONE","seed_source_timestamp":428480478800,"circlet_count":0,"master_deck":["Defend_G","Defend_G","Defend_G+1","Defend_G","Survivor","Neutralize+1","Cloak And Dagger","Deadly Poison+1","Backstab","Dagger Throw","Envenom+1","Noxious Fumes+1","Adrenaline","Concentrate","Reflex+1","Predator","Phantasmal Killer","Escape Plan","Bullet Time","Corpse Explosion+1","Catalyst+1","PiercingWail+1","Decay","Blur+1","Deadly Poison+1","Writhe"],"relics":["Ring of the Snake","StoneCalendar","Bottled Flame","Snecko Eye","Enchiridion","The Specimen","NlothsMask","Cursed Key"],"potions_floor_usage":[22,33,33,44,44,50],"damage_taken":[{"damage":0,"enemies":"Small Slimes","floor":1,"turns":4},{"damage":0,"enemies":"Jaw Worm","floor":3,"turns":6},{"damage":0,"enemies":"Cultist","floor":5,"turns":4},{"damage":4,"enemies":"Gremlin Nob","floor":7,"turns":4},{"damage":0,"enemies":"Looter","floor":8,"turns":3},{"damage":4,"enemies":"3 Louse","floor":13,"turns":3},{"damage":2,"enemies":"The Guardian","floor":16,"turns":8},{"damage":18,"enemies":"Spheric Guardian","floor":18,"turns":5},{"damage":0,"enemies":"Shell Parasite","floor":21,"turns":5},{"damage":25,"enemies":"Snake Plant","floor":22,"turns":5},{"damage":4,"enemies":"Chosen and Byrds","floor":28,"turns":6},{"damage":33,"enemies":"Collector","floor":33,"turns":7},{"damage":1,"enemies":"Orb Walker","floor":35,"turns":3},{"damage":12,"enemies":"3 Darklings","floor":36,"turns":3},{"damage":0,"enemies":"4 Shapes","floor":37,"turns":4},{"damage":0,"enemies":"Transient","floor":39,"turns":5},{"damage":9,"enemies":"Reptomancer","floor":44,"turns":3},{"damage":50,"enemies":"Writhing Mass","floor":45,"turns":6},{"damage":0,"enemies":"Sphere and 2 Shapes","floor":46,"turns":6},{"damage":17,"enemies":"Donu and Deca","floor":50,"turns":5}],"seed_played":"-7955989442706474537","potions_obtained":[{"floor":5,"key":"SneckoOil"},{"floor":8,"key":"PowerPotion"},{"floor":16,"key":"Swift Potion"},{"floor":21,"key":"GhostInAJar"},{"floor":33,"key":"SmokeBomb"},{"floor":35,"key":"SneckoOil"},{"floor":39,"key":"Regen Potion"}],"is_trial":false,"path_per_floor":["M","?","M","?","M","R","E","M","T","$","R","?","M","$","R","B",null,"M","?","$","M","M","R","?","R","T","?","M","?","?","$","R","B",null,"M","M","M","?","M","R","$","R","T","E","M","M","R","?","R","B",null],"character_chosen":"THE_SILENT","items_purchased":["Noxious Fumes"],"campfire_rested":6,"item_purchase_floors":[10],"current_hp_per_floor":[70,70,70,56,56,56,52,52,52,52,52,52,48,48,48,46,70,52,36,36,36,11,32,32,53,53,53,49,49,49,49,70,37,70,69,57,57,57,57,57,57,70,70,66,16,16,37,55,70,53],"gold":67,"neow_bonus":"UPGRADE_CARD","is_prod":false,"is_daily":false,"chose_seed":false,"campfire_upgraded":4,"win_rate":0,"timestamp":1567461409,"path_taken":["M","?","M","?","M","R","E","M","T","$","R","?","?","?","R","BOSS","M","?","$","M","M","R","?","R","T","?","?","?","?","$","R","BOSS","M","M","?","?","M","R","$","R","T","E","M","M","R","?","R","BOSS"],"build_version":"2019-07-17","purchased_purges":4,"victory":true,"max_hp_per_floor":[70,70,70,70,70,70,70,70,70,70,70,70,70,70,70,70,70,70,70,70,70,70,70,70,70,70,70,70,70,70,70,70,70,70,70,70,70,70,70,70,70,70,70,70,70,70,70,70,70,70],"card_choices":[{"not_picked":["Bane","Prepared"],"picked":"Cloak And Dagger","floor":1},{"not_picked":["Underhanded Strike","Prepared"],"picked":"Deadly Poison","floor":3},{"not_picked":["Choke","Blade Dance"],"picked":"Backstab","floor":5},{"not_picked":["Finisher","Quick Slash"],"picked":"Dagger Throw","floor":7},{"not_picked":["Cloak And Dagger","Skewer"],"picked":"Envenom","floor":8},{"not_picked":["Dagger Throw","Finisher"],"picked":"Deflect","floor":13},{"not_picked":["Burst","Night Terror"],"picked":"Adrenaline","floor":16},{"not_picked":["Dagger Spray","Poisoned Stab"],"picked":"Concentrate","floor":18},{"not_picked":["Finisher","Sucker Punch"],"picked":"Reflex+1","floor":21},{"not_picked":["Sucker Punch","Cloak And Dagger"],"picked":"Predator","floor":22},{"not_picked":["Bane","Dodge and Roll"],"picked":"Bullet Time","floor":28},{"not_picked":["Night Terror","Wraith Form v2"],"picked":"Corpse Explosion","floor":33},{"not_picked":["Concentrate+1","Slice+1","Prepared+1"],"picked":"SKIP","floor":35},{"not_picked":["Prepared+1","Reflex+1","Slice"],"picked":"SKIP","floor":36},{"not_picked":["Acrobatics+1","Dodge and Roll+1"],"picked":"Catalyst+1","floor":37},{"not_picked":["Deflect+1","Infinite Blades"],"picked":"PiercingWail+1","floor":39},{"not_picked":["Blade Dance+1","Caltrops+1"],"picked":"Blur+1","floor":45},{"not_picked":["Noxious Fumes","Deflect+1"],"picked":"Deadly Poison+1","floor":46}],"player_experience":272394,"relics_obtained":[{"floor":7,"key":"StoneCalendar"},{"floor":9,"key":"Bottled Flame"},{"floor":19,"key":"Enchiridion"},{"floor":26,"key":"The Specimen"}],"event_choices":[{"cards_removed":["Strike_G"],"damage_healed":0,"gold_gain":0,"player_choice":"Forget","damage_taken":0,"max_hp_gain":0,"max_hp_loss":0,"event_name":"Living Wall","floor":2,"gold_loss":0},{"damage_healed":0,"gold_gain":0,"player_choice":"Entered Light","damage_taken":14,"max_hp_gain":0,"max_hp_loss":0,"event_name":"Shining Light","floor":4,"gold_loss":0,"cards_upgraded":["Defend_G","Strike_G"]},{"damage_healed":0,"gold_gain":0,"player_choice":"Left Gold","damage_taken":0,"max_hp_gain":0,"max_hp_loss":0,"event_name":"World of Goop","floor":12,"gold_loss":21},{"damage_healed":0,"gold_gain":0,"player_choice":"Obtained Book","damage_taken":16,"max_hp_gain":0,"max_hp_loss":0,"event_name":"Cursed Tome","floor":19,"gold_loss":0},{"damage_healed":0,"gold_gain":0,"cards_transformed":["Deflect","Defend_G"],"player_choice":"Became Test Subject","damage_taken":0,"max_hp_gain":0,"max_hp_loss":0,"event_name":"Drug Dealer","floor":24,"gold_loss":0,"cards_obtained":["Phantasmal Killer","Escape Plan"]},{"damage_healed":0,"gold_gain":0,"player_choice":"Trade","damage_taken":0,"relics_obtained":["NlothsMask"],"max_hp_gain":0,"max_hp_loss":0,"event_name":"FaceTrader","floor":27,"gold_loss":0},{"damage_healed":0,"gold_gain":0,"player_choice":"Bet on Murderer","damage_taken":0,"max_hp_gain":0,"max_hp_loss":0,"event_name":"The Joust","floor":30,"gold_loss":50},{"damage_healed":0,"gold_gain":0,"player_choice":"Ignored","damage_taken":0,"max_hp_gain":0,"max_hp_loss":0,"event_name":"Mysterious Sphere","floor":38,"gold_loss":0},{"damage_healed":18,"gold_gain":0,"player_choice":"Writhe","damage_taken":0,"max_hp_gain":0,"max_hp_loss":0,"event_name":"Winding Halls","floor":48,"gold_loss":0,"cards_obtained":["Writhe"]}],"is_beta":false,"boss_relics":[{"not_picked":["Fusion Hammer","Sozu"],"picked":"Snecko Eye"},{"not_picked":["Tiny House","Coffee Dripper"],"picked":"Cursed Key"}],"items_purged_floors":[10,14,20,41],"is_endless":false,"potions_floor_spawned":[5,8,16,18,21,33,35,39],"ascension_level":0}