{"gold_per_floor":[117,135,153,153,172,206,226,241,241,241,241,268,320,338,338,414,414,424,443,443,460,47,47,47,47,73,93,112,112,33,33,33,33],"floor_reached":33,"playtime":3029,"items_purged":["Shame"],"score":543,"play_id":"ad420366-831a-4a15-978d-caaf65f114e5","local_time":"20190729234451","is_ascension_mode":true,"campfire_choices":[{"data":"Wild Strike","floor":11.0,"key":"SMITH"},{"data":"Juggernaut","floor":15.0,"key":"SMITH"},{"data":"True Grit","floor":23.0,"key":"SMITH"},{"data":"Evolve","floor":29.0,"key":"SMITH"},{"data":"Ghostly","floor":32.0,"key":"SMITH"}],"neow_cost":"NONE","seed_source_timestamp":1093372006096700,"circlet_count":0,"master_deck":["AscendersBane","Defend_R","Defend_R","Defend_R","Defend_R","Bash","Cleave","Wild Strike+1","Evolve+1","Pommel Strike+1","True Grit+1","Juggernaut+1","Shrug It Off","Offering","Clothesline+1","Corruption","Ghostly+1","Ghostly","Ghostly","Bite","Bite","Bite","Bite","Reckless Charge","Uppercut","Disarm","Cleave","Impatience"],"special_seed":0,"relics":["Burning Blood","Whetstone","Dead Branch","Snecko Eye","Ice Cream","Calipers","Potion Belt"],"potions_floor_usage":[],"damage_taken":[{"damage":6.0,"enemies":"Cultist","floor":1.0,"turns":3.0},{"damage":8.0,"enemies":"2 Louse","floor":2.0,"turns":3.0},{"damage":0.0,"enemies":"Small Slimes","floor":3.0,"turns":2.0},{"damage":14.0,"enemies":"3 Louse","floor":5.0,"turns":4.0},{"damage":40.0,"enemies":"3 Sentries","floor":6.0,"turns":8.0},{"damage":11.0,"enemies":"Blue Slaver","floor":7.0,"turns":4.0},{"damage":0.0,"enemies":"2 Fungi Beasts","floor":8.0,"turns":3.0},{"damage":8.0,"enemies":"Gremlin Nob","floor":12.0,"turns":3.0},{"damage":7.0,"enemies":"Large Slime","floor":14.0,"turns":5.0},{"damage":44.0,"enemies":"The Guardian","floor":16.0,"turns":12.0},{"damage":18.0,"enemies":"Chosen","floor":18.0,"turns":4.0},{"damage":12.0,"enemies":"Shell Parasite","floor":19.0,"turns":3.0},{"damage":11.0,"enemies":"Snake Plant","floor":21.0,"turns":2.0},{"damage":15.0,"enemies":"Centurion and Healer","floor":27.0,"turns":6.0},{"damage":48.0,"enemies":"Sentry and Sphere","floor":28.0,"turns":6.0},{"damage":17,"enemies":"Champ","floor":33,"turns":5}],"seed_played":"7454319705782517437","potions_obtained":[{"floor":0.0,"key":"SkillPotion"},{"floor":0.0,"key":"Regen Potion"},{"floor":3.0,"key":"SteroidPotion"},{"floor":8.0,"key":"Explosive Potion"},{"floor":19.0,"key":"Regen Potion"},{"floor":28.0,"key":"FearPotion"}],"is_trial":false,"path_per_floor":["M","M","M","?","M","E","M","M","T","?","R","E","?","M","R","B",null,"M","M","?","M","$","R","?","?","T","M","M","R","$","?","R","B"],"character_chosen":"IRONCLAD","items_purchased":["Calipers","Disarm"],"campfire_rested":0,"item_purchase_floors":[22,30],"current_hp_per_floor":[68,66,72,72,64,30,25,31,31,31,31,29,29,30,30,9,59,49,45,45,42,42,42,37,37,37,37,10,10,10,10,10,0],"gold":33,"neow_bonus":"THREE_SMALL_POTIONS","is_prod":false,"is_daily":false,"chose_seed":false,"campfire_upgraded":5,"win_rate":0,"timestamp":1564469091,"path_taken":["M","?","M","?","M","E","?","M","T","?","R","E","?","M","R","BOSS","M","M","?","M","$","R","?","?","T","M","M","R","$","?","R","BOSS"],"build_version":"2019-07-17","purchased_purges":1,"victory":false,"max_hp_per_floor":[75,75,75,75,75,75,75,75,75,75,75,75,75,75,75,75,75,75,75,75,75,75,75,37,37,37,37,37,37,37,37,37,37],"card_choices":[{"not_picked":["Reckless Charge","Flex"],"picked":"Cleave","floor":1.0},{"not_picked":["Sentinel","Entrench"],"picked":"Wild Strike","floor":2.0},{"not_picked":["Corruption","Clothesline"],"picked":"Pommel Strike","floor":3.0},{"not_picked":["Havoc","Sword Boomerang"],"picked":"Pommel Strike","floor":5.0},{"not_picked":["Reckless Charge","Wild Strike"],"picked":"True Grit","floor":6.0},{"not_picked":["Pommel Strike","True Grit"],"picked":"Juggernaut","floor":7.0},{"not_picked":["Armaments","Warcry","Twin Strike"],"picked":"SKIP","floor":8.0},{"not_picked":["Entrench","Barricade","Flex"],"picked":"SKIP","floor":12.0},{"not_picked":["Flex","Rupture"],"picked":"Shrug It Off","floor":14.0},{"not_picked":["Reaper","Dark Embrace"],"picked":"Offering","floor":16.0},{"not_picked":["Pommel Strike","Twin Strike"],"picked":"Clothesline+1","floor":18.0},{"not_picked":["Perfected Strike","Sword Boomerang"],"picked":"Corruption","floor":19.0},{"not_picked":["Hemokinesis","Dropkick","Dual Wield"],"picked":"SKIP","floor":21.0},{"not_picked":["Clothesline+1","Wild Strike+1"],"picked":"Reckless Charge","floor":27.0},{"not_picked":["Body Slam","True Grit"],"picked":"Uppercut","floor":28.0}],"player_experience":728168,"relics_obtained":[{"floor":6.0,"key":"Whetstone"},{"floor":9.0,"key":"Dead Branch"},{"floor":12.0,"key":"Blood Vial"},{"floor":26.0,"key":"Potion Belt"}],"event_choices":[{"damage_healed":0.0,"max_hp_gain":0.0,"max_hp_loss":0.0,"gold_gain":0.0,"cards_transformed":["Strike_R"],"event_name":"Transmorgrifier","player_choice":"Transformed","floor":4.0,"gold_loss":0.0,"damage_taken":0.0,"cards_obtained":["Evolve"]},{"damage_healed":0.0,"max_hp_gain":0.0,"max_hp_loss":0.0,"gold_gain":0.0,"event_name":"Shining Light","player_choice":"Ignored","floor":10.0,"gold_loss":0.0,"damage_taken":0.0},{"damage_healed":0.0,"max_hp_gain":0.0,"max_hp_loss":0.0,"gold_gain":52.0,"event_name":"Golden Wing","player_choice":"Gained Gold","floor":13.0,"gold_loss":0.0,"damage_taken":0.0},{"damage_healed":0.0,"max_hp_gain":0.0,"max_hp_loss":0.0,"gold_gain":0.0,"event_name":"Addict","player_choice":"Stole Relic","floor":20.0,"gold_loss":0.0,"damage_taken":0.0,"relics_obtained":["Ice Cream"],"cards_obtained":["Shame"]},{"damage_healed":0.0,"max_hp_gain":0.0,"max_hp_loss":38.0,"gold_gain":0.0,"event_name":"Ghosts","player_choice":"Became a Ghost","floor":24.0,"gold_loss":0.0,"damage_taken":0.0,"cards_obtained":["Ghostly","Ghostly","Ghostly"]},{"damage_healed":0.0,"max_hp_gain":0.0,"max_hp_loss":0.0,"gold_gain":0.0,"event_name":"Vampires","player_choice":"Became a vampire (Vial)","floor":25.0,"relics_lost":["Blood Vial"],"gold_loss":0.0,"damage_taken":0.0,"cards_obtained":["Bite","Bite","Bite","Bite","Bite"]},{"damage_healed":0.0,"max_hp_gain":0.0,"max_hp_loss":0.0,"gold_gain":0.0,"cards_transformed":["Pommel Strike","Bite"],"event_name":"Drug Dealer","player_choice":"Became Test Subject","floor":31.0,"gold_loss":0.0,"damage_taken":0.0,"cards_obtained":["Cleave","Impatience"]}],"is_beta":false,"boss_relics":[{"not_picked":["Tiny House","Sozu"],"picked":"Snecko Eye"}],"items_purged_floors":[22],"is_endless":false,"potions_floor_spawned":[1,2,3,5,8,12,19,28],"killed_by":"Champ","ascension_level":20}