{"gold_per_floor":[116,134,146,165,175,205,205,220,243,243,254,254,254,46,46,143,143,156,175,194,208,225,225,225,250,250,46,63,73,92,92,92,189,189,208,0,17,37,48,48,48,48,100,200,200,200,245,259,259,259],"floor_reached":50,"playtime":3511,"items_purged":[],"score":779,"play_id":"fc1239d6-33c6-42a2-8f57-2774511d8936","local_time":"20181030144735","is_ascension_mode":true,"campfire_choices":[{"data":"Rainbow","floor":7.0,"key":"SMITH"},{"floor":10.0,"key":"REST"},{"floor":15.0,"key":"REST"},{"floor":23.0,"key":"REST"},{"floor":32.0,"key":"REST"},{"floor":40.0,"key":"REST"},{"data":"Consume","floor":42.0,"key":"SMITH"},{"data":"Hologram","floor":46.0,"key":"SMITH"},{"floor":49.0,"key":"REST"}],"neow_cost":"NONE","seed_source_timestamp":203984618277560,"circlet_count":0,"master_deck":["Strike_B","Strike_B","Strike_B","Strike_B","Defend_B","Defend_B","Defend_B","Defend_B","Zap","Dualcast","AscendersBane","White Noise","Force Field","Hologram+1","Rainbow+1","Hologram","Chaos","Compile Driver","Meteor Strike","Conserve Battery","Scrape","Skim","Capacitor","Scrape+1","Self Repair+1","Consume+1","Writhe","Echo Form","Compile Driver+1","Writhe","Streamline+1"],"special_seed":0,"relics":["Snecko Eye","Regal Pillow","Boot","OrangePellets","Inserter","Pear","Gremlin Horn","Runic Capacitor","Potion Belt","Busted Crown","Lee\u0027s Waffle","Bronze Scales","WingedGreaves"],"potions_floor_usage":[],"damage_taken":[{"damage":2.0,"enemies":"2 Louse","floor":1.0,"turns":3.0},{"damage":3.0,"enemies":"Jaw Worm","floor":2.0,"turns":4.0},{"damage":0.0,"enemies":"Small Slimes","floor":3.0,"turns":5.0},{"damage":3.0,"enemies":"3 Louse","floor":4.0,"turns":5.0},{"damage":5.0,"enemies":"2 Fungi Beasts","floor":5.0,"turns":4.0},{"damage":14.0,"enemies":"Lagavulin","floor":6.0,"turns":6.0},{"damage":17.0,"enemies":"Large Slime","floor":8.0,"turns":5.0},{"damage":28.0,"enemies":"Gremlin Gang","floor":11.0,"turns":6.0},{"damage":43.0,"enemies":"Hexaghost","floor":16.0,"turns":10.0},{"damage":30.0,"enemies":"Shell Parasite","floor":18.0,"turns":6.0},{"damage":0.0,"enemies":"Chosen","floor":19.0,"turns":2.0},{"damage":0.0,"enemies":"Centurion and Healer","floor":20.0,"turns":4.0},{"damage":11.0,"enemies":"Shelled Parasite and Fungi","floor":21.0,"turns":3.0},{"damage":9.0,"enemies":"Cultist and Chosen","floor":22.0,"turns":6.0},{"damage":35.0,"enemies":"Slavers","floor":25.0,"turns":6.0},{"damage":6.0,"enemies":"Centurion and Healer","floor":28.0,"turns":5.0},{"damage":18.0,"enemies":"Chosen and Byrds","floor":29.0,"turns":5.0},{"damage":43.0,"enemies":"3 Cultists","floor":30.0,"turns":5.0},{"damage":9.0,"enemies":"Champ","floor":33.0,"turns":8.0},{"damage":30.0,"enemies":"Orb Walker","floor":35.0,"turns":5.0},{"damage":45.0,"enemies":"3 Darklings","floor":37.0,"turns":4.0},{"damage":42.0,"enemies":"4 Shapes","floor":38.0,"turns":4.0},{"damage":8.0,"enemies":"Sphere and 2 Shapes","floor":39.0,"turns":6.0},{"damage":21.0,"enemies":"2 Orb Walkers","floor":47.0,"turns":5.0},{"damage":80.0,"enemies":"Transient","floor":48.0,"turns":5.0},{"damage":64,"enemies":"Awakened One","floor":50,"turns":3}],"seed_played":"-4297018275763378980","potions_obtained":[{"floor":1.0,"key":"EssenceOfSteel"},{"floor":2.0,"key":"FearPotion"},{"floor":16.0,"key":"Block Potion"},{"floor":19.0,"key":"Swift Potion"},{"floor":20.0,"key":"Fruit Juice"},{"floor":22.0,"key":"Block Potion"},{"floor":24.0,"key":"FairyPotion"},{"floor":29.0,"key":"Fruit Juice"},{"floor":30.0,"key":"Ancient Potion"},{"floor":33.0,"key":"Ancient Potion"},{"floor":35.0,"key":"EssenceOfSteel"},{"floor":47.0,"key":"AttackPotion"},{"floor":48.0,"key":"Ancient Potion"}],"is_trial":false,"path_per_floor":["M","M","M","M","M","E","R","M","T","R","M","?","?","$","R","B",null,"M","M","M","M","M","R","?","E","T","$","M","M","M","?","R","B",null,"M","$","M","M","M","R","$","R","T","?","?","R","?","M","R"],"character_chosen":"DEFECT","items_purchased":["OrangePellets","Runic Capacitor","Lee\u0027s Waffle"],"campfire_rested":6,"item_purchase_floors":[14,27,36],"current_hp_per_floor":[66,63,63,60,55,41,41,24,24,61,33,33,38,38,77,34,69,39,39,44,33,24,64,64,39,39,39,33,30,18,18,63,64,91,61,107,62,20,22,69,69,69,69,69,96,96,85,15,62,0],"gold":259,"neow_bonus":"BOSS_RELIC","is_prod":false,"is_daily":false,"chose_seed":false,"campfire_upgraded":3,"win_rate":0,"timestamp":1540925255,"path_taken":["M","M","M","M","M","E","R","M","T","R","M","?","?","$","R","BOSS","M","M","M","M","M","R","?","E","T","?","M","?","M","?","R","BOSS","M","$","?","M","M","R","$","R","T","?","?","R","?","M","R","BOSS"],"build_version":"2018-10-25v2","purchased_purges":0,"victory":false,"max_hp_per_floor":[75,75,75,75,75,75,75,75,75,75,75,75,80,80,80,80,80,80,80,85,85,85,85,85,95,95,95,95,100,100,100,100,100,100,100,107,107,107,107,107,107,107,107,107,107,107,107,107,107,107],"card_choices":[{"not_picked":["Cold Snap","Double Energy"],"picked":"White Noise","floor":1.0},{"not_picked":["Hologram","Ball Lightning"],"picked":"Force Field","floor":2.0},{"not_picked":["Gash","Ball Lightning","Static Discharge"],"picked":"SKIP","floor":3.0},{"not_picked":["Fission","Cold Snap"],"picked":"Hologram","floor":4.0},{"not_picked":["Steam","Genetic Algorithm"],"picked":"Rainbow","floor":5.0},{"not_picked":["Barrage","Stack"],"picked":"Hologram","floor":6.0},{"not_picked":["Ball Lightning","Cold Snap"],"picked":"Chaos","floor":8.0},{"not_picked":["Turbo","Gash"],"picked":"Compile Driver","floor":11.0},{"not_picked":["Reboot","Thunder Strike"],"picked":"Meteor Strike","floor":16.0},{"not_picked":["Ball Lightning","Heatsinks"],"picked":"Conserve Battery","floor":18.0},{"not_picked":["Cold Snap","Gash+1","Go for the Eyes"],"picked":"SKIP","floor":19.0},{"not_picked":["Scrape","Auto Shields","Heatsinks"],"picked":"SKIP","floor":20.0},{"not_picked":["Auto Shields","Heatsinks"],"picked":"Scrape","floor":20.0},{"not_picked":["Cold Snap","Go for the Eyes"],"picked":"Skim","floor":21.0},{"not_picked":["Capacitor","Steam Power","Conserve Battery"],"picked":"SKIP","floor":22.0},{"not_picked":["Steam Power","Conserve Battery"],"picked":"Capacitor","floor":22.0},{"not_picked":["Hologram","Aggregate+1"],"picked":"Scrape+1","floor":25.0},{"not_picked":["Genetic Algorithm","Steam"],"picked":"Self Repair+1","floor":28.0},{"not_picked":["Go for the Eyes","Defragment","Steam Power"],"picked":"SKIP","floor":29.0},{"not_picked":["Redo","Sweeping Beam"],"picked":"Consume","floor":30.0},{"not_picked":["Amplify","Thunder Strike"],"picked":"Echo Form","floor":33.0},{"not_picked":[],"picked":"Compile Driver+1","floor":35.0},{"not_picked":["Ball Lightning"],"picked":"SKIP","floor":37.0},{"not_picked":["Turbo+1"],"picked":"SKIP","floor":38.0},{"not_picked":["Hologram"],"picked":"SKIP","floor":39.0},{"not_picked":[],"picked":"Streamline+1","floor":48.0}],"player_experience":396343,"relics_obtained":[{"floor":6.0,"key":"Regal Pillow"},{"floor":9.0,"key":"Boot"},{"floor":25.0,"key":"Pear"},{"floor":26.0,"key":"Gremlin Horn"},{"floor":43.0,"key":"Bronze Scales"},{"floor":47.0,"key":"WingedGreaves"}],"event_choices":[{"damage_healed":0.0,"max_hp_gain":0.0,"max_hp_loss":0.0,"gold_gain":0.0,"event_name":"Dead Adventurer","player_choice":"Searched \u00270\u0027 times","floor":12.0,"gold_loss":0.0,"damage_taken":0.0},{"damage_healed":0.0,"max_hp_gain":5.0,"max_hp_loss":0.0,"gold_gain":0.0,"event_name":"Big Fish","player_choice":"Donut","floor":13.0,"gold_loss":0.0,"damage_taken":0.0},{"damage_healed":0.0,"max_hp_gain":0.0,"max_hp_loss":0.0,"gold_gain":0.0,"event_name":"The Lab","player_choice":"Got Potions","floor":24.0,"gold_loss":0.0,"damage_taken":0.0},{"damage_healed":0.0,"max_hp_gain":0.0,"max_hp_loss":0.0,"gold_gain":0.0,"event_name":"The Mausoleum","player_choice":"Opened","floor":31.0,"gold_loss":0.0,"damage_taken":0.0,"relics_obtained":["Potion Belt"],"cards_obtained":["Writhe"]},{"damage_healed":0.0,"max_hp_gain":0.0,"max_hp_loss":0.0,"gold_gain":100.0,"event_name":"Golden Shrine","player_choice":"Pray","floor":44.0,"gold_loss":0.0,"damage_taken":0.0},{"damage_healed":27.0,"max_hp_gain":0.0,"max_hp_loss":0.0,"gold_gain":0.0,"event_name":"Winding Halls","player_choice":"Writhe","floor":45.0,"gold_loss":0.0,"damage_taken":0.0,"cards_obtained":["Writhe"]},{"damage_healed":0.0,"max_hp_gain":0.0,"max_hp_loss":0.0,"gold_gain":0.0,"event_name":"Mysterious Sphere","player_choice":"Fight","floor":47.0,"gold_loss":0.0,"damage_taken":0.0}],"is_beta":false,"boss_relics":[{"not_picked":["Cursed Key","White Beast Statue"],"picked":"Inserter"},{"not_picked":["Sozu","Velvet Choker"],"picked":"Busted Crown"}],"items_purged_floors":[],"is_endless":false,"potions_floor_spawned":[1,2,3,6,16,19,20,22,29,30,33,35,47,48],"killed_by":"Awakened One","ascension_level":11}