{"gold_per_floor":[109,109,120,8,19,19,31,31,31,49,49,49],"floor_reached":12,"playtime":356,"items_purged":["Pain"],"score":70,"play_id":"9e72dfc7-3ba4-431e-ade2-7c67b5e8ea72","local_time":"20190906203102","is_ascension_mode":false,"campfire_choices":[{"data":"Metallicize","floor":6,"key":"SMITH"},{"data":"Shockwave","floor":8,"key":"SMITH"}],"neow_cost":"TEN_PERCENT_HP_LOSS","seed_source_timestamp":1827152495561500,"circlet_count":0,"master_deck":["Strike_R","Strike_R","Strike_R","Defend_R","Defend_R","Defend_R","Defend_R","Bash","Armaments","True Grit","Thunderclap","Body Slam","Metallicize+1","Shockwave+1","Shrug It Off","Iron Wave"],"relics":["Burning Blood","WarpedTongs","Sundial"],"potions_floor_usage":[],"damage_taken":[{"damage":0,"enemies":"Small Slimes","floor":1,"turns":5},{"damage":13,"enemies":"Cultist","floor":3,"turns":4},{"damage":0,"enemies":"2 Louse","floor":5,"turns":4},{"damage":5,"enemies":"Blue Slaver","floor":7,"turns":4},{"damage":14,"enemies":"3 Louse","floor":10,"turns":5},{"damage":0,"enemies":"2 Fungi Beasts","floor":12,"turns":1}],"seed_played":"-5217170825543092254","potions_obtained":[{"floor":1,"key":"Strength Potion"},{"floor":3,"key":"Weak Potion"},{"floor":10,"key":"SkillPotion"}],"is_trial":false,"path_per_floor":["M","?","M","$","M","R","M","R","T","M","$","M"],"character_chosen":"IRONCLAD","items_purchased":["Metallicize"],"campfire_rested":0,"item_purchase_floors":[4],"current_hp_per_floor":[72,72,65,65,71,71,72,72,72,64,64,64],"gold":49,"neow_bonus":"TRANSFORM_TWO_CARDS","is_prod":false,"is_daily":false,"chose_seed":false,"campfire_upgraded":2,"win_rate":0,"timestamp":1567827062,"path_taken":["M","?","M","$","M","R","M","R","T","M","?","?"],"build_version":"2019-07-17","purchased_purges":1,"victory":false,"max_hp_per_floor":[72,72,72,72,72,72,72,72,72,72,72,72],"card_choices":[{"not_picked":["Fire Breathing","Bloodletting"],"picked":"Thunderclap","floor":1},{"not_picked":["Anger","Perfected Strike"],"picked":"Body Slam","floor":3},{"not_picked":["Perfected Strike","Pummel"],"picked":"Shockwave","floor":5},{"not_picked":["Havoc","Iron Wave"],"picked":"Shrug It Off","floor":7},{"not_picked":["Feel No Pain","Heavy Blade"],"picked":"Iron Wave","floor":10}],"player_experience":139378,"relics_obtained":[{"floor":9,"key":"Sundial"}],"event_choices":[{"damage_healed":0,"gold_gain":0,"player_choice":"Rummage","damage_taken":0,"relics_obtained":["WarpedTongs"],"max_hp_gain":0,"max_hp_loss":0,"event_name":"Accursed Blacksmith","floor":2,"gold_loss":0,"cards_obtained":["Pain"]}],"is_beta":false,"boss_relics":[],"items_purged_floors":[4],"is_endless":false,"potions_floor_spawned":[1,3,10],"killed_by":"2 Fungi Beasts","ascension_level":0}