{"gold_per_floor":[117,136,136,153,0,25,25,56,56,56,70,70,80,111,111,183,233,252,252,167,19,50,50,60,60,60,86,86,86,86],"floor_reached":30,"playtime":1159,"items_purged":["Strike_R"],"score":474,"play_id":"24408925-8480-4231-9f14-58d33c868277","local_time":"20181218041325","is_ascension_mode":true,"campfire_choices":[{"floor":7.0,"key":"REST"},{"data":"Whirlwind","floor":10.0,"key":"SMITH"},{"data":"Rampage","floor":12.0,"key":"SMITH"},{"floor":15.0,"key":"REST"},{"data":"Armaments","floor":23.0,"key":"SMITH"},{"data":"Bash","floor":25.0,"key":"SMITH"},{"floor":29,"key":"REST"}],"neow_cost":"NONE","seed_source_timestamp":246377049338000,"circlet_count":0,"master_deck":["AscendersBane","Defend_R","Defend_R","Defend_R","Defend_R","Bash+1","Shrug It Off","Headbutt","Rampage+1","Clothesline+1","Whirlwind+1","Impervious","Armaments+1","Reaper","Battle Trance","Double Tap","Bite","Bite","Bite","Bite","Bite","Shrug It Off","Battle Trance"],"special_seed":0,"relics":["Burning Blood","Boot","Prayer Wheel","Frozen Egg 2","Omamori","Tiny House","Centennial Puzzle","Art of War","Red Mask","Oddly Smooth Stone","Bag of Preparation","Enchiridion"],"potions_floor_usage":[27],"damage_taken":[{"damage":3.0,"enemies":"Small Slimes","floor":1.0,"turns":4.0},{"damage":7.0,"enemies":"2 Louse","floor":2.0,"turns":4.0},{"damage":3.0,"enemies":"Jaw Worm","floor":4.0,"turns":5.0},{"damage":44.0,"enemies":"Lagavulin","floor":6.0,"turns":7.0},{"damage":32.0,"enemies":"3 Sentries","floor":8.0,"turns":8.0},{"damage":0.0,"enemies":"3 Louse","floor":11.0,"turns":1.0},{"damage":4.0,"enemies":"Blue Slaver","floor":13.0,"turns":4.0},{"damage":28.0,"enemies":"Lagavulin","floor":14.0,"turns":9.0},{"damage":66.0,"enemies":"Hexaghost","floor":16.0,"turns":14.0},{"damage":20.0,"enemies":"Spheric Guardian","floor":18.0,"turns":4.0},{"damage":7.0,"enemies":"Masked Bandits","floor":22.0,"turns":3.0},{"damage":21.0,"enemies":"3 Byrds","floor":24.0,"turns":4.0},{"damage":71,"enemies":"Slavers","floor":27,"turns":10},{"damage":52,"enemies":"Centurion and Healer","floor":30,"turns":6}],"seed_played":"1553121070658431276","potions_obtained":[{"floor":2.0,"key":"Explosive Potion"},{"floor":6.0,"key":"Weak Potion"},{"floor":16.0,"key":"Swift Potion"},{"floor":17.0,"key":"Fire Potion"},{"floor":24.0,"key":"Swift Potion"}],"is_trial":false,"path_per_floor":["M","M","?","M","$","E","R","E","T","R","M","R","M","E","R","B",null,"M","?","?","$","?","R","M","R","T","E","?","R","M"],"character_chosen":"IRONCLAD","items_purchased":["Rampage","Art of War"],"campfire_rested":3,"item_purchase_floors":[5,21],"current_hp_per_floor":[73,74,79,80,80,42,66,42,42,42,50,50,54,38,62,8,67,55,55,55,55,58,58,63,63,63,23,7,32,0],"gold":86,"neow_bonus":"RANDOM_COMMON_RELIC","is_prod":false,"is_daily":false,"chose_seed":false,"campfire_upgraded":4,"win_rate":0,"timestamp":1545135205,"path_taken":["M","M","?","M","$","E","R","E","T","R","M","R","M","E","R","BOSS","M","?","?","$","?","R","M","R","T","E","?","R","M"],"build_version":"2018-12-13","purchased_purges":1,"victory":false,"max_hp_per_floor":[75,75,80,80,80,80,80,80,80,80,80,80,80,80,80,80,85,85,85,85,85,85,85,85,85,85,85,85,85,85],"card_choices":[{"not_picked":["Cleave","Metallicize"],"picked":"Shrug It Off","floor":1.0},{"not_picked":["Warcry","Sentinel"],"picked":"Headbutt","floor":2.0},{"not_picked":["Searing Blow","Body Slam","Perfected Strike"],"picked":"SKIP","floor":4.0},{"not_picked":["Pommel Strike","Entrench"],"picked":"Clothesline","floor":6.0},{"not_picked":["Wild Strike","Battle Trance"],"picked":"Whirlwind","floor":8.0},{"not_picked":["Wild Strike","Rage"],"picked":"Impervious","floor":11.0},{"not_picked":["Warcry","Thunderclap","Pommel Strike"],"picked":"SKIP","floor":11.0},{"not_picked":["Flex","Bloodletting"],"picked":"Armaments","floor":13.0},{"not_picked":["Warcry","Body Slam"],"picked":"Reaper","floor":13.0},{"not_picked":["Inflame+1","Flex"],"picked":"Battle Trance","floor":14.0},{"not_picked":["Feed","Offering"],"picked":"Double Tap","floor":16.0},{"not_picked":["Sever Soul","Corruption+1","Warcry"],"picked":"SKIP","floor":18.0},{"not_picked":["Warcry","Iron Wave","Dual Wield"],"picked":"SKIP","floor":18.0},{"not_picked":["Body Slam","Searing Blow"],"picked":"Shrug It Off","floor":22.0},{"not_picked":["Shrug It Off","Body Slam"],"picked":"Battle Trance","floor":24.0},{"not_picked":["Fiend Fire","Rupture+1","Iron Wave"],"picked":"SKIP","floor":24.0},{"not_picked":["Infernal Blade+1","Iron Wave","Headbutt"],"picked":"SKIP","floor":27}],"player_experience":137222,"relics_obtained":[{"floor":6.0,"key":"Boot"},{"floor":8.0,"key":"Prayer Wheel"},{"floor":9.0,"key":"Frozen Egg 2"},{"floor":14.0,"key":"Omamori"},{"floor":22.0,"key":"Red Mask"},{"floor":26.0,"key":"Oddly Smooth Stone"},{"floor":27,"key":"Bag of Preparation"},{"floor":28,"key":"Enchiridion"}],"event_choices":[{"damage_healed":0.0,"max_hp_gain":5.0,"max_hp_loss":0.0,"gold_gain":0.0,"event_name":"Big Fish","player_choice":"Donut","floor":3.0,"gold_loss":0.0,"damage_taken":0.0},{"damage_healed":0.0,"max_hp_gain":0.0,"max_hp_loss":0.0,"gold_gain":0.0,"event_name":"Vampires","player_choice":"Became a vampire (Vial)","floor":19.0,"relics_lost":["Blood Vial"],"gold_loss":0.0,"damage_taken":0.0,"cards_obtained":["Bite","Bite","Bite","Bite","Bite"]},{"damage_healed":0.0,"max_hp_gain":0.0,"max_hp_loss":0.0,"gold_gain":0.0,"event_name":"Addict","player_choice":"Obtained Relic","floor":20.0,"gold_loss":85.0,"damage_taken":0.0,"relics_obtained":["Centennial Puzzle"]},{"damage_healed":0.0,"max_hp_gain":0.0,"max_hp_loss":0.0,"gold_gain":0.0,"event_name":"Masked Bandits","player_choice":"Fought Bandits","floor":22.0,"gold_loss":0.0,"damage_taken":0.0},{"damage_healed":0,"gold_gain":0,"player_choice":"Obtained Book","damage_taken":16,"max_hp_gain":0,"max_hp_loss":0,"event_name":"Cursed Tome","floor":28,"gold_loss":0}],"is_beta":false,"boss_relics":[{"not_picked":["Fusion Hammer","Eternal Feather"],"picked":"Tiny House"}],"items_purged_floors":[5],"is_endless":false,"potions_floor_spawned":[2,6,16,24],"killed_by":"Centurion and Healer","ascension_level":14}