{"gold_per_floor":[111,131,131,53,73,106,178,204,204,204,204,204,240,264,264,354,354,369,369,393,668,681,681,714,733,756,794,794,243,139,182,182,272,335,356,380,403,416,749,749,769,769],"floor_reached":42,"playtime":1862,"items_purged":["Regret","Shame"],"score":1002,"play_id":"38aca9e2-e1b7-44aa-9795-129f49237eba","local_time":"20190818135827","is_ascension_mode":true,"campfire_choices":[{"floor":10,"key":"REST"},{"data":"True Grit","floor":12,"key":"SMITH"},{"data":"Rampage","floor":15,"key":"SMITH"},{"data":"Shockwave","floor":23,"key":"SMITH"},{"data":"True Grit","floor":28,"key":"SMITH"},{"data":"Shrug It Off","floor":32,"key":"SMITH"},{"data":"Juggernaut","floor":40,"key":"SMITH"}],"neow_cost":"NONE","seed_source_timestamp":1287647214335000,"circlet_count":0,"master_deck":["AscendersBane","Defend_R+1","Defend_R+1","Defend_R","Defend_R","Bash","Disarm","Disarm+1","Spot Weakness","Rampage+1","True Grit+1","Cleave","Headbutt","Offering+1","Shockwave+1","Bite","Bite","Bite","Bite","Bite","Anger","Feel No Pain","Corruption+1","True Grit+1","Shrug It Off+1","Pommel Strike","Juggernaut+1","Shrug It Off","Flame Barrier","Evolve+1","Shrug It Off","Iron Wave+1","Juggernaut"],"relics":["Burning Blood","NeowsBlessing","Orichalcum","Pantograph","Question Card","Kunai","Strawberry","Cursed Key","Matryoshka","Smiling Mask","War Paint","Letter Opener","PreservedInsect","Thread and Needle","Dream Catcher","Tiny House"],"potions_floor_usage":[8,14,14,33],"damage_taken":[{"damage":0,"enemies":"Cultist","floor":1,"turns":1},{"damage":0,"enemies":"Small Slimes","floor":2,"turns":1},{"damage":0,"enemies":"Jaw Worm","floor":5,"turns":2},{"damage":36,"enemies":"Lagavulin","floor":6,"turns":10},{"damage":30,"enemies":"Gremlin Nob","floor":8,"turns":6},{"damage":42,"enemies":"Lagavulin","floor":13,"turns":13},{"damage":26,"enemies":"Exordium Thugs","floor":14,"turns":5},{"damage":23,"enemies":"The Guardian","floor":16,"turns":13},{"damage":33,"enemies":"Spheric Guardian","floor":18,"turns":6},{"damage":7,"enemies":"3 Byrds","floor":20,"turns":7},{"damage":17,"enemies":"Shelled Parasite and Fungi","floor":22,"turns":5},{"damage":26,"enemies":"Gremlin Leader","floor":24,"turns":6},{"damage":19,"enemies":"Centurion and Healer","floor":25,"turns":8},{"damage":22,"enemies":"Book of Stabbing","floor":27,"turns":5},{"damage":21,"enemies":"Gremlin Leader","floor":31,"turns":5},{"damage":8,"enemies":"Champ","floor":33,"turns":9},{"damage":6,"enemies":"3 Shapes","floor":35,"turns":4},{"damage":8,"enemies":"Orb Walker","floor":36,"turns":4},{"damage":21,"enemies":"Maw","floor":37,"turns":10},{"damage":34,"enemies":"3 Darklings","floor":38,"turns":6},{"damage":34,"enemies":"Writhing Mass","floor":41,"turns":7},{"damage":22,"enemies":"Nemesis","floor":42,"turns":3}],"seed_played":"-2091006996182290555","potions_obtained":[{"floor":1,"key":"BloodPotion"},{"floor":5,"key":"PowerPotion"},{"floor":8,"key":"AttackPotion"},{"floor":18,"key":"EssenceOfSteel"},{"floor":20,"key":"GamblersBrew"},{"floor":31,"key":"PowerPotion"},{"floor":34,"key":"Dexterity Potion"},{"floor":35,"key":"PowerPotion"}],"is_trial":false,"path_per_floor":["M","M","?","$","M","E","T","E","T","R","?","R","E","M","R","B",null,"M","?","M","?","M","R","E","M","T","E","R","$","$","E","R","B",null,"M","M","M","M","?","R","M","E"],"character_chosen":"IRONCLAD","items_purchased":["Spot Weakness","PreservedInsect","Thread and Needle","Shrug It Off"],"campfire_rested":1,"item_purchase_floors":[4,29,29,30],"current_hp_per_floor":[74,75,75,75,75,45,45,21,21,43,43,43,14,12,12,20,61,34,34,51,51,52,52,40,41,41,37,37,37,37,36,36,52,57,57,57,50,28,28,28,12,0],"gold":769,"neow_bonus":"THREE_ENEMY_KILL","is_prod":false,"is_daily":false,"chose_seed":false,"campfire_upgraded":6,"win_rate":0,"timestamp":1566161907,"path_taken":["M","?","?","?","?","E","?","E","T","R","?","R","E","M","R","BOSS","M","?","M","?","?","R","E","M","T","E","R","?","$","E","R","BOSS","M","M","M","M","?","R","M","E"],"build_version":"2019-07-17","purchased_purges":2,"victory":false,"max_hp_per_floor":[75,75,75,75,75,75,75,75,75,75,68,68,75,75,75,75,75,75,52,52,52,52,52,52,52,52,52,52,52,52,52,52,52,57,57,57,57,57,57,57,57,57],"card_choices":[{"not_picked":["Twin Strike","Havoc"],"picked":"Disarm","floor":1},{"not_picked":["Clothesline","Intimidate"],"picked":"Disarm","floor":2},{"not_picked":["Warcry","Iron Wave"],"picked":"Rampage","floor":5},{"not_picked":["Metallicize","Warcry"],"picked":"True Grit","floor":6},{"not_picked":["Infernal Blade","Exhume"],"picked":"Cleave","floor":8},{"not_picked":["True Grit","Fire Breathing","Spot Weakness"],"picked":"Headbutt","floor":13},{"not_picked":["Flex","Carnage","Bloodletting","Rampage"],"picked":"SKIP","floor":14},{"not_picked":["Reaper","Bludgeon","Fiend Fire"],"picked":"Offering","floor":16},{"not_picked":["Flex","Clash","Wild Strike"],"picked":"Shockwave","floor":18},{"not_picked":["Pommel Strike","Blood for Blood+1","Cleave+1"],"picked":"Anger","floor":20},{"not_picked":["Body Slam","Clash","Metallicize","Clothesline+1"],"picked":"SKIP","floor":22},{"not_picked":["Dark Embrace","Heavy Blade","Metallicize"],"picked":"Feel No Pain","floor":24},{"not_picked":["Cleave","Wild Strike","Clash"],"picked":"Corruption+1","floor":25},{"not_picked":["Rage","Thunderclap","Seeing Red"],"picked":"True Grit","floor":27},{"not_picked":["Rage","Warcry","Havoc"],"picked":"Pommel Strike","floor":31},{"not_picked":["Exhume","Brutality","Fiend Fire"],"picked":"Juggernaut","floor":33},{"not_picked":["Iron Wave","Carnage+1","Rage"],"picked":"Shrug It Off","floor":34},{"not_picked":["Perfected Strike","True Grit","Body Slam"],"picked":"Flame Barrier","floor":35},{"not_picked":["Heavy Blade","Havoc","Sever Soul"],"picked":"Evolve+1","floor":36},{"not_picked":["Wild Strike","Twin Strike","Perfected Strike"],"picked":"Shrug It Off","floor":37},{"not_picked":["Pummel+1","Entrench","Sword Boomerang"],"picked":"Iron Wave+1","floor":38},{"not_picked":["Thunderclap+1","Havoc+1","Searing Blow+1"],"picked":"Juggernaut","floor":41}],"player_experience":805200,"relics_obtained":[{"floor":6,"key":"Orichalcum"},{"floor":7,"key":"Pantograph"},{"floor":8,"key":"Question Card"},{"floor":9,"key":"Kunai"},{"floor":13,"key":"Strawberry"},{"floor":24,"key":"Matryoshka"},{"floor":26,"key":"Smiling Mask"},{"floor":26,"key":"War Paint"},{"floor":27,"key":"Letter Opener"},{"floor":31,"key":"Dream Catcher"}],"event_choices":[{"damage_healed":0,"gold_gain":0,"player_choice":"Grow","damage_taken":0,"max_hp_gain":0,"max_hp_loss":0,"event_name":"Living Wall","floor":3,"gold_loss":0,"cards_upgraded":["Disarm"]},{"damage_healed":0,"gold_gain":0,"player_choice":"Lose Max HP","damage_taken":0,"relics_obtained":["Golden Idol"],"max_hp_gain":0,"max_hp_loss":7,"event_name":"Golden Idol","floor":11,"gold_loss":0},{"damage_healed":0,"gold_gain":0,"player_choice":"Became a vampire","damage_taken":0,"max_hp_gain":0,"max_hp_loss":23,"event_name":"Vampires","floor":19,"gold_loss":0,"cards_obtained":["Bite","Bite","Bite","Bite","Bite"]},{"damage_healed":0,"gold_gain":275,"player_choice":"Desecrate","damage_taken":0,"max_hp_gain":0,"max_hp_loss":0,"event_name":"Golden Shrine","floor":21,"gold_loss":0,"cards_obtained":["Regret"]},{"damage_healed":0,"gold_gain":333,"player_choice":"Gave Idol","damage_taken":0,"max_hp_gain":0,"max_hp_loss":0,"event_name":"The Moai Head","floor":39,"relics_lost":["Golden Idol"],"gold_loss":0}],"is_beta":false,"boss_relics":[{"not_picked":["Coffee Dripper","Black Blood"],"picked":"Cursed Key"},{"not_picked":["Pandora\u0027s Box","Orrery"],"picked":"Tiny House"}],"items_purged_floors":[29,30],"is_endless":false,"potions_floor_spawned":[1,5,6,8,18,20,31,35,36],"killed_by":"Nemesis","ascension_level":20}