{"gold_per_floor":[114,132,150,162,173,202,202,53,53,53,69,69,89,104,104,208,208,219,0,0,0,20,20,49,49,49,63,95,109,109,122,122,222,222,233,233,233,253,273,273,287,287,342,342,394,394,394,406,406,406],"floor_reached":51,"playtime":2479,"items_purged":["Defend_B"],"score":908,"play_id":"32d199f5-0ed1-4c30-97cb-d8a5d4660e20","local_time":"20190827135319","is_ascension_mode":true,"campfire_choices":[{"data":"Go for the Eyes","floor":7,"key":"SMITH"},{"floor":12,"key":"REST"},{"data":"Defragment","floor":15,"key":"SMITH"},{"data":"Barrage","floor":23,"key":"SMITH"},{"floor":30,"key":"REST"},{"floor":32,"key":"REST"},{"data":"Leap","floor":40,"key":"SMITH"},{"data":"Strike_B","floor":42,"key":"PURGE"},{"data":"Leap","floor":44,"key":"SMITH"},{"data":"Reinforced Body","floor":46,"key":"SMITH"},{"data":"Strike_B","floor":49,"key":"PURGE"}],"neow_cost":"NONE","seed_source_timestamp":168339018348,"circlet_count":0,"master_deck":["Defend_B","Zap+1","Dualcast","Reinforced Body+1","Coolheaded","Conserve Battery","Go for the Eyes+1","Self Repair","Defragment+1","Ball Lightning","Capacitor","Echo Form","Lockon+1","White Noise+1","Biased Cognition+1","Leap+1","FTL","Barrage+1","Force Field","Machine Learning","Core Surge","Coolheaded","Leap+1","Impatience","Parasite"],"relics":["Cracked Core","Dodecahedron","Mummified Hand","Juzu Bracelet","Nloth\u0027s Gift","Meat on the Bone","Cables","Singing Bowl","Peace Pipe","Sozu","Symbiotic Virus","Centennial Puzzle","Gambling Chip"],"potions_floor_usage":[16,16,18,24,33],"damage_taken":[{"damage":4,"enemies":"Small Slimes","floor":1,"turns":2},{"damage":1,"enemies":"Cultist","floor":2,"turns":4},{"damage":7,"enemies":"Jaw Worm","floor":3,"turns":3},{"damage":15,"enemies":"Lots of Slimes","floor":4,"turns":5},{"damage":1,"enemies":"Blue Slaver","floor":5,"turns":3},{"damage":12,"enemies":"Lagavulin","floor":6,"turns":10},{"damage":10,"enemies":"Gremlin Gang","floor":11,"turns":7},{"damage":4,"enemies":"Red Slaver","floor":13,"turns":4},{"damage":4,"enemies":"Exordium Wildlife","floor":14,"turns":3},{"damage":9,"enemies":"Hexaghost","floor":16,"turns":10},{"damage":0,"enemies":"3 Byrds","floor":18,"turns":4},{"damage":8,"enemies":"2 Thieves","floor":22,"turns":3},{"damage":19,"enemies":"Gremlin Leader","floor":24,"turns":6},{"damage":0,"enemies":"Snecko","floor":27,"turns":3},{"damage":39,"enemies":"Slavers","floor":28,"turns":5},{"damage":33,"enemies":"Centurion and Healer","floor":29,"turns":5},{"damage":21,"enemies":"Snake Plant","floor":31,"turns":4},{"damage":37,"enemies":"Collector","floor":33,"turns":6},{"damage":58,"enemies":"3 Darklings","floor":35,"turns":5},{"damage":0,"enemies":"Orb Walker","floor":38,"turns":3},{"damage":0,"enemies":"Spire Growth","floor":39,"turns":4},{"damage":23,"enemies":"Jaw Worm Horde","floor":41,"turns":4},{"damage":23,"enemies":"2 Orb Walkers","floor":45,"turns":4},{"damage":0,"enemies":"Writhing Mass","floor":48,"turns":4},{"damage":42,"enemies":"Donu and Deca","floor":50,"turns":6}],"seed_played":"-6941036645443168147","potions_obtained":[{"floor":1,"key":"Swift Potion"},{"floor":13,"key":"EssenceOfSteel"},{"floor":14,"key":"Fruit Juice"},{"floor":22,"key":"PowerPotion"},{"floor":24,"key":"Regen Potion"},{"floor":27,"key":"Explosive Potion"}],"is_trial":false,"path_per_floor":["M","M","M","M","M","E","R","$","T","?","M","R","M","M","R","B",null,"M","$","?","?","M","R","E","?","T","M","E","M","R","M","R","B",null,"M","?","T","M","M","R","M","R","T","R","?","R","?","M","R","B",null],"character_chosen":"DEFECT","items_purchased":["Defragment","FTL","Juzu Bracelet"],"campfire_rested":3,"item_purchase_floors":[8,19,19],"current_hp_per_floor":[64,63,56,41,40,28,28,28,28,28,25,47,50,53,53,56,74,80,80,80,65,64,64,52,52,52,59,39,27,53,53,79,63,84,45,45,45,66,80,80,66,66,66,66,57,57,57,73,73,43],"gold":406,"neow_bonus":"UPGRADE_CARD","is_prod":false,"is_daily":false,"chose_seed":false,"campfire_upgraded":6,"win_rate":0,"timestamp":1566928399,"path_taken":["M","M","M","M","M","E","R","$","T","?","?","R","M","M","R","BOSS","M","$","?","?","M","R","E","?","T","M","E","M","R","M","R","BOSS","M","?","?","M","M","R","M","R","T","R","?","R","?","M","R","BOSS"],"build_version":"2019-07-17","purchased_purges":1,"victory":true,"max_hp_per_floor":[75,75,75,75,75,75,75,75,75,75,75,75,75,75,75,80,80,80,80,80,85,85,85,85,85,85,85,85,87,87,89,89,91,91,91,91,91,93,93,93,95,95,95,95,97,97,97,99,99,99],"card_choices":[{"not_picked":["Skim","Compile Driver"],"picked":"Reinforced Body","floor":1},{"not_picked":["Conserve Battery","Stack"],"picked":"Coolheaded","floor":2},{"not_picked":["Chaos","Redo"],"picked":"Conserve Battery","floor":3},{"not_picked":["Chill","Ball Lightning"],"picked":"Go for the Eyes","floor":4},{"not_picked":["Steam","Hyperbeam","Rebound"],"picked":"SKIP","floor":5},{"not_picked":["Reprogram","Barrage"],"picked":"Self Repair","floor":6},{"not_picked":["Defragment","Go for the Eyes"],"picked":"Ball Lightning","floor":11},{"not_picked":["Aggregate","Compile Driver","Coolheaded"],"picked":"SKIP","floor":13},{"not_picked":["Beam Cell","Fusion"],"picked":"Capacitor","floor":14},{"not_picked":["Multi-Cast","All For One"],"picked":"Echo Form","floor":16},{"not_picked":["Turbo","Hologram"],"picked":"Leap","floor":18},{"not_picked":["Skim","Defragment"],"picked":"Barrage","floor":22},{"not_picked":["Fission","Compile Driver"],"picked":"Force Field","floor":24},{"not_picked":["Scrape","Go for the Eyes"],"picked":"Machine Learning","floor":27},{"not_picked":["Recycle","White Noise"],"picked":"Core Surge","floor":28},{"not_picked":["Leap","Hologram","Chaos"],"picked":"Singing Bowl","floor":29},{"not_picked":["Static Discharge","Streamline","Turbo"],"picked":"Singing Bowl","floor":31},{"not_picked":["Rainbow","Fission","Machine Learning"],"picked":"Singing Bowl","floor":33},{"not_picked":["Beam Cell+1","Darkness"],"picked":"Coolheaded","floor":35},{"not_picked":["Gash","Ball Lightning","Core Surge"],"picked":"Singing Bowl","floor":38},{"not_picked":["Sunder+1","Tempest"],"picked":"Leap","floor":39},{"not_picked":["Sweeping Beam+1","Turbo+1","Hologram+1"],"picked":"Singing Bowl","floor":41},{"not_picked":["Thunder Strike","Darkness+1","FTL+1"],"picked":"Singing Bowl","floor":45},{"not_picked":["Purity","Violence"],"picked":"Impatience","floor":47},{"not_picked":["Storm","Melter+1","Loop"],"picked":"Singing Bowl","floor":48}],"player_experience":586858,"relics_obtained":[{"floor":6,"key":"Dodecahedron"},{"floor":9,"key":"Mummified Hand"},{"floor":24,"key":"Meat on the Bone"},{"floor":26,"key":"Singing Bowl"},{"floor":28,"key":"Peace Pipe"},{"floor":37,"key":"Symbiotic Virus"},{"floor":43,"key":"Centennial Puzzle"},{"floor":45,"key":"Gambling Chip"}],"event_choices":[{"cards_removed":["Strike_B"],"damage_healed":0,"gold_gain":0,"player_choice":"Offered Basic","damage_taken":0,"max_hp_gain":0,"max_hp_loss":0,"event_name":"Bonfire Elementals","floor":10,"gold_loss":0},{"damage_healed":0,"gold_gain":0,"player_choice":"Traded Relic","damage_taken":0,"relics_obtained":["Nloth\u0027s Gift"],"max_hp_gain":0,"max_hp_loss":0,"event_name":"N\u0027loth","floor":20,"relics_lost":["Astrolabe"],"gold_loss":0},{"damage_healed":0,"gold_gain":0,"player_choice":"Shed Blood","damage_taken":20,"max_hp_gain":5,"max_hp_loss":0,"event_name":"Forgotten Altar","floor":21,"gold_loss":0},{"damage_healed":0,"gold_gain":0,"player_choice":"Gave Potion","damage_taken":0,"relics_obtained":["Cables"],"max_hp_gain":0,"max_hp_loss":0,"event_name":"WeMeetAgain","floor":25,"gold_loss":0},{"damage_healed":0,"gold_gain":0,"player_choice":"Ignored","damage_taken":0,"max_hp_gain":0,"max_hp_loss":0,"event_name":"NoteForYourself","floor":36,"gold_loss":0},{"damage_healed":0,"gold_gain":0,"player_choice":"Fight","damage_taken":0,"max_hp_gain":0,"max_hp_loss":0,"event_name":"Mysterious Sphere","floor":45,"gold_loss":0},{"damage_healed":0,"gold_gain":0,"player_choice":"Memory 1","damage_taken":0,"max_hp_gain":0,"max_hp_loss":0,"event_name":"SensoryStone","floor":47,"gold_loss":0}],"is_beta":false,"boss_relics":[{"not_picked":["Cursed Key","Nuclear Battery"],"picked":"Astrolabe"},{"not_picked":["Philosopher\u0027s Stone","Lizard Tail"],"picked":"Sozu"}],"items_purged_floors":[8],"is_endless":false,"potions_floor_spawned":[1,13,14,22,24,27,41,45],"ascension_level":6}