{"gold_per_floor":[112,112,124,49,49,49,59,34,61,61,76,94,128,203,203,203],"floor_reached":16,"playtime":912,"items_purged":["Strike_P"],"score":100,"play_id":"95b1300e-aba5-4510-beeb-33484c1879e9","local_time":"20190909192048","is_ascension_mode":false,"campfire_choices":[{"data":"Regret","floor":6,"key":"PURGE"},{"data":"Protect","floor":10,"key":"SMITH"},{"data":"Strike_P","floor":15,"key":"PURGE"}],"neow_cost":"NONE","seed_source_timestamp":417288690035000,"circlet_count":0,"master_deck":["Strike_P","Strike_P","Defend_P","Defend_P","Defend_P","Defend_P","Eruption","Vigilance","Protect+1","EmptyFist","Meditate","EmptyBody","Evaluate","DeceiveReality"],"relics":["PureWater","NeowsBlessing","Peace Pipe","Bag of Preparation","Molten Egg 2"],"potions_floor_usage":[12,16,16],"damage_taken":[{"damage":0,"enemies":"Jaw Worm","floor":1,"turns":1},{"damage":0,"enemies":"Cultist","floor":3,"turns":1},{"damage":0,"enemies":"Small Slimes","floor":7,"turns":1},{"damage":1,"enemies":"Exordium Wildlife","floor":11,"turns":4},{"damage":0,"enemies":"Large Slime","floor":12,"turns":3},{"damage":26,"enemies":"Lagavulin","floor":13,"turns":11},{"damage":27,"enemies":"Slime Boss","floor":16,"turns":14}],"seed_played":"-4348156681269965393","potions_obtained":[{"floor":1,"key":"LiquidBronze"},{"floor":2,"key":"AttackPotion"},{"floor":2,"key":"Strength Potion"},{"floor":12,"key":"SkillPotion"}],"is_trial":false,"path_per_floor":["M","?","M","$","?","R","M","$","T","R","M","M","E","?","R","B"],"character_chosen":"WATCHER","items_purchased":["EmptyBody"],"campfire_rested":0,"item_purchase_floors":[8],"current_hp_per_floor":[65,65,65,65,65,65,65,65,65,65,64,64,38,27,27,0],"gold":203,"neow_bonus":"THREE_ENEMY_KILL","is_prod":false,"is_daily":false,"chose_seed":false,"campfire_upgraded":1,"win_rate":0.0,"timestamp":1568071248,"path_taken":["M","?","?","$","?","R","M","?","T","R","M","M","E","?","R","BOSS"],"build_version":"2019-09-09","purchased_purges":1,"victory":false,"max_hp_per_floor":[65,65,65,65,65,65,65,65,65,65,65,65,65,65,65,65],"card_choices":[{"not_picked":["CutThroughFate","Fasting"],"picked":"Protect","floor":1},{"not_picked":["Protect","Consecrate"],"picked":"EmptyFist","floor":3},{"not_picked":["Adaptation","InnerPeace"],"picked":"Meditate","floor":7},{"not_picked":["WaveOfTheHand","ClearTheMind"],"picked":"Evaluate","floor":11},{"not_picked":["ClearTheMind","Sanctity","FlyingSleeves"],"picked":"SKIP","floor":12},{"not_picked":["FlyingSleeves","Nirvana"],"picked":"DeceiveReality","floor":13}],"player_experience":796743,"relics_obtained":[{"floor":9,"key":"Bag of Preparation"},{"floor":13,"key":"Molten Egg 2"}],"event_choices":[{"damage_healed":0,"gold_gain":0,"player_choice":"Got Potions","damage_taken":0,"max_hp_gain":0,"max_hp_loss":0,"event_name":"Lab","floor":2,"gold_loss":0},{"damage_healed":0,"gold_gain":0,"player_choice":"Box","damage_taken":0,"relics_obtained":["Peace Pipe"],"max_hp_gain":0,"max_hp_loss":0,"event_name":"Big Fish","floor":5,"gold_loss":0,"cards_obtained":["Regret"]},{"damage_healed":0,"gold_gain":75,"player_choice":"Gather Gold","damage_taken":11,"max_hp_gain":0,"max_hp_loss":0,"event_name":"World of Goop","floor":14,"gold_loss":0}],"is_beta":true,"boss_relics":[],"items_purged_floors":[4],"is_endless":false,"potions_floor_spawned":[1,7,12],"killed_by":"Slime Boss","ascension_level":0}