{"gold_per_floor":[363,170,187,197,215,215,235,261,288,288,288,91,103,116,116,211,211,211,211,211,136,136,136,136,136,136,136,136,136,136,136,136,136,136,136,136,136,136,86,86,86,86,86,36,36,36,36,36,36,36,36,36,36,36,36],"floor_reached":56,"playtime":3377,"items_purged":["Strike_R","Defend_R","Strike_R"],"score":1282,"play_id":"fafb2872-be48-41c6-8de5-d351c78eeaa9","local_time":"20190907093443","is_ascension_mode":false,"campfire_choices":[{"data":"Heavy Blade","floor":6,"key":"SMITH"},{"data":"Feed","floor":11,"key":"SMITH"},{"data":"Apotheosis","floor":15,"key":"SMITH"},{"data":"Barricade","floor":23,"key":"SMITH"},{"floor":28,"key":"REST"},{"floor":32,"key":"RECALL"},{"floor":40,"key":"REST"},{"data":"Inflame","floor":42,"key":"SMITH"},{"floor":49,"key":"REST"},{"data":"Impervious","floor":52,"key":"SMITH"}],"neow_cost":"TEN_PERCENT_HP_LOSS","seed_source_timestamp":1871126096435200,"circlet_count":0,"master_deck":["Strike_R","Defend_R","Defend_R","Defend_R","Bash","Heavy Blade+1","Inflame","Flex","Pommel Strike","Shrug It Off","Impervious+1","Feed+1","Apotheosis+1","Ghostly Armor","Barricade+1","Whirlwind+1","Body Slam","Inflame+1","Double Tap","Seeing Red+1","Battle Trance","Limit Break"],"relics":["Black Blood","Matryoshka","Regal Pillow","Pen Nib","Ectoplasm","Smiling Mask","Shuriken","Pear","Pocketwatch","Gambling Chip","Ornamental Fan"],"potions_floor_usage":[14,16,18,22,24,25,31,37,37,47,50,50,55,55],"damage_taken":[{"damage":5,"enemies":"Jaw Worm","floor":1,"turns":4},{"damage":0,"enemies":"Cultist","floor":3,"turns":2},{"damage":3,"enemies":"Small Slimes","floor":4,"turns":3},{"damage":6,"enemies":"Blue Slaver","floor":5,"turns":4},{"damage":8,"enemies":"Red Slaver","floor":7,"turns":3},{"damage":17,"enemies":"3 Sentries","floor":8,"turns":6},{"damage":14,"enemies":"Looter","floor":13,"turns":4},{"damage":3,"enemies":"Gremlin Gang","floor":14,"turns":4},{"damage":0,"enemies":"Slime Boss","floor":16,"turns":6},{"damage":9,"enemies":"3 Byrds","floor":18,"turns":6},{"damage":36,"enemies":"2 Thieves","floor":21,"turns":4},{"damage":4,"enemies":"Snecko","floor":22,"turns":7},{"damage":10,"enemies":"Chosen and Byrds","floor":24,"turns":8},{"damage":28,"enemies":"Gremlin Leader","floor":25,"turns":7},{"damage":4,"enemies":"Shelled Parasite and Fungi","floor":27,"turns":5},{"damage":7,"enemies":"Snecko","floor":29,"turns":4},{"damage":0,"enemies":"3 Cultists","floor":31,"turns":4},{"damage":20,"enemies":"Champ","floor":33,"turns":9},{"damage":73,"enemies":"3 Darklings","floor":35,"turns":5},{"damage":16,"enemies":"3 Shapes","floor":36,"turns":3},{"damage":20,"enemies":"2 Orb Walkers","floor":37,"turns":3},{"damage":30,"enemies":"Jaw Worm Horde","floor":38,"turns":4},{"damage":15,"enemies":"3 Darklings","floor":41,"turns":4},{"damage":0,"enemies":"Maw","floor":45,"turns":7},{"damage":7,"enemies":"Transient","floor":46,"turns":5},{"damage":0,"enemies":"Jaw Worm Horde","floor":47,"turns":1},{"damage":7,"enemies":"Giant Head","floor":48,"turns":6},{"damage":63,"enemies":"Time Eater","floor":50,"turns":13},{"damage":38,"enemies":"Shield and Spear","floor":54,"turns":6},{"damage":110,"enemies":"The Heart","floor":55,"turns":8}],"seed_played":"6242309974754815461","potions_obtained":[{"floor":3,"key":"GamblersBrew"},{"floor":5,"key":"SteroidPotion"},{"floor":7,"key":"Ancient Potion"},{"floor":13,"key":"Explosive Potion"},{"floor":14,"key":"SkillPotion"},{"floor":16,"key":"SkillPotion"},{"floor":21,"key":"Regen Potion"},{"floor":24,"key":"Explosive Potion"},{"floor":29,"key":"SteroidPotion"},{"floor":30,"key":"AttackPotion"},{"floor":31,"key":"Strength Potion"},{"floor":33,"key":"SteroidPotion"},{"floor":38,"key":"AttackPotion"},{"floor":41,"key":"Strength Potion"},{"floor":47,"key":"SpeedPotion"},{"floor":54,"key":"BloodPotion"}],"is_trial":false,"path_per_floor":["M","$","M","M","M","R","M","E","T","?","R","$","M","M","R","B",null,"M","?","?","M","M","R","M","E","T","M","R","M","?","M","R","B",null,"M","M","?","M","$","R","M","R","T","$","M","M","M","E","R","B",null,"R","$","E","B",null],"character_chosen":"IRONCLAD","items_purchased":["Inflame","Flex","Apotheosis"],"campfire_rested":3,"item_purchase_floors":[2,2,12],"current_hp_per_floor":[72,72,72,72,72,72,70,59,59,59,59,59,55,62,62,72,84,85,68,68,38,59,59,59,37,47,53,102,101,101,111,111,101,123,60,54,48,32,32,86,81,81,81,81,91,94,104,107,131,82,135,135,135,107,40],"gold":36,"neow_bonus":"TWO_FIFTY_GOLD","is_prod":false,"is_daily":false,"chose_seed":false,"campfire_upgraded":6,"win_rate":0,"timestamp":1567874083,"path_taken":["M","$","M","M","M","R","M","E","T","?","R","$","M","?","R","BOSS","M","?","?","M","M","R","M","E","T","M","R","?","?","?","R","BOSS","M","M","?","M","$","R","M","R","T","$","M","M","M","E","R","BOSS","R","$","E","BOSS"],"build_version":"2019-07-17","purchased_purges":3,"victory":true,"max_hp_per_floor":[72,72,72,72,72,72,72,72,72,72,72,72,76,80,80,84,84,88,93,93,93,97,97,101,101,111,115,115,115,115,119,119,123,123,123,123,127,131,131,131,131,131,131,131,131,131,131,131,131,135,135,135,135,135,135],"card_choices":[{"not_picked":["True Grit","Intimidate"],"picked":"Heavy Blade","floor":1},{"not_picked":["Clash","Searing Blow"],"picked":"Pommel Strike","floor":3},{"not_picked":["Rupture","Clash","Power Through"],"picked":"SKIP","floor":4},{"not_picked":["Dropkick","Headbutt"],"picked":"Shrug It Off","floor":5},{"not_picked":["Hemokinesis","Entrench","Clash"],"picked":"SKIP","floor":7},{"not_picked":["Havoc","Berserk"],"picked":"Impervious","floor":8},{"not_picked":["Shrug It Off","Heavy Blade"],"picked":"Ghostly Armor","floor":13},{"not_picked":["Power Through","Dropkick","Anger"],"picked":"SKIP","floor":14},{"not_picked":["Dark Embrace","Reaper"],"picked":"Barricade","floor":16},{"not_picked":["Hemokinesis","Sever Soul"],"picked":"Whirlwind+1","floor":18},{"not_picked":["Cleave","Rupture+1","Sword Boomerang+1"],"picked":"SKIP","floor":21},{"not_picked":["Havoc","Intimidate"],"picked":"Body Slam","floor":22},{"not_picked":["Ghostly Armor","Flex","Wild Strike+1"],"picked":"SKIP","floor":24},{"not_picked":["Thunderclap","Wild Strike","Pommel Strike+1"],"picked":"SKIP","floor":25},{"not_picked":["Sever Soul","Intimidate","Havoc"],"picked":"SKIP","floor":27},{"not_picked":["Perfected Strike","Clash"],"picked":"Inflame","floor":29},{"not_picked":["Spot Weakness+1","Cleave","Sever Soul"],"picked":"SKIP","floor":31},{"not_picked":["Demon Form","Juggernaut"],"picked":"Double Tap","floor":33},{"not_picked":["Sword Boomerang+1","Warcry","Havoc"],"picked":"SKIP","floor":35},{"not_picked":["Feel No Pain","Shrug It Off+1","Intimidate"],"picked":"SKIP","floor":36},{"not_picked":["Spot Weakness+1","Infernal Blade","Uppercut+1"],"picked":"SKIP","floor":38},{"not_picked":["Clash+1","Flex","Clothesline"],"picked":"SKIP","floor":41},{"not_picked":["Searing Blow+1","Juggernaut"],"picked":"Seeing Red+1","floor":45},{"not_picked":["Heavy Blade","Clothesline"],"picked":"Battle Trance","floor":46},{"not_picked":["Thunderclap+1","Dual Wield+1","Power Through+1"],"picked":"SKIP","floor":47},{"not_picked":["Clothesline+1","Havoc+1","Dropkick+1"],"picked":"SKIP","floor":48},{"not_picked":["Twin Strike","Cleave"],"picked":"Limit Break","floor":54}],"player_experience":146069,"relics_obtained":[{"floor":8,"key":"Matryoshka"},{"floor":9,"key":"Regal Pillow"},{"floor":9,"key":"Pen Nib"},{"floor":25,"key":"Smiling Mask"},{"floor":26,"key":"Shuriken"},{"floor":26,"key":"Pear"},{"floor":37,"key":"Pocketwatch"},{"floor":48,"key":"Gambling Chip"},{"floor":54,"key":"Ornamental Fan"}],"event_choices":[{"damage_healed":0,"gold_gain":0,"cards_transformed":["Strike_R"],"player_choice":"Transformed","damage_taken":0,"max_hp_gain":0,"max_hp_loss":0,"event_name":"Transmorgrifier","floor":10,"gold_loss":0,"cards_obtained":["Feed"]},{"damage_healed":0,"gold_gain":0,"player_choice":"Shed Blood","damage_taken":22,"max_hp_gain":5,"max_hp_loss":0,"event_name":"Forgotten Altar","floor":19,"gold_loss":0},{"cards_removed":["Strike_R"],"damage_healed":0,"gold_gain":0,"player_choice":"Offered Basic","damage_taken":0,"max_hp_gain":0,"max_hp_loss":0,"event_name":"Bonfire Elementals","floor":20,"gold_loss":0},{"damage_healed":0,"gold_gain":0,"player_choice":"Got Potions","damage_taken":0,"max_hp_gain":0,"max_hp_loss":0,"event_name":"Lab","floor":30,"gold_loss":0},{"damage_healed":0,"gold_gain":0,"player_choice":"Fight","damage_taken":0,"max_hp_gain":0,"max_hp_loss":0,"event_name":"Mysterious Sphere","floor":37,"gold_loss":0}],"is_beta":false,"boss_relics":[{"not_picked":["Runic Pyramid","Fusion Hammer"],"picked":"Ectoplasm"},{"not_picked":["Eternal Feather","Black Star"],"picked":"Black Blood"}],"items_purged_floors":[2,39,44],"is_endless":false,"potions_floor_spawned":[3,5,7,13,14,16,21,24,29,31,33,38,41,47,54],"ascension_level":0}