{"gold_per_floor":[113,113,2,80,99,138,138,138,138,150,177,202,214,226,238,250],"floor_reached":16,"playtime":616,"items_purged":["Strike_R"],"score":113,"play_id":"c056a09a-c15a-4802-8c88-8db64625ab26","local_time":"20181210211025","is_ascension_mode":true,"campfire_choices":[{"floor":7.0,"key":"REST"},{"data":"Clothesline","floor":10.0,"key":"SMITH"},{"floor":15.0,"key":"REST"}],"neow_cost":"NONE","seed_source_timestamp":384766908509200,"circlet_count":0,"master_deck":["Strike_R","Strike_R","Strike_R","Strike_R","Defend_R","Defend_R","Defend_R","Defend_R","Bash","Clothesline+1","Whirlwind","Cleave","Spot Weakness","Regret","Spot Weakness"],"special_seed":0,"relics":["Burning Blood","Golden Idol","Regal Pillow","Red Skull","MawBank"],"potions_floor_usage":[],"damage_taken":[{"damage":7.0,"enemies":"Jaw Worm","floor":1.0,"turns":3.0},{"damage":8.0,"enemies":"2 Louse","floor":5.0,"turns":2.0},{"damage":47.0,"enemies":"Lagavulin","floor":6.0,"turns":7.0},{"damage":2.0,"enemies":"Small Slimes","floor":11.0,"turns":3.0},{"damage":10.0,"enemies":"Blue Slaver","floor":12.0,"turns":5.0},{"damage":80,"enemies":"Hexaghost","floor":16,"turns":10}],"seed_played":"5353340573794992899","potions_obtained":[{"floor":5.0,"key":"Energy Potion"},{"floor":6.0,"key":"Poison Potion"}],"is_trial":false,"path_per_floor":["M","?","$","?","M","E","R","?","T","R","M","M","$","$","R","B"],"character_chosen":"IRONCLAD","items_purchased":["Whirlwind"],"campfire_rested":2,"item_purchase_floors":[3],"current_hp_per_floor":[79,59,59,59,57,16,55,55,55,55,59,55,55,55,80,0],"gold":250,"neow_bonus":"THREE_CARDS","is_prod":false,"is_daily":false,"chose_seed":false,"campfire_upgraded":1,"win_rate":0,"timestamp":1544505025,"path_taken":["M","?","$","?","M","E","R","?","T","R","M","M","?","$","R","BOSS"],"build_version":"2018-12-06","purchased_purges":1,"victory":false,"max_hp_per_floor":[80,80,80,80,80,80,80,80,80,80,80,80,80,80,80,80],"card_choices":[{"not_picked":["Armaments","Sword Boomerang"],"picked":"Clothesline","floor":0.0},{"not_picked":["True Grit","Heavy Blade","Clothesline"],"picked":"SKIP","floor":1.0},{"not_picked":["True Grit","Shrug It Off"],"picked":"Cleave","floor":5.0},{"not_picked":["Rupture","Sword Boomerang"],"picked":"Spot Weakness","floor":6.0},{"not_picked":["Shockwave","Searing Blow","Rage"],"picked":"SKIP","floor":11.0},{"not_picked":["Immolate","Wild Strike"],"picked":"Spot Weakness","floor":12.0}],"player_experience":20496,"relics_obtained":[{"floor":6.0,"key":"Regal Pillow"},{"floor":9.0,"key":"MawBank"}],"event_choices":[{"damage_healed":0.0,"max_hp_gain":0.0,"max_hp_loss":0.0,"gold_gain":0.0,"event_name":"Golden Idol","player_choice":"Take Damage","floor":2.0,"gold_loss":0.0,"damage_taken":20.0,"relics_obtained":["Golden Idol"]},{"damage_healed":0.0,"max_hp_gain":0.0,"max_hp_loss":0.0,"gold_gain":78.0,"event_name":"Golden Wing","player_choice":"Gained Gold","floor":4.0,"gold_loss":0.0,"damage_taken":0.0},{"damage_healed":0.0,"max_hp_gain":0.0,"max_hp_loss":0.0,"gold_gain":0.0,"event_name":"Big Fish","player_choice":"Box","floor":8.0,"gold_loss":0.0,"damage_taken":0.0,"relics_obtained":["Red Skull"],"cards_obtained":["Regret"]}],"is_beta":false,"boss_relics":[],"items_purged_floors":[3],"is_endless":false,"potions_floor_spawned":[5,6],"killed_by":"Hexaghost","ascension_level":3}