{"gold_per_floor":[110,121,134,34,34,68,88,118,118,118,118,118,146,156,156,235,235,251,263,10,60,60,86,86,120,197,225,225,241,241,255,255,255],"floor_reached":33,"playtime":1060,"items_purged":["Strike_R"],"score":646,"play_id":"def16f58-ce79-44ff-9280-bfab18882b52","local_time":"20190807154422","is_ascension_mode":true,"campfire_choices":[{"floor":10,"key":"REST"},{"data":"Fiend Fire","floor":12,"key":"SMITH"},{"data":"Shockwave","floor":15,"key":"SMITH"},{"floor":24,"key":"REST"},{"data":"Inflame","floor":28,"key":"SMITH"},{"floor":30,"key":"REST"},{"data":"Dark Embrace","floor":32,"key":"SMITH"}],"neow_cost":"NONE","seed_source_timestamp":344405366435100,"circlet_count":0,"master_deck":["AscendersBane","Strike_R","Strike_R","Strike_R","Strike_R","Defend_R","Defend_R","Defend_R","Defend_R","Bash","Wild Strike","Inflame","Thunderclap","Twin Strike","Second Wind","Fiend Fire+1","True Grit","Shrug It Off","Shockwave+1","Dark Embrace+1","Combust","Sword Boomerang","Inflame+1","Armaments+1","True Grit+1","Battle Trance","Entrench+1"],"relics":["Burning Blood","PreservedInsect","Boot","Paper Frog","Nunchaku","Philosopher\u0027s Stone","Happy Flower","Bottled Lightning","Torii","Pantograph","Mummified Hand"],"potions_floor_usage":[6,8,16,23,33],"damage_taken":[{"damage":2,"enemies":"Cultist","floor":1,"turns":4},{"damage":19,"enemies":"Jaw Worm","floor":2,"turns":4},{"damage":0,"enemies":"Small Slimes","floor":3,"turns":2},{"damage":37,"enemies":"Lagavulin","floor":6,"turns":6},{"damage":13,"enemies":"Red Slaver","floor":7,"turns":3},{"damage":25,"enemies":"3 Sentries","floor":8,"turns":6},{"damage":10,"enemies":"Gremlin Nob","floor":13,"turns":3},{"damage":8,"enemies":"Blue Slaver","floor":14,"turns":3},{"damage":19,"enemies":"Hexaghost","floor":16,"turns":8},{"damage":15,"enemies":"Chosen","floor":18,"turns":5},{"damage":35,"enemies":"3 Byrds","floor":19,"turns":4},{"damage":60,"enemies":"Gremlin Leader","floor":23,"turns":5},{"damage":38,"enemies":"Book of Stabbing","floor":25,"turns":4},{"damage":2,"enemies":"Gremlin Leader","floor":27,"turns":3},{"damage":4,"enemies":"3 Cultists","floor":29,"turns":4},{"damage":13,"enemies":"Centurion and Healer","floor":31,"turns":5},{"damage":69,"enemies":"Collector","floor":33,"turns":9}],"seed_played":"2830326882140812650","potions_obtained":[{"floor":0,"key":"Strength Potion"},{"floor":0,"key":"Regen Potion"},{"floor":1,"key":"Strength Potion"},{"floor":7,"key":"PowerPotion"},{"floor":13,"key":"FearPotion"},{"floor":25,"key":"SpeedPotion"},{"floor":29,"key":"Strength Potion"}],"is_trial":false,"path_per_floor":["M","M","M","$","?","E","M","E","T","R","T","R","E","M","R","B",null,"M","M","$","?","?","E","R","E","T","E","R","M","R","M","R","B"],"character_chosen":"IRONCLAD","items_purchased":["Twin Strike","Happy Flower","Inflame"],"campfire_rested":3,"item_purchase_floors":[4,20,20],"current_hp_per_floor":[72,59,65,65,65,34,27,8,8,30,30,30,26,24,24,11,59,50,21,21,21,75,21,43,11,11,15,15,17,39,32,32,0],"gold":255,"neow_bonus":"THREE_SMALL_POTIONS","is_prod":false,"is_daily":false,"chose_seed":false,"campfire_upgraded":4,"win_rate":0,"timestamp":1565217862,"path_taken":["M","M","?","?","?","E","M","E","T","R","?","R","E","M","R","BOSS","M","M","$","?","?","E","R","E","T","E","R","?","R","M","R","BOSS"],"build_version":"2019-07-17","purchased_purges":1,"victory":false,"max_hp_per_floor":[75,75,75,75,75,75,75,75,75,75,75,75,75,75,75,75,75,75,75,75,75,75,75,75,75,75,75,75,75,75,75,75,75],"card_choices":[{"not_picked":["Perfected Strike","Flex"],"picked":"Wild Strike","floor":1},{"not_picked":["Heavy Blade","Twin Strike"],"picked":"Inflame","floor":2},{"not_picked":["Flex","Searing Blow"],"picked":"Thunderclap","floor":3},{"not_picked":["Armaments","Havoc"],"picked":"Second Wind","floor":6},{"not_picked":["Clash","Bloodletting"],"picked":"Fiend Fire","floor":7},{"not_picked":["Heavy Blade","Thunderclap"],"picked":"True Grit","floor":8},{"not_picked":["Uppercut","Sever Soul"],"picked":"Shrug It Off","floor":13},{"not_picked":["Second Wind","Inflame"],"picked":"Shockwave","floor":14},{"not_picked":["Exhume","Barricade"],"picked":"Dark Embrace","floor":16},{"not_picked":["Iron Wave","Thunderclap"],"picked":"Combust","floor":18},{"not_picked":["Havoc","Dual Wield"],"picked":"Sword Boomerang","floor":19},{"not_picked":["Fiend Fire","Clothesline"],"picked":"Armaments+1","floor":23},{"not_picked":["Rupture","Armaments","Rampage"],"picked":"SKIP","floor":25},{"not_picked":["Ghostly Armor","Fiend Fire"],"picked":"True Grit+1","floor":27},{"not_picked":["Flame Barrier","Pummel+1"],"picked":"Battle Trance","floor":29},{"not_picked":["Pommel Strike","Searing Blow"],"picked":"Entrench+1","floor":31}],"player_experience":742867,"relics_obtained":[{"floor":6,"key":"PreservedInsect"},{"floor":8,"key":"Boot"},{"floor":11,"key":"Paper Frog"},{"floor":13,"key":"Nunchaku"},{"floor":23,"key":"Bottled Lightning"},{"floor":25,"key":"Torii"},{"floor":26,"key":"Pantograph"},{"floor":27,"key":"Mummified Hand"}],"event_choices":[{"damage_healed":0,"gold_gain":0,"player_choice":"Ignored","damage_taken":0,"max_hp_gain":0,"max_hp_loss":0,"event_name":"Liars Game","floor":5,"gold_loss":0},{"damage_healed":0,"gold_gain":50,"player_choice":"Stole From Cult","damage_taken":0,"max_hp_gain":0,"max_hp_loss":0,"event_name":"Nest","floor":21,"gold_loss":0},{"damage_healed":54,"gold_gain":0,"player_choice":"Full Heal","damage_taken":0,"max_hp_gain":0,"max_hp_loss":0,"event_name":"Wheel of Change","floor":22,"gold_loss":0}],"is_beta":false,"boss_relics":[{"not_picked":["Pandora\u0027s Box","Black Star"],"picked":"Philosopher\u0027s Stone"}],"items_purged_floors":[4],"is_endless":false,"potions_floor_spawned":[1,7,13,25,29],"killed_by":"Collector","ascension_level":20}