{"gold_per_floor":[116,134,152,165,165,165,185,199,224,240,266,266,191,205,205,205],"floor_reached":16,"playtime":1131,"items_purged":["Strike_R"],"score":106,"play_id":"196c4856-d202-4c33-9193-1e038f98c0dd","local_time":"20190901145348","is_ascension_mode":false,"campfire_choices":[{"data":"Shrug It Off","floor":6,"key":"SMITH"},{"data":"Dark Embrace","floor":12,"key":"SMITH"},{"floor":15,"key":"RECALL"}],"neow_cost":"NONE","seed_source_timestamp":1374137760591700,"circlet_count":0,"master_deck":["Strike_R","Strike_R","Strike_R","Defend_R","Defend_R","Defend_R","Defend_R+1","Bash","Body Slam","Shrug It Off+1","Cleave","Feel No Pain","Twin Strike","Twin Strike","Dark Embrace+1","Rampage"],"relics":["Burning Blood","Blood Vial","Red Skull"],"potions_floor_usage":[7,11],"damage_taken":[{"damage":6,"enemies":"Cultist","floor":1,"turns":3},{"damage":9,"enemies":"Jaw Worm","floor":2,"turns":4},{"damage":1,"enemies":"2 Louse","floor":3,"turns":3},{"damage":0,"enemies":"Red Slaver","floor":4,"turns":4},{"damage":13,"enemies":"Gremlin Gang","floor":7,"turns":3},{"damage":7,"enemies":"Exordium Wildlife","floor":8,"turns":4},{"damage":16,"enemies":"Exordium Thugs","floor":10,"turns":6},{"damage":40,"enemies":"Lagavulin","floor":11,"turns":8},{"damage":0,"enemies":"Looter","floor":14,"turns":2},{"damage":45,"enemies":"The Guardian","floor":16,"turns":8}],"seed_played":"3479505347100116360","potions_obtained":[{"floor":4,"key":"Poison Potion"},{"floor":7,"key":"FearPotion"}],"is_trial":false,"path_per_floor":["M","M","M","M","?","R","M","M","T","M","E","R","$","M","R","B"],"character_chosen":"IRONCLAD","items_purchased":[],"campfire_rested":0,"item_purchase_floors":[],"current_hp_per_floor":[80,77,80,80,80,80,73,72,72,64,32,32,32,40,40,0],"gold":205,"neow_bonus":"UPGRADE_CARD","is_prod":false,"is_daily":false,"chose_seed":false,"campfire_upgraded":2,"win_rate":0,"timestamp":1567374828,"path_taken":["M","M","M","?","?","R","M","M","T","M","E","R","$","?","R","BOSS"],"build_version":"2019-07-17","purchased_purges":1,"victory":false,"max_hp_per_floor":[80,80,80,80,80,80,80,80,80,80,80,80,80,80,80,80],"card_choices":[{"not_picked":["Heavy Blade","Intimidate"],"picked":"Body Slam","floor":1},{"not_picked":["True Grit","Twin Strike"],"picked":"Shrug It Off","floor":2},{"not_picked":["Sever Soul","Hemokinesis"],"picked":"Cleave","floor":3},{"not_picked":["Sword Boomerang","Wild Strike"],"picked":"Feel No Pain","floor":4},{"not_picked":["Perfected Strike","Flex","Thunderclap"],"picked":"SKIP","floor":7},{"not_picked":["Sword Boomerang","Flex"],"picked":"Twin Strike","floor":8},{"not_picked":["Combust","Seeing Red"],"picked":"Twin Strike","floor":10},{"not_picked":["Pommel Strike","Body Slam"],"picked":"Dark Embrace","floor":11},{"not_picked":["Anger","Clothesline"],"picked":"Rampage","floor":14}],"player_experience":66514,"relics_obtained":[{"floor":9,"key":"Blood Vial"},{"floor":11,"key":"Red Skull"}],"event_choices":[{"cards_removed":["Strike_R"],"damage_healed":0,"gold_gain":0,"player_choice":"Purged","damage_taken":0,"max_hp_gain":0,"max_hp_loss":0,"event_name":"Purifier","floor":5,"gold_loss":0}],"is_beta":false,"boss_relics":[],"items_purged_floors":[13],"is_endless":false,"potions_floor_spawned":[4,7],"killed_by":"The Guardian","ascension_level":0}