{"gold_per_floor":[369,444,444,47,62,62,16,16,43,61,61,73,87,87,87,183,183,194,23,23],"floor_reached":20,"playtime":734,"items_purged":["Regret","Strike_B"],"score":203,"play_id":"32a24d61-2dcd-44ad-a820-142e02816391","local_time":"20190112072309","is_ascension_mode":true,"campfire_choices":[{"data":"Zap","floor":6,"key":"SMITH"},{"data":"Glacier","floor":11,"key":"SMITH"},{"floor":15,"key":"REST"}],"neow_cost":"TEN_PERCENT_HP_LOSS","seed_source_timestamp":1350254733244908,"circlet_count":0,"master_deck":["Strike_B","Strike_B","Defend_B","Defend_B","Defend_B","Defend_B","Zap+1","Dualcast","Conserve Battery","Leap","Glacier+1","Cold Snap","Beam Cell","Coolheaded","Redo","Capacitor","BootSequence","Fission","Rebound+1","Barrage+1","Chill"],"relics":["Cracked Core","Sundial","Prayer Wheel","Happy Flower","Vajra","Nuclear Battery"],"potions_floor_usage":[16,16],"damage_taken":[{"damage":0,"enemies":"Jaw Worm","floor":1,"turns":4},{"damage":6,"enemies":"Small Slimes","floor":5,"turns":4},{"damage":0,"enemies":"2 Louse","floor":10,"turns":3},{"damage":2,"enemies":"Red Slaver","floor":12,"turns":4},{"damage":0,"enemies":"2 Fungi Beasts","floor":13,"turns":5},{"damage":34,"enemies":"Slime Boss","floor":16,"turns":19},{"damage":24,"enemies":"Spheric Guardian","floor":18,"turns":6},{"damage":37,"enemies":"Chosen","floor":20,"turns":7}],"seed_played":"-5616424283118269104","potions_obtained":[{"floor":5,"key":"Explosive Potion"},{"floor":10,"key":"SteroidPotion"}],"is_trial":false,"path_per_floor":["M","?","?","$","M","R","$","?","T","M","R","M","M","?","R","B",null,"M","$","M"],"character_chosen":"DEFECT","items_purchased":["Prayer Wheel","Leap","Cold Snap","Chill"],"campfire_rested":1,"item_purchase_floors":[4,4,7,19],"current_hp_per_floor":[68,57,57,57,51,51,51,51,51,51,51,49,49,49,68,34,60,36,36,0],"gold":23,"neow_bonus":"TWO_FIFTY_GOLD","is_prod":false,"is_daily":false,"chose_seed":false,"campfire_upgraded":2,"win_rate":0,"timestamp":1547299389,"path_taken":["M","?","?","$","M","R","$","?","T","?","R","M","M","?","R","BOSS","M","$","M"],"build_version":"2019-01-10","purchased_purges":2,"victory":false,"max_hp_per_floor":[68,68,68,68,68,68,68,68,68,68,68,68,68,68,68,68,68,68,68,68],"card_choices":[{"not_picked":["Compile Driver","Streamline"],"picked":"Conserve Battery","floor":1},{"not_picked":["Turbo","Gash"],"picked":"Glacier","floor":5},{"not_picked":["Stack","Hello World","Go for the Eyes"],"picked":"SKIP","floor":5},{"not_picked":["Turbo","Stack"],"picked":"Beam Cell","floor":10},{"not_picked":["Rip and Tear","Storm","Gash"],"picked":"SKIP","floor":10},{"not_picked":["Ball Lightning","Chill"],"picked":"Coolheaded","floor":12},{"not_picked":["Beam Cell","Streamline"],"picked":"Redo","floor":12},{"not_picked":["Rebound","Skim"],"picked":"Capacitor","floor":13},{"not_picked":["Reinforced Body","Ball Lightning"],"picked":"BootSequence","floor":13},{"not_picked":["Thunder Strike","Echo Form"],"picked":"Fission","floor":16},{"not_picked":["Skim+1","Reprogram+1"],"picked":"Rebound+1","floor":18},{"not_picked":["Compile Driver+1","Force Field"],"picked":"Barrage+1","floor":18}],"player_experience":130227,"relics_obtained":[{"floor":9,"key":"Happy Flower"}],"event_choices":[{"damage_healed":0,"gold_gain":75,"player_choice":"Gather Gold","damage_taken":11,"max_hp_gain":0,"max_hp_loss":0,"event_name":"World of Goop","floor":2,"gold_loss":0},{"damage_healed":0,"gold_gain":0,"player_choice":"Box","damage_taken":0,"relics_obtained":["Sundial"],"max_hp_gain":0,"max_hp_loss":0,"event_name":"Big Fish","floor":3,"gold_loss":0,"cards_obtained":["Regret"]},{"cards_removed":["Strike_B"],"damage_healed":0,"gold_gain":0,"player_choice":"Card Removal","damage_taken":0,"max_hp_gain":0,"max_hp_loss":0,"event_name":"Wheel of Change","floor":8,"gold_loss":0},{"damage_healed":0,"gold_gain":0,"player_choice":"Searched \u00272\u0027 times","damage_taken":0,"relics_obtained":["Vajra"],"max_hp_gain":0,"max_hp_loss":0,"event_name":"Dead Adventurer","floor":14,"gold_loss":0}],"is_beta":false,"boss_relics":[{"not_picked":["Fusion Hammer","Runic Pyramid"],"picked":"Nuclear Battery"}],"items_purged_floors":[4,19],"is_endless":false,"potions_floor_spawned":[5,10],"killed_by":"Chosen","ascension_level":5}