{"gold_per_floor":[212,10,21,33,50,84,94,105,105,105,12,12,27,0,0,104,104,117,137,62,62,75,75,85,85,111,111,128,148,63,82,82,82],"floor_reached":33,"playtime":6622,"items_purged":[],"score":367,"play_id":"c9bd2ea2-4b10-47f4-a324-1a5420d60b9f","local_time":"20190819191504","is_ascension_mode":true,"campfire_choices":[{"floor":10,"key":"REST"},{"data":"Defragment","floor":15,"key":"SMITH"},{"data":"Darkness","floor":23,"key":"SMITH"},{"data":"Rainbow","floor":25,"key":"SMITH"},{"data":"Consume","floor":27,"key":"SMITH"},{"floor":32,"key":"REST"}],"neow_cost":"NONE","seed_source_timestamp":1205534442165414,"circlet_count":0,"master_deck":["Strike_B","Strike_B","Strike_B","Defend_B","Defend_B","Defend_B","Defend_B","Zap+1","Dualcast","Defragment+1","Cold Snap","Compile Driver","Consume+1","Darkness+1","Leap","Coolheaded","Leap","Auto Shields","Cold Snap","Self Repair","Auto Shields","Multi-Cast","Chill","Fusion+1","Darkness","Rainbow+1","Redo","Leap","Coolheaded"],"relics":["Cracked Core","Centennial Puzzle","Oddly Smooth Stone","Runic Pyramid","Strawberry","Bronze Scales"],"potions_floor_usage":[6,7,8,16,29,33,33],"damage_taken":[{"damage":0,"enemies":"Small Slimes","floor":1,"turns":3},{"damage":0,"enemies":"2 Louse","floor":3,"turns":2},{"damage":0,"enemies":"Jaw Worm","floor":4,"turns":4},{"damage":8,"enemies":"Looter","floor":5,"turns":4},{"damage":37,"enemies":"Gremlin Nob","floor":6,"turns":5},{"damage":3,"enemies":"Exordium Thugs","floor":7,"turns":5},{"damage":12,"enemies":"Exordium Wildlife","floor":8,"turns":6},{"damage":2,"enemies":"3 Louse","floor":13,"turns":8},{"damage":15,"enemies":"The Guardian","floor":16,"turns":21},{"damage":5,"enemies":"Spheric Guardian","floor":18,"turns":6},{"damage":6,"enemies":"Chosen","floor":19,"turns":12},{"damage":19,"enemies":"Centurion and Healer","floor":22,"turns":13},{"damage":4,"enemies":"Sentry and Sphere","floor":24,"turns":6},{"damage":1,"enemies":"Snake Plant","floor":28,"turns":6},{"damage":37,"enemies":"3 Cultists","floor":29,"turns":8},{"damage":15,"enemies":"Centurion and Healer","floor":31,"turns":8},{"damage":58,"enemies":"Champ","floor":33,"turns":18}],"seed_played":"-4714770165978306352","potions_obtained":[{"floor":3,"key":"SteroidPotion"},{"floor":6,"key":"LiquidBronze"},{"floor":8,"key":"Weak Potion"},{"floor":24,"key":"Fruit Juice"},{"floor":29,"key":"GamblersBrew"},{"floor":31,"key":"AttackPotion"}],"is_trial":false,"path_per_floor":["M","$","M","M","M","E","M","M","T","R","$","?","M","?","R","B",null,"M","M","?","?","M","R","M","R","T","R","M","M","?","M","R","B"],"character_chosen":"DEFECT","items_purchased":["Cold Snap","Fire Potion","AttackPotion","Compile Driver","Cold Snap","Self Repair"],"campfire_rested":2,"item_purchase_floors":[2,2,2,2,11,11],"current_hp_per_floor":[68,68,68,68,60,23,20,8,8,30,30,30,35,35,35,27,63,65,66,66,66,54,54,57,57,64,64,63,38,38,30,56,0],"gold":82,"neow_bonus":"HUNDRED_GOLD","is_prod":false,"is_daily":false,"chose_seed":false,"campfire_upgraded":4,"win_rate":0,"timestamp":1566260104,"path_taken":["M","$","M","M","M","E","M","M","T","R","$","?","M","?","R","BOSS","M","M","?","?","?","R","M","R","T","R","M","M","?","M","R","BOSS"],"build_version":"2019-07-17","purchased_purges":0,"victory":false,"max_hp_per_floor":[75,75,75,75,75,75,75,75,75,75,75,75,75,75,75,75,75,75,75,75,75,75,75,75,75,82,82,82,87,87,87,87,87],"card_choices":[{"not_picked":["Beam Cell","Redo"],"picked":"Defragment","floor":1},{"not_picked":["Redo","Static Discharge"],"picked":"Consume","floor":3},{"not_picked":["Skim","Sunder"],"picked":"Darkness","floor":4},{"not_picked":["Redo","Recycle"],"picked":"Leap","floor":5},{"not_picked":["Turbo","Go for the Eyes"],"picked":"Coolheaded","floor":6},{"not_picked":["Redo","Scrape"],"picked":"Leap","floor":7},{"not_picked":["Melter","Chill"],"picked":"Auto Shields","floor":8},{"not_picked":["Streamline","Core Surge"],"picked":"Auto Shields","floor":13},{"not_picked":["All For One","Amplify"],"picked":"Multi-Cast","floor":16},{"not_picked":["Sweeping Beam","Blizzard"],"picked":"Chill","floor":18},{"not_picked":["Compile Driver","White Noise"],"picked":"Fusion+1","floor":19},{"not_picked":["Turbo","Compile Driver+1"],"picked":"Darkness","floor":22},{"not_picked":["Gash","Sweeping Beam"],"picked":"Rainbow","floor":24},{"not_picked":["Barrage","Consume"],"picked":"Redo","floor":28},{"not_picked":["Barrage","Stack"],"picked":"Leap","floor":29},{"not_picked":["Reprogram+1","Hello World"],"picked":"Coolheaded","floor":31}],"player_experience":338793,"relics_obtained":[{"floor":6,"key":"Centennial Puzzle"},{"floor":9,"key":"Oddly Smooth Stone"},{"floor":26,"key":"Strawberry"}],"event_choices":[{"damage_healed":0,"gold_gain":0,"player_choice":"Ignored","damage_taken":0,"max_hp_gain":0,"max_hp_loss":0,"event_name":"Golden Idol","floor":12,"gold_loss":0},{"damage_healed":0,"gold_gain":0,"player_choice":"Left Gold","damage_taken":0,"max_hp_gain":0,"max_hp_loss":0,"event_name":"World of Goop","floor":14,"gold_loss":27},{"cards_removed":["Strike_B"],"damage_healed":0,"gold_gain":0,"player_choice":"Gave Gold","damage_taken":0,"max_hp_gain":0,"max_hp_loss":0,"event_name":"Beggar","floor":20,"gold_loss":75},{"damage_healed":0,"gold_gain":0,"player_choice":"Forge","damage_taken":0,"max_hp_gain":0,"max_hp_loss":0,"event_name":"Accursed Blacksmith","floor":21,"gold_loss":0,"cards_upgraded":["Zap"]},{"damage_healed":0,"gold_gain":0,"player_choice":"Obtained Relic","damage_taken":0,"relics_obtained":["Bronze Scales"],"max_hp_gain":0,"max_hp_loss":0,"event_name":"Addict","floor":30,"gold_loss":85}],"is_beta":false,"boss_relics":[{"not_picked":["Coffee Dripper","FrozenCore"],"picked":"Runic Pyramid"}],"items_purged_floors":[],"is_endless":false,"potions_floor_spawned":[3,4,6,8,24,29,31],"killed_by":"Champ","ascension_level":9}