{"gold_per_floor":[109,121,121,141,216,216,236,258,258,285,285,285,319,336,336,413,413,427,427,454,464,8,8,38,38,38,38,66,115,15,43,43,120,120,140,140,240,255,255],"floor_reached":39,"playtime":1100,"items_purged":["Strike_R","Pain"],"score":986,"play_id":"b1cb9aab-de9e-474a-8e9e-49a258b8f779","local_time":"20190728201407","is_ascension_mode":true,"campfire_choices":[{"data":"Iron Wave","floor":6,"key":"SMITH"},{"data":"Demon Form","floor":11,"key":"SMITH"},{"data":"Limit Break","floor":15,"key":"SMITH"},{"floor":23,"key":"REST"},{"floor":27,"key":"REST"},{"floor":32,"key":"REST"}],"neow_cost":"TEN_PERCENT_HP_LOSS","seed_source_timestamp":996529179496600,"circlet_count":0,"master_deck":["AscendersBane","Strike_R","Strike_R","Defend_R","Defend_R","Defend_R","Bash","Carnage+1","Limit Break+1","Battle Trance","Iron Wave+1","Clothesline+1","Demon Form+1","Heavy Blade+1","Whirlwind+1","Spot Weakness","Exhume","Headbutt","Flame Barrier","Armaments","True Grit","Rage+1","Shockwave+1","Anger","Offering+1","Shrug It Off+1","Feel No Pain+1","Feel No Pain+1"],"relics":["Burning Blood","Odd Mushroom","PreservedInsect","Sundial","Oddly Smooth Stone","Cursed Key","Red Mask","Regal Pillow","Whetstone","Toxic Egg 2","MutagenicStrength","Dream Catcher","Anchor","Potion Belt","Frozen Egg 2","Empty Cage","Thread and Needle"],"potions_floor_usage":[20,20,37],"damage_taken":[{"damage":7,"enemies":"Jaw Worm","floor":1,"turns":2},{"damage":0,"enemies":"Cultist","floor":2,"turns":2},{"damage":0,"enemies":"Small Slimes","floor":4,"turns":2},{"damage":4,"enemies":"Looter","floor":7,"turns":3},{"damage":9,"enemies":"The Mushroom Lair","floor":8,"turns":5},{"damage":1,"enemies":"Gremlin Nob","floor":10,"turns":3},{"damage":15,"enemies":"Lagavulin","floor":13,"turns":5},{"damage":6,"enemies":"3 Louse","floor":14,"turns":2},{"damage":28,"enemies":"Hexaghost","floor":16,"turns":7},{"damage":18,"enemies":"Chosen","floor":18,"turns":5},{"damage":36,"enemies":"Masked Bandits","floor":20,"turns":4},{"damage":15,"enemies":"Shell Parasite","floor":21,"turns":4},{"damage":33,"enemies":"Gremlin Leader","floor":24,"turns":4},{"damage":35,"enemies":"Slavers","floor":28,"turns":4},{"damage":0,"enemies":"Gremlin Leader","floor":31,"turns":3},{"damage":13,"enemies":"Champ","floor":33,"turns":8},{"damage":12,"enemies":"3 Darklings","floor":35,"turns":3},{"damage":42,"enemies":"Mind Bloom Boss Battle","floor":37,"turns":7},{"damage":4,"enemies":"Orb Walker","floor":38,"turns":4},{"damage":24,"enemies":"Writhing Mass","floor":39,"turns":2}],"seed_played":"-7294468070289332457","potions_obtained":[{"floor":8,"key":"Energy Potion"},{"floor":10,"key":"Swift Potion"},{"floor":24,"key":"GamblersBrew"},{"floor":28,"key":"GamblersBrew"},{"floor":33,"key":"SkillPotion"},{"floor":37,"key":"Explosive Potion"},{"floor":38,"key":"Dexterity Potion"}],"is_trial":false,"path_per_floor":["M","M","?","M","?","R","M","?","T","E","R","?","E","M","R","B",null,"M","?","?","M","$","R","E","?","T","R","E","T","$","E","R","B",null,"M","?","?","M","M"],"character_chosen":"IRONCLAD","items_purchased":["Regal Pillow","True Grit","Whetstone"],"campfire_rested":3,"item_purchase_floors":[22,22,22],"current_hp_per_floor":[67,68,68,68,68,68,68,65,65,68,68,68,59,59,59,37,60,48,48,18,9,9,44,17,17,17,52,23,23,23,29,64,57,63,57,57,21,23,0],"gold":255,"neow_bonus":"TRANSFORM_TWO_CARDS","is_prod":false,"is_daily":false,"chose_seed":false,"campfire_upgraded":3,"win_rate":0,"timestamp":1564370047,"path_taken":["M","M","?","?","?","R","M","?","T","E","R","?","E","M","R","BOSS","M","?","?","M","$","R","E","?","T","R","E","?","$","E","R","BOSS","M","?","?","M","M"],"build_version":"2019-07-17","purchased_purges":2,"victory":false,"max_hp_per_floor":[68,68,68,68,68,68,68,68,68,68,68,68,68,68,68,68,68,68,68,68,68,68,68,68,68,68,68,68,68,68,68,68,68,65,65,62,62,62,62],"card_choices":[{"not_picked":["Flex","Heavy Blade"],"picked":"Battle Trance","floor":1},{"not_picked":["Flex","Wild Strike"],"picked":"Iron Wave","floor":2},{"not_picked":["Rage","Second Wind"],"picked":"Clothesline","floor":4},{"not_picked":["Perfected Strike","Body Slam","Searing Blow"],"picked":"SKIP","floor":7},{"not_picked":["Clash","Perfected Strike"],"picked":"Demon Form","floor":8},{"not_picked":["Second Wind","Rupture"],"picked":"Heavy Blade","floor":10},{"not_picked":["Combust","Uppercut"],"picked":"Whirlwind","floor":13},{"not_picked":["Whirlwind","Pommel Strike"],"picked":"Spot Weakness","floor":14},{"not_picked":["Double Tap","Brutality"],"picked":"Exhume","floor":16},{"not_picked":["Reckless Charge","Hemokinesis","Perfected Strike"],"picked":"SKIP","floor":18},{"not_picked":["Body Slam","Cleave"],"picked":"Flame Barrier","floor":20},{"not_picked":["Intimidate","Dropkick"],"picked":"Armaments","floor":21},{"not_picked":["Cleave","Perfected Strike","Heavy Blade"],"picked":"SKIP","floor":24},{"not_picked":["Rupture","Wild Strike"],"picked":"Rage+1","floor":27},{"not_picked":["Warcry+1","Twin Strike"],"picked":"Shockwave+1","floor":28},{"not_picked":["Cleave","Berserk","Twin Strike"],"picked":"SKIP","floor":31},{"not_picked":["Thunderclap","Clash"],"picked":"Anger","floor":32},{"not_picked":["Impervious+1","Double Tap+1"],"picked":"Offering+1","floor":33},{"not_picked":["Pommel Strike","Flame Barrier+1"],"picked":"Shrug It Off+1","floor":35},{"not_picked":["Sword Boomerang+1","Pommel Strike+1"],"picked":"Feel No Pain+1","floor":37},{"not_picked":["Evolve+1","Sentinel+1"],"picked":"Feel No Pain+1","floor":38}],"player_experience":711811,"relics_obtained":[{"floor":8,"key":"Odd Mushroom"},{"floor":9,"key":"PreservedInsect"},{"floor":10,"key":"Sundial"},{"floor":13,"key":"Oddly Smooth Stone"},{"floor":20,"key":"Red Mask"},{"floor":24,"key":"Toxic Egg 2"},{"floor":26,"key":"Dream Catcher"},{"floor":28,"key":"Anchor"},{"floor":29,"key":"Potion Belt"},{"floor":31,"key":"Frozen Egg 2"},{"floor":37,"key":"Thread and Needle"}],"event_choices":[{"damage_healed":0,"gold_gain":0,"player_choice":"Upgraded","damage_taken":0,"max_hp_gain":0,"max_hp_loss":0,"event_name":"Upgrade Shrine","floor":3,"gold_loss":0,"cards_upgraded":["Carnage"]},{"damage_healed":0,"gold_gain":75,"player_choice":"Gained Gold","damage_taken":0,"max_hp_gain":0,"max_hp_loss":0,"event_name":"Golden Wing","floor":5,"gold_loss":0},{"damage_healed":0,"gold_gain":0,"player_choice":"Fought Mushrooms","damage_taken":0,"max_hp_gain":0,"max_hp_loss":0,"event_name":"Mushrooms","floor":8,"gold_loss":0},{"damage_healed":0,"gold_gain":0,"player_choice":"Grow","damage_taken":0,"max_hp_gain":0,"max_hp_loss":0,"event_name":"Living Wall","floor":12,"gold_loss":0,"cards_upgraded":["Heavy Blade"]},{"damage_healed":0,"gold_gain":0,"player_choice":"Read","damage_taken":0,"max_hp_gain":0,"max_hp_loss":0,"event_name":"The Library","floor":19,"gold_loss":0,"cards_obtained":["Headbutt"]},{"damage_healed":0,"gold_gain":0,"player_choice":"Fought Bandits","damage_taken":0,"max_hp_gain":0,"max_hp_loss":0,"event_name":"Masked Bandits","floor":20,"gold_loss":0},{"damage_healed":0,"gold_gain":0,"player_choice":"Inject Mutagens","damage_taken":0,"relics_obtained":["MutagenicStrength"],"max_hp_gain":0,"max_hp_loss":0,"event_name":"Drug Dealer","floor":25,"gold_loss":0},{"damage_healed":0,"gold_gain":0,"player_choice":"Max HP","damage_taken":0,"max_hp_gain":0,"max_hp_loss":3,"event_name":"Winding Halls","floor":36,"gold_loss":0},{"damage_healed":0,"gold_gain":0,"player_choice":"Fight","damage_taken":0,"max_hp_gain":0,"max_hp_loss":0,"event_name":"MindBloom","floor":37,"gold_loss":0}],"is_beta":false,"boss_relics":[{"not_picked":["Busted Crown","Lizard Tail"],"picked":"Cursed Key"},{"not_picked":["Tiny House","Black Star"],"picked":"Empty Cage"}],"items_purged_floors":[22,30],"is_endless":false,"potions_floor_spawned":[8,10,13,16,18,24,28,33,37,38],"killed_by":"Writhing Mass","ascension_level":20}