{"gold_per_floor":[116,191,191,204,154,154,188,201,228,228,258,289,353,540,552,664,676,708,325,325,71,89,89,106,106,158,186,186,186,221,421,421,421],"floor_reached":33,"playtime":1703,"items_purged":[],"score":386,"play_id":"91dcce2d-7d06-49da-a99d-9d7c1f343f24","local_time":"20180801062306","is_ascension_mode":true,"campfire_choices":[{"data":"All Out Attack","floor":6,"key":"SMITH"},{"floor":10,"key":"REST"},{"floor":15,"key":"REST"},{"data":"Sucker Punch","floor":23,"key":"SMITH"},{"data":"Neutralize","floor":25,"key":"SMITH"},{"data":"Cloak And Dagger","floor":28,"key":"SMITH"},{"floor":32,"key":"REST"}],"neow_cost":"","seed_source_timestamp":233114564154869,"circlet_count":0,"master_deck":["Defend_G+1","Defend_G+1","Defend_G+1","Defend_G+1","Defend_G+1","Strike_G+1","Strike_G+1","Strike_G+1","Strike_G+1","Strike_G+1","Survivor+1","Neutralize+1","Sucker Punch+1","All Out Attack+1","Sucker Punch","Cloak And Dagger+1","Deflect","Corpse Explosion+1","Backstab+1","Sucker Punch+1","Heel Hook+1","Slice+1","RitualDagger+1","Choke+1"],"relics":["Ring of the Snake","Bag of Marbles","Blood Vial","Omamori","MawBank","Eternal Feather","Juzu Bracelet","Matryoshka","Molten Egg 2","War Paint","Happy Flower","Dream Catcher","Ancient Tea Set"],"potions_floor_usage":[16,16,16,33],"damage_taken":[{"damage":3,"enemies":"Jaw Worm","floor":1,"turns":5},{"damage":2,"enemies":"Small Slimes","floor":4,"turns":3},{"damage":24,"enemies":"Gremlin Nob","floor":7,"turns":4},{"damage":0,"enemies":"2 Louse","floor":8,"turns":1},{"damage":13,"enemies":"3 Sentries","floor":11,"turns":7},{"damage":9,"enemies":"Exordium Thugs","floor":12,"turns":3},{"damage":71,"enemies":"The Guardian","floor":16,"turns":15},{"damage":25,"enemies":"Chosen","floor":18,"turns":5},{"damage":0,"enemies":"3 Byrds","floor":22,"turns":2},{"damage":6,"enemies":"Centurion and Healer","floor":24,"turns":4},{"damage":21,"enemies":"Gremlin Leader","floor":27,"turns":6},{"damage":14,"enemies":"Slavers","floor":30,"turns":4},{"damage":100,"enemies":"Automaton","floor":33,"turns":12}],"seed_played":"-1039891586130873532","potions_obtained":[{"floor":7,"key":"EssenceOfSteel"},{"floor":8,"key":"Weak Potion"},{"floor":11,"key":"SteroidPotion"},{"floor":12,"key":"Regen Potion"},{"floor":18,"key":"Ancient Potion"},{"floor":30,"key":"AttackPotion"}],"is_trial":false,"path_per_floor":["M","?","?","M","?","R","E","M","T","R","E","M","?","?","R","B",null,"M","$","?","$","M","R","M","R","T","E","R","?","E","?","R"],"character_chosen":"THE_SILENT","items_purchased":["Juzu Bracelet","Matryoshka","Molten Egg 2"],"campfire_rested":3,"item_purchase_floors":[19,19,21],"current_hp_per_floor":[67,56,56,54,54,54,30,32,32,53,42,35,35,35,56,2,70,45,45,45,45,47,59,55,67,67,48,60,54,42,42,70,0],"gold":421,"neow_bonus":"","is_prod":false,"is_daily":false,"chose_seed":false,"campfire_upgraded":4,"win_rate":0,"timestamp":1533129786,"path_taken":["M","?","?","M","?","R","E","?","T","R","E","M","?","?","R","BOSS","M","$","?","$","M","R","M","R","T","E","R","?","E","?","R","BOSS"],"build_version":"2018-07-26","purchased_purges":0,"victory":false,"max_hp_per_floor":[70,70,70,70,70,70,70,70,70,70,70,70,70,70,70,70,70,70,70,70,70,70,70,70,70,70,70,70,70,70,70,70,70],"card_choices":[{"not_picked":["Blur","Heel Hook"],"picked":"Sucker Punch","floor":1},{"not_picked":["Riddle With Holes","Crippling Poison"],"picked":"All Out Attack","floor":4},{"not_picked":["Finisher","Envenom"],"picked":"Sucker Punch","floor":7},{"not_picked":["Deflect","Setup"],"picked":"Cloak And Dagger","floor":8},{"not_picked":["Well Laid Plans","Leg Sweep","A Thousand Cuts"],"picked":"SKIP","floor":11},{"not_picked":["Flying Knee","Setup"],"picked":"Deflect","floor":12},{"not_picked":["Storm of Steel","Doppelganger"],"picked":"Corpse Explosion","floor":16},{"not_picked":["Quick Slash","Caltrops"],"picked":"Backstab+1","floor":18},{"not_picked":["Underhanded Strike+1","Expertise"],"picked":"Sucker Punch+1","floor":22},{"not_picked":["Dodge and Roll","Quick Slash+1"],"picked":"Heel Hook+1","floor":24},{"not_picked":["Outmaneuver","Bane+1"],"picked":"Slice+1","floor":27},{"not_picked":["Poisoned Stab+1","Setup"],"picked":"Choke+1","floor":30}],"player_experience":210729,"relics_obtained":[{"floor":7,"key":"Blood Vial"},{"floor":9,"key":"Omamori"},{"floor":11,"key":"MawBank"},{"floor":26,"key":"War Paint"},{"floor":26,"key":"Happy Flower"},{"floor":27,"key":"Dream Catcher"},{"floor":30,"key":"Ancient Tea Set"}],"event_choices":[{"event_name":"World of Goop","player_choice":"Gather Gold","floor":2,"damage_taken":0},{"event_name":"Big Fish","player_choice":"Box","floor":3,"damage_taken":0},{"event_name":"The Cleric","player_choice":"Card Removal","floor":5,"damage_taken":0},{"event_name":"Golden Wing","player_choice":"Gained Gold","floor":13,"damage_taken":0},{"event_name":"Liars Game","player_choice":"agreed","floor":14,"damage_taken":0},{"event_name":"Back to Basics","player_choice":"Simplicity","floor":20,"damage_taken":0},{"event_name":"Nest","player_choice":"Joined the Cult","floor":29,"damage_taken":0},{"event_name":"Wheel of Change","player_choice":"Gold","floor":31,"damage_taken":0}],"is_beta":false,"boss_relics":[{"not_picked":["Busted Crown","Snecko Eye"],"picked":"Eternal Feather"}],"items_purged_floors":[],"is_endless":false,"potions_floor_spawned":[7,8,11,12,18,30],"killed_by":"Automaton","ascension_level":3}