{"gold_per_floor":[117,97,97,97,97,97,129,149,231,231,257,257,269,294,294,395,395,415,85,104,104,121,150,150,184,208,123,47,77,77,91,91,190,190,202,247,547,547,288,316,316,316],"floor_reached":42,"playtime":2522,"items_purged":[],"score":573,"play_id":"e16c5b01-c83c-4131-9ef3-9a8996ea71a0","local_time":"20180722042617","is_ascension_mode":true,"campfire_choices":[{"data":"Whirlwind","floor":6,"key":"SMITH"},{"data":"Perfected Strike","floor":10,"key":"SMITH"},{"floor":15,"key":"REST"},{"data":"Infernal Blade","floor":24,"key":"SMITH"},{"floor":32,"key":"REST"}],"neow_cost":"TEN_PERCENT_HP_LOSS","seed_source_timestamp":20258752820915,"circlet_count":0,"master_deck":["Strike_R","Strike_R","Strike_R","Strike_R","Strike_R","Defend_R","Defend_R","Defend_R","Reaper","Disarm+1","Whirlwind+1","Perfected Strike+1","Thunderclap","Cleave","Shrug It Off","Offering","Infernal Blade+1","Burning Pact","Offering","Dual Wield","Pummel","Thunderclap","Fire Breathing+1","Fiend Fire","Doubt","Normality","Regret","Wild Strike+1","Warcry+1","Bloodletting"],"relics":["Burning Blood","Champion Belt","Tiny Chest","Bag of Preparation","Charon\u0027s Ashes","Runic Cube","Self Forming Clay","Paper Frog","Incense Burner","Juzu Bracelet","Vajra","Pen Nib","Mercury Hourglass","Calling Bell","Boot","Shuriken","Torii","Ice Cream","Old Coin","Ornamental Fan","Toxic Egg 2"],"potions_floor_usage":[11,11,16],"damage_taken":[{"damage":6,"enemies":"2 Louse","floor":1,"turns":2},{"damage":27,"enemies":"3 Sentries","floor":7,"turns":6},{"damage":1,"enemies":"Cultist","floor":8,"turns":3},{"damage":6,"enemies":"Gremlin Nob","floor":11,"turns":3},{"damage":6,"enemies":"Jaw Worm","floor":13,"turns":3},{"damage":19,"enemies":"3 Sentries","floor":14,"turns":3},{"damage":45,"enemies":"The Guardian","floor":16,"turns":9},{"damage":25,"enemies":"Spheric Guardian","floor":18,"turns":4},{"damage":3,"enemies":"3 Byrds","floor":20,"turns":4},{"damage":11,"enemies":"Snake Plant","floor":22,"turns":3},{"damage":15,"enemies":"Book of Stabbing","floor":23,"turns":6},{"damage":20,"enemies":"Gremlin Leader","floor":25,"turns":4},{"damage":2,"enemies":"Slavers","floor":29,"turns":2},{"damage":8,"enemies":"Chosen and Byrds","floor":31,"turns":2},{"damage":52,"enemies":"Collector","floor":33,"turns":9},{"damage":12,"enemies":"Flame Bruiser 1 Orb","floor":35,"turns":5},{"damage":26,"floor":36,"turns":3},{"damage":19,"floor":37,"turns":5},{"damage":6,"enemies":"2 Orb Walkers","floor":40,"turns":2},{"damage":80,"enemies":"Giant Head","floor":42,"turns":7}],"seed_played":"-2859720488239479200","potions_obtained":[{"floor":1,"key":"Poison Potion"},{"floor":2,"key":"Fire Potion"},{"floor":11,"key":"Strength Potion"},{"floor":13,"key":"SteroidPotion"},{"floor":20,"key":"Energy Potion"},{"floor":23,"key":"Ancient Potion"},{"floor":29,"key":"Fire Potion"}],"is_trial":false,"path_per_floor":["M","?","?","?","$","R","E","M","T","R","E","?","M","E","R","B",null,"M","$","M","T","M","E","R","E","T","?","$","E","?","M","R","B",null,"M","?","?","?","$","E","?"],"character_chosen":"IRONCLAD","items_purchased":["Self Forming Clay","Infernal Blade","Pummel","Ornamental Fan"],"campfire_rested":2,"item_purchase_floors":[19,19,28,39],"current_hp_per_floor":[72,72,72,72,72,72,54,59,59,59,63,63,63,50,71,32,72,53,53,65,65,67,62,62,60,60,60,60,64,51,49,72,26,77,71,51,62,62,62,62,62,0],"gold":316,"neow_bonus":"THREE_RARE_CARDS","is_prod":false,"is_daily":false,"chose_seed":false,"campfire_upgraded":3,"win_rate":0,"timestamp":1532258777,"path_taken":["M","?","?","?","?","R","E","?","T","R","E","?","M","E","R","BOSS","M","$","M","?","M","E","R","E","T","?","$","E","?","M","R","BOSS","M","?","?","?","$","E","?","E"],"build_version":"2018-07-19v2","purchased_purges":0,"victory":false,"max_hp_per_floor":[72,72,72,72,72,72,72,72,72,72,72,72,72,72,72,72,72,72,72,72,72,72,72,72,72,72,72,72,72,77,77,77,77,77,77,77,77,77,77,77,77,77],"card_choices":[{"not_picked":["Barricade","Offering"],"picked":"Reaper","floor":0},{"not_picked":["Seeing Red","Clash"],"picked":"Disarm","floor":1},{"not_picked":["Entrench","Clothesline"],"picked":"Shrug It Off","floor":7},{"not_picked":["Body Slam","Searing Blow"],"picked":"Perfected Strike","floor":8},{"not_picked":["Headbutt","Searing Blow"],"picked":"Thunderclap","floor":11},{"not_picked":["True Grit","Body Slam"],"picked":"Cleave","floor":13},{"not_picked":["Second Wind","Anger"],"picked":"Shrug It Off","floor":14},{"not_picked":["Limit Break","Berserk"],"picked":"Offering","floor":16},{"not_picked":["True Grit","Sword Boomerang+1","Armaments"],"picked":"SKIP","floor":18},{"not_picked":["Flex","Body Slam","Seeing Red"],"picked":"SKIP","floor":20},{"not_picked":["Anger","Twin Strike+1"],"picked":"Burning Pact","floor":22},{"not_picked":["Whirlwind","Flame Barrier"],"picked":"Offering","floor":23},{"not_picked":["Flame Barrier","Headbutt"],"picked":"Dual Wield","floor":25},{"not_picked":["Twin Strike","Clash"],"picked":"Thunderclap","floor":29},{"not_picked":["Reckless Charge","Disarm"],"picked":"Fire Breathing+1","floor":31},{"not_picked":["Feed","Limit Break"],"picked":"Fiend Fire","floor":33},{"not_picked":["Blood for Blood","Second Wind+1"],"picked":"Wild Strike+1","floor":35},{"not_picked":["Battle Trance+1","Impervious"],"picked":"Warcry+1","floor":36},{"not_picked":["Headbutt","Flex+1"],"picked":"Bloodletting","floor":37},{"not_picked":["Twin Strike+1","Dual Wield","Clothesline"],"picked":"SKIP","floor":40}],"player_experience":127298,"relics_obtained":[{"floor":7,"key":"Champion Belt"},{"floor":9,"key":"Tiny Chest"},{"floor":11,"key":"Bag of Preparation"},{"floor":14,"key":"Charon\u0027s Ashes"},{"floor":21,"key":"Paper Frog"},{"floor":23,"key":"Incense Burner"},{"floor":25,"key":"Juzu Bracelet"},{"floor":26,"key":"Vajra"},{"floor":29,"key":"Mercury Hourglass"},{"floor":34,"key":"Boot"},{"floor":34,"key":"Shuriken"},{"floor":34,"key":"Torii"},{"floor":36,"key":"Ice Cream"},{"floor":37,"key":"Old Coin"},{"floor":40,"key":"Toxic Egg 2"}],"event_choices":[{"event_name":"The Woman in Blue","player_choice":"Bought 1 Potion","floor":2,"damage_taken":0},{"event_name":"Upgrade Shrine","player_choice":"Upgraded","floor":3,"damage_taken":0},{"event_name":"Transmorgrifier","player_choice":"Transform","floor":4,"damage_taken":0},{"event_name":"Purifier","player_choice":"One Purge","floor":12,"damage_taken":0},{"event_name":"Addict","player_choice":"Obtained Relic","floor":27,"damage_taken":0},{"event_name":"Forgotten Altar","player_choice":"Shed Blood","floor":30,"damage_taken":0},{"event_name":"Mysterious Sphere","player_choice":"Fight","floor":36,"damage_taken":0},{"event_name":"MindBloom","player_choice":"Fight","floor":37,"damage_taken":0},{"event_name":"Falling","player_choice":"Removed Skill","floor":38,"damage_taken":0},{"event_name":"SecretPortal","player_choice":"Rejected Portal.","floor":41,"damage_taken":0}],"is_beta":false,"boss_relics":[{"not_picked":["Fusion Hammer","Velvet Choker"],"picked":"Runic Cube"},{"not_picked":["Coffee Dripper","Busted Crown"],"picked":"Calling Bell"}],"items_purged_floors":[],"is_endless":false,"potions_floor_spawned":[1,11,13,20,23,29,31,35,40],"killed_by":"Giant Head","ascension_level":2}