{"gold_per_floor":[109,80,100,75,75,75,75,75,99,116,127,127,127,138,138,238,288,305,316,316,416,270,282,302,302,302,302,302,317,330,340,340,445,445,463,463,478,495,244,259,273,273],"floor_reached":42,"playtime":2060,"items_purged":["Parasite"],"score":394,"play_id":"ae5cee04-4b27-4918-8f3a-db25bb8366a8","local_time":"20180726202219","is_ascension_mode":false,"campfire_choices":[{"data":"Electrodynamics","floor":6,"key":"SMITH"},{"data":"Dualcast","floor":8,"key":"SMITH"},{"data":"Undo","floor":13,"key":"SMITH"},{"data":"Genetic Algorithm","floor":15,"key":"SMITH"},{"floor":25,"key":"REST"},{"data":"Thunder Strike","floor":27,"key":"SMITH"},{"floor":32,"key":"REST"}],"neow_cost":"NONE","seed_source_timestamp":199194478227953,"circlet_count":0,"master_deck":["Strike_B+1","Strike_B+1","Strike_B+1","Defend_B+1","Defend_B+1","Defend_B+1","Defend_B+1","Zap","Dualcast+1","Electrodynamics+1","Cold Snap","Beam Cell","Barrage+1","Glacier","Undo+1","Genetic Algorithm+1","Thunder Strike+1","Skim","Darkness+1","Static Discharge+1","Aggregate+1","Hologram","Capacitor","Coolheaded","Chill","Core Surge","Self Repair","Aggregate+1","Aggregate+1","Panache","Hologram+1","Doom and Gloom+1"],"relics":["Cracked Core","Regal Pillow","Boot","Tiny House","Oddly Smooth Stone","Strawberry","Runic Pyramid"],"potions_floor_usage":[29,31,31,40,42],"damage_taken":[{"damage":1,"enemies":"2 Louse","floor":1,"turns":2},{"damage":1,"enemies":"Cultist","floor":3,"turns":3},{"damage":4,"enemies":"Jaw Worm","floor":10,"turns":2},{"damage":7,"enemies":"Blue Slaver","floor":11,"turns":3},{"damage":2,"enemies":"Exordium Wildlife","floor":14,"turns":4},{"damage":25,"enemies":"The Guardian","floor":16,"turns":13},{"damage":4,"enemies":"Spheric Guardian","floor":18,"turns":3},{"damage":0,"enemies":"Chosen","floor":19,"turns":4},{"damage":5,"enemies":"Snake Plant","floor":23,"turns":4},{"damage":16,"enemies":"Chosen and Byrds","floor":24,"turns":4},{"damage":13,"enemies":"Centurion and Healer","floor":29,"turns":6},{"damage":17,"enemies":"Cultist and Chosen","floor":30,"turns":5},{"damage":23,"enemies":"Snake Plant","floor":31,"turns":6},{"damage":42,"enemies":"Champ","floor":33,"turns":14},{"damage":9,"enemies":"3 Darklings","floor":35,"turns":4},{"damage":21,"enemies":"3 Shapes","floor":37,"turns":5},{"damage":30,"enemies":"Sphere and 2 Shapes","floor":38,"turns":4},{"damage":12,"enemies":"Flame Bruiser 2 Orb","floor":40,"turns":5},{"damage":17,"enemies":"Spire Growth","floor":41,"turns":8},{"damage":26,"enemies":"Sphere and 2 Shapes","floor":42,"turns":4}],"seed_played":"-8926746680502093837","potions_obtained":[{"floor":1,"key":"Explosive Potion"},{"floor":10,"key":"Energy Potion"},{"floor":16,"key":"SpeedPotion"},{"floor":17,"key":"AttackPotion"},{"floor":31,"key":"Dexterity Potion"},{"floor":33,"key":"Weak Potion"},{"floor":38,"key":"Dexterity Potion"},{"floor":41,"key":"SneckoOil"}],"is_trial":false,"path_per_floor":["M","?","M","$","?","R","?","R","T","M","M","?","R","M","R","B",null,"M","M","?","?","$","M","M","R","T","R","?","M","M","M","R","B",null,"M","?","M","M","$","M","M"],"character_chosen":"DEFECT","items_purchased":["Barrage","Oddly Smooth Stone","Panache"],"campfire_rested":2,"item_purchase_floors":[4,22,39],"current_hp_per_floor":[74,74,73,73,70,70,70,70,70,66,59,75,75,73,73,48,80,76,76,76,76,76,71,55,80,87,87,70,57,40,17,59,17,92,83,83,69,39,39,34,24,0],"gold":273,"neow_bonus":"ONE_RANDOM_RARE_CARD","is_prod":false,"is_daily":false,"chose_seed":false,"campfire_upgraded":5,"win_rate":0,"timestamp":1532607739,"path_taken":["M","?","M","$","?","R","?","R","T","M","?","?","R","M","R","BOSS","M","M","?","?","$","M","M","R","T","R","?","M","M","?","R","BOSS","M","?","M","M","$","M","?","M"],"build_version":"2018-07-19v2","purchased_purges":1,"victory":false,"max_hp_per_floor":[75,75,75,75,75,75,75,75,75,75,75,75,75,75,75,75,80,80,80,80,80,80,80,80,80,87,87,92,92,92,92,92,92,92,92,92,92,92,89,89,89,89],"card_choices":[{"not_picked":["Double Energy","Reprogram"],"picked":"Cold Snap","floor":1},{"not_picked":["Stack","Turbo"],"picked":"Beam Cell","floor":3},{"not_picked":["Sweeping Beam","Steam"],"picked":"Glacier","floor":10},{"not_picked":["Conserve Battery","Coolheaded"],"picked":"Undo","floor":11},{"not_picked":["Chaos","Consume"],"picked":"Genetic Algorithm","floor":14},{"not_picked":["Electrodynamics","Meteor Strike"],"picked":"Thunder Strike","floor":16},{"not_picked":["Steam","Compile Driver"],"picked":"Skim","floor":17},{"not_picked":["Rip and Tear","Coolheaded"],"picked":"Darkness+1","floor":18},{"not_picked":["Auto Shields","Turbo+1"],"picked":"Static Discharge+1","floor":19},{"not_picked":["Barrage","Turbo+1"],"picked":"Aggregate+1","floor":23},{"not_picked":["Gash+1","Turbo"],"picked":"Hologram","floor":24},{"not_picked":["Sweeping Beam+1","Static Discharge"],"picked":"Capacitor","floor":29},{"not_picked":["Hologram","Cold Snap"],"picked":"Coolheaded","floor":30},{"not_picked":["Stack","Rebound"],"picked":"Chill","floor":31},{"not_picked":["Biased Cognition","Reboot"],"picked":"Core Surge","floor":33},{"not_picked":["Leap+1","Recycle"],"picked":"Self Repair","floor":35},{"not_picked":["Conserve Battery","Turbo"],"picked":"Aggregate+1","floor":37},{"not_picked":["Beam Cell","Steam"],"picked":"Aggregate+1","floor":38},{"not_picked":["Conserve Battery","Seek"],"picked":"Hologram+1","floor":40},{"not_picked":["Force Field","Coolheaded"],"picked":"Doom and Gloom+1","floor":41}],"player_experience":160961,"relics_obtained":[{"floor":9,"key":"Boot"},{"floor":26,"key":"Strawberry"}],"event_choices":[{"event_name":"World of Goop","player_choice":"Left","floor":2,"damage_taken":0},{"event_name":"Scrap Ooze","player_choice":"success","floor":5,"damage_taken":3},{"event_name":"Living Wall","player_choice":"Grow","floor":7,"damage_taken":0},{"event_name":"Mushrooms","player_choice":"Healed and dodged fight","floor":12,"damage_taken":0},{"event_name":"Back to Basics","player_choice":"Simplicity","floor":20,"damage_taken":0},{"event_name":"Golden Shrine","player_choice":"Pray","floor":21,"damage_taken":0},{"event_name":"Forgotten Altar","player_choice":"Shed Blood","floor":28,"damage_taken":0},{"event_name":"Falling","player_choice":"Removed Attack","floor":36,"damage_taken":0}],"is_beta":false,"boss_relics":[{"not_picked":["FrozenCore","Black Star"],"picked":"Tiny House"},{"not_picked":["Cursed Key","Runic Dome"],"picked":"Runic Pyramid"}],"items_purged_floors":[39],"is_endless":false,"potions_floor_spawned":[1,10,16,19,31,33,38,41],"killed_by":"Sphere and 2 Shapes","ascension_level":0}