{"gold_per_floor":[118,118,35,50,61,61,71,84,111,122,50,50,50,64,64,163,163,178,192,192,207,207,207,224,244,294,313,5,5,5,24,24,24],"floor_reached":33,"playtime":1982,"items_purged":[],"score":268,"play_id":"b4dec8f8-68fe-40d1-b007-38c4a10f6b9e","local_time":"20180724024255","is_ascension_mode":false,"campfire_choices":[{"data":"Static Discharge","floor":6,"key":"SMITH"},{"floor":15,"key":"REST"},{"floor":23,"key":"REST"},{"floor":30,"key":"REST"},{"floor":32,"key":"REST"}],"neow_cost":"NONE","seed_source_timestamp":543691182940144,"circlet_count":0,"master_deck":["Strike_B+1","Strike_B+1","Strike_B+1","Defend_B","Defend_B","Defend_B","Defend_B","Zap+1","Dualcast","Glacier","Static Discharge+1","Stack","Melter","Hello World","Capacitor","Defragment","Hologram","Force Field","Redo","Thunder Strike","Hologram","Rebound","Rip and Tear","Redo","Barrage","Static Discharge","Go for the Eyes+1","Double Energy+1","Glacier","Barrage","Tempest","FTL","Heatsinks","Conserve Battery","Chill","Conserve Battery+1","Streamline+1"],"relics":["Cracked Core","Orrery","Nloth\u0027s Gift","Bag of Preparation","Dream Catcher"],"potions_floor_usage":[8,16,18,21,21,24,25,31,33],"damage_taken":[{"damage":0,"enemies":"Small Slimes","floor":1,"turns":3},{"damage":0,"enemies":"2 Louse","floor":4,"turns":3},{"damage":3,"enemies":"Cultist","floor":5,"turns":4},{"damage":10,"enemies":"Looter","floor":7,"turns":3},{"damage":1,"enemies":"Large Slime","floor":8,"turns":5},{"damage":18,"enemies":"Exordium Wildlife","floor":10,"turns":2},{"damage":1,"enemies":"2 Fungi Beasts","floor":14,"turns":3},{"damage":21,"enemies":"Slime Boss","floor":16,"turns":7},{"damage":8,"enemies":"Shell Parasite","floor":18,"turns":3},{"damage":20,"enemies":"3 Byrds","floor":19,"turns":6},{"damage":14,"enemies":"Sentry and Sphere","floor":21,"turns":6},{"damage":16,"enemies":"Snecko","floor":24,"turns":5},{"damage":17,"enemies":"Centurion and Healer","floor":25,"turns":10},{"damage":10,"enemies":"Chosen and Byrds","floor":27,"turns":5},{"damage":21,"enemies":"Snake Plant","floor":31,"turns":6},{"damage":58,"enemies":"Automaton","floor":33,"turns":6}],"seed_played":"-4797173682477619244","potions_obtained":[{"floor":1,"key":"PowerPotion"},{"floor":7,"key":"SkillPotion"},{"floor":10,"key":"Strength Potion"},{"floor":16,"key":"Ancient Potion"},{"floor":18,"key":"FearPotion"},{"floor":21,"key":"SkillPotion"},{"floor":25,"key":"Weak Potion"},{"floor":31,"key":"SkillPotion"}],"is_trial":false,"path_per_floor":["M","?","$","M","M","R","M","M","T","M","$","?","?","M","R","B",null,"M","M","?","M","?","R","M","M","T","M","$","?","R","M","R"],"character_chosen":"DEFECT","items_purchased":["Static Discharge","Stack","Force Field","FTL","Heatsinks","Dream Catcher","Conserve Battery"],"campfire_rested":4,"item_purchase_floors":[3,3,11,28,28,28,28],"current_hp_per_floor":[75,60,60,60,57,57,47,46,46,28,28,46,46,45,66,45,72,64,44,44,30,30,51,35,18,18,8,8,8,29,8,29,0],"gold":24,"neow_bonus":"THREE_SMALL_POTIONS","is_prod":false,"is_daily":false,"chose_seed":false,"campfire_upgraded":1,"win_rate":0,"timestamp":1532371375,"path_taken":["M","?","$","M","M","R","M","?","T","M","$","?","?","M","R","BOSS","M","?","?","M","?","R","M","M","T","M","$","?","R","M","R","BOSS"],"build_version":"2018-07-19v2","purchased_purges":0,"victory":false,"max_hp_per_floor":[75,75,75,75,75,75,75,75,75,75,75,75,72,72,72,72,72,72,72,72,72,72,72,72,72,72,72,72,72,72,72,72,72],"card_choices":[{"not_picked":["Gash","Recycle"],"picked":"Glacier","floor":1},{"not_picked":["Go for the Eyes","Turbo"],"picked":"Melter","floor":4},{"not_picked":["Rebound","Ball Lightning"],"picked":"Hello World","floor":5},{"not_picked":["Redo","Sweeping Beam"],"picked":"Capacitor","floor":7},{"not_picked":["Rebound","Steam"],"picked":"Defragment","floor":8},{"not_picked":["Cold Snap","Leap"],"picked":"Hologram","floor":10},{"not_picked":["Beam Cell","Stack"],"picked":"Redo","floor":14},{"not_picked":["Reboot","Biased Cognition"],"picked":"Thunder Strike","floor":16},{"not_picked":["Beam Cell","Scrape"],"picked":"Hologram","floor":17},{"not_picked":["Coolheaded","Streamline"],"picked":"Rebound","floor":17},{"not_picked":["Steam Power","Fusion"],"picked":"Rip and Tear","floor":17},{"not_picked":["Cold Snap","Auto Shields"],"picked":"Redo","floor":17},{"not_picked":["Hologram","Sweeping Beam"],"picked":"Barrage","floor":17},{"not_picked":["Thunder Strike","Turbo"],"picked":"Static Discharge","floor":18},{"not_picked":["Lockon","Compile Driver"],"picked":"Go for the Eyes+1","floor":19},{"not_picked":["All For One","Aggregate"],"picked":"Double Energy+1","floor":21},{"not_picked":["Sweeping Beam","Stack"],"picked":"Glacier","floor":24},{"not_picked":["Leap+1","Coolheaded"],"picked":"Barrage","floor":25},{"not_picked":["Chill","Loop"],"picked":"Tempest","floor":27},{"not_picked":["Gash+1","Recycle"],"picked":"Chill","floor":30},{"not_picked":["Tempest+1","Glacier"],"picked":"Conserve Battery+1","floor":31},{"not_picked":["Compile Driver+1","Leap"],"picked":"Streamline+1","floor":32}],"player_experience":153452,"relics_obtained":[{"floor":9,"key":"Whetstone"},{"floor":26,"key":"Bag of Preparation"}],"event_choices":[{"event_name":"Shining Light","player_choice":"Entered Light","floor":2,"damage_taken":0},{"event_name":"Mushrooms","player_choice":"Healed and dodged fight","floor":12,"damage_taken":0},{"event_name":"Purifier","player_choice":"One Purge","floor":13,"damage_taken":0},{"event_name":"N\u0027loth","player_choice":"Traded a Whetstone","floor":20,"damage_taken":0},{"event_name":"Back to Basics","player_choice":"Elegance","floor":22,"damage_taken":0},{"event_name":"FaceTrader","player_choice":"Leave","floor":29,"damage_taken":0}],"is_beta":false,"boss_relics":[{"not_picked":["Velvet Choker","Philosopher\u0027s Stone"],"picked":"Orrery"}],"items_purged_floors":[],"is_endless":false,"potions_floor_spawned":[1,7,10,16,18,21,25,31],"killed_by":"Automaton","ascension_level":0}