{"gold_per_floor":[115,115,125,125,142,142,142,176,223,223,70,86,121,141,141,239,289,299,299,318,335,114,114],"floor_reached":23,"playtime":874,"items_purged":["Fire Breathing"],"score":231,"play_id":"6dc3fae2-f695-42e3-8d86-d61a2920a722","local_time":"20180926091336","is_ascension_mode":true,"campfire_choices":[{"data":"Pummel","floor":6,"key":"SMITH"},{"floor":10,"key":"REST"},{"floor":15,"key":"REST"}],"neow_cost":"","seed_source_timestamp":1539323518782027,"circlet_count":0,"master_deck":["Strike_R","Strike_R","Strike_R","Strike_R+1","Strike_R","Defend_R","Defend_R+1","Defend_R","Defend_R","Bash+1","Pummel+1","Warcry+1","Ghostly Armor","Rampage+1","Double Tap","Shrug It Off","Sword Boomerang+1"],"relics":["Burning Blood","Boot","Bottled Lightning","Pen Nib","Blood Vial","War Paint","Tiny House","Regal Pillow"],"potions_floor_usage":[13,16,20,21,21,21,21,21],"damage_taken":[{"damage":0,"enemies":"2 Louse","floor":1,"turns":3},{"damage":6,"enemies":"Cultist","floor":3,"turns":3},{"damage":7,"enemies":"Jaw Worm","floor":5,"turns":2},{"damage":20,"enemies":"Gremlin Nob","floor":8,"turns":4},{"damage":6,"enemies":"3 Louse","floor":12,"turns":2},{"damage":25,"enemies":"Lagavulin","floor":13,"turns":6},{"damage":6,"enemies":"Exordium Thugs","floor":14,"turns":4},{"damage":75,"enemies":"Slime Boss","floor":16,"turns":11},{"damage":4,"enemies":"Chosen","floor":18,"turns":4},{"damage":26,"enemies":"2 Thieves","floor":20,"turns":4},{"damage":47,"enemies":"3 Cultists","floor":21,"turns":6},{"damage":20,"enemies":"Gremlin Leader","floor":23,"turns":5}],"seed_played":"-4214476027202516720","potions_obtained":[{"floor":3,"key":"Energy Potion"},{"floor":13,"key":"BloodPotion"},{"floor":16,"key":"EntropicBrew"},{"floor":17,"key":"Regen Potion"},{"floor":18,"key":"FearPotion"},{"floor":20,"key":"Energy Potion"}],"is_trial":false,"path_per_floor":["M","?","M","?","M","R","$","E","T","R","$","M","E","M","R","B",null,"M","?","M","M","$"],"character_chosen":"IRONCLAD","items_purchased":["Blood Vial","Regal Pillow"],"campfire_rested":2,"item_purchase_floors":[11,22],"current_hp_per_floor":[80,64,64,52,51,51,51,37,37,61,61,63,46,48,72,13,85,85,69,63,24,24,6],"gold":114,"neow_bonus":"","is_prod":false,"is_daily":false,"chose_seed":false,"campfire_upgraded":1,"win_rate":0,"timestamp":1537978416,"path_taken":["M","?","?","?","M","R","$","E","T","R","$","M","E","M","R","BOSS","M","?","?","?","$","E"],"build_version":"2018-09-20","purchased_purges":1,"victory":false,"max_hp_per_floor":[80,80,80,80,80,80,80,80,80,80,80,80,80,80,80,80,85,85,90,90,90,90,90],"card_choices":[{"not_picked":["Cleave","Twin Strike"],"picked":"Pummel","floor":1},{"not_picked":["Wild Strike","Flex","Heavy Blade"],"picked":"SKIP","floor":3},{"not_picked":["Metallicize","Clothesline","Entrench"],"picked":"SKIP","floor":5},{"not_picked":["Blood for Blood","Body Slam"],"picked":"Fire Breathing","floor":8},{"not_picked":["Body Slam","Iron Wave"],"picked":"Warcry","floor":12},{"not_picked":["Clash","Second Wind"],"picked":"Ghostly Armor","floor":13},{"not_picked":["Flex","Shockwave"],"picked":"Rampage","floor":14},{"not_picked":["Brutality","Limit Break"],"picked":"Double Tap","floor":16},{"not_picked":["Intimidate","Shrug It Off","Thunderclap"],"picked":"SKIP","floor":18},{"not_picked":["Wild Strike","Second Wind+1"],"picked":"Shrug It Off","floor":20},{"not_picked":["Iron Wave","Whirlwind"],"picked":"Sword Boomerang+1","floor":21}],"player_experience":272426,"relics_obtained":[{"floor":8,"key":"Bottled Lightning"},{"floor":9,"key":"Pen Nib"},{"floor":13,"key":"War Paint"}],"event_choices":[{"event_name":"Shining Light","player_choice":"Entered Light","floor":2,"damage_taken":0},{"event_name":"Scrap Ooze","player_choice":"success","floor":4,"damage_taken":12},{"event_name":"Forgotten Altar","player_choice":"Shed Blood","floor":19,"damage_taken":0}],"is_beta":false,"boss_relics":[{"not_picked":["Mark of Pain","Runic Pyramid"],"picked":"Tiny House"}],"items_purged_floors":[22],"is_endless":false,"potions_floor_spawned":[3,13,16,18,20],"killed_by":"Gremlin Leader","ascension_level":3}