{"gold_per_floor":[110,110,130,80,24,24,43,56,56,73,33,33,51,61,61,165,165,181,192,102,102,102,102,117,117,141,152,171,186,219,247,247,247],"floor_reached":33,"playtime":5597,"items_purged":[],"score":339,"play_id":"6dc0db46-5683-43c1-bb00-14114471fa94","local_time":"20180930213631","is_ascension_mode":true,"campfire_choices":[{"data":"Neutralize","floor":6,"key":"SMITH"},{"floor":12,"key":"REST"},{"data":"Leg Sweep","floor":15,"key":"SMITH"},{"data":"Footwork","floor":23,"key":"SMITH"},{"data":"Terror","floor":25,"key":"SMITH"},{"floor":32,"key":"REST"}],"neow_cost":"","seed_source_timestamp":134171788046751,"circlet_count":0,"master_deck":["Defend_G","Defend_G","Defend_G","Defend_G","Defend_G+1","Strike_G","Strike_G","Strike_G+1","Survivor+1","Neutralize+1","PiercingWail","Backstab","Leg Sweep+1","Predator","Quick Slash","Well Laid Plans","Well Laid Plans","Terror+1","Dash","Glass Knife","Footwork+1","Acrobatics","Dagger Spray+1","Dodge and Roll","Cloak And Dagger","Dodge and Roll"],"relics":["Ring of the Snake","Ornamental Fan","Dream Catcher","Runic Dome","Bag of Marbles","Pen Nib","Red Mask"],"potions_floor_usage":[33],"damage_taken":[{"damage":9,"enemies":"Jaw Worm","floor":1,"turns":7},{"damage":0,"enemies":"Small Slimes","floor":3,"turns":4},{"damage":0,"enemies":"2 Louse","floor":7,"turns":2},{"damage":5,"enemies":"Large Slime","floor":8,"turns":12},{"damage":10,"enemies":"Gremlin Gang","floor":10,"turns":6},{"damage":4,"enemies":"Exordium Thugs","floor":13,"turns":4},{"damage":0,"enemies":"Blue Slaver","floor":14,"turns":3},{"damage":22,"enemies":"Slime Boss","floor":16,"turns":17},{"damage":1,"enemies":"Shell Parasite","floor":18,"turns":4},{"damage":1,"enemies":"Spheric Guardian","floor":19,"turns":5},{"damage":6,"enemies":"Snake Plant","floor":24,"turns":5},{"damage":6,"enemies":"3 Cultists","floor":27,"turns":8},{"damage":0,"enemies":"Centurion and Healer","floor":28,"turns":6},{"damage":0,"enemies":"Sentry and Sphere","floor":29,"turns":6},{"damage":3,"enemies":"Slavers","floor":30,"turns":5},{"damage":5,"enemies":"Masked Bandits","floor":31,"turns":4},{"damage":68,"enemies":"Champ","floor":33,"turns":19}],"seed_played":"-4463157005170618991","potions_obtained":[{"floor":7,"key":"Poison Potion"},{"floor":10,"key":"GhostInAJar"},{"floor":13,"key":"SteroidPotion"},{"floor":29,"key":"Energy Potion"},{"floor":31,"key":"Swift Potion"}],"is_trial":false,"path_per_floor":["M","?","M","?","?","R","M","M","T","M","$","R","M","M","R","B",null,"M","M","?","$","?","R","M","R","T","M","M","M","E","?","R"],"character_chosen":"THE_SILENT","items_purchased":["Well Laid Plans"],"campfire_rested":2,"item_purchase_floors":[11],"current_hp_per_floor":[54,40,40,40,40,40,40,35,35,25,25,46,42,42,42,20,58,57,56,56,56,56,56,50,50,50,44,44,44,41,36,57,0],"gold":247,"neow_bonus":"","is_prod":false,"is_daily":false,"chose_seed":false,"campfire_upgraded":4,"win_rate":0,"timestamp":1538368591,"path_taken":["M","?","M","?","?","R","M","?","T","M","?","R","M","M","R","BOSS","M","M","?","?","?","R","M","R","T","M","M","M","E","?","R","BOSS"],"build_version":"2018-09-27","purchased_purges":0,"victory":false,"max_hp_per_floor":[70,70,70,70,70,70,70,70,70,70,70,70,70,70,70,70,70,70,70,70,70,70,70,70,70,70,70,70,70,70,70,70,70],"card_choices":[{"not_picked":["Tactician","Accuracy"],"picked":"PiercingWail","floor":1},{"not_picked":["Acrobatics","Eviscerate"],"picked":"Backstab","floor":3},{"not_picked":["Blade Dance","Dagger Throw"],"picked":"Leg Sweep","floor":7},{"not_picked":["PiercingWail","Riddle With Holes"],"picked":"Predator","floor":8},{"not_picked":["Blade Dance","Underhanded Strike"],"picked":"Quick Slash","floor":10},{"not_picked":["Dodge and Roll","Terror"],"picked":"Well Laid Plans","floor":12},{"not_picked":["Flying Knee","Unload"],"picked":"Terror","floor":13},{"not_picked":["Outmaneuver","Sucker Punch"],"picked":"Dash","floor":14},{"not_picked":["Phantasmal Killer","Unload"],"picked":"Glass Knife","floor":16},{"not_picked":["Flying Knee","Outmaneuver"],"picked":"Footwork","floor":18},{"not_picked":["Flying Knee","Poisoned Stab+1"],"picked":"Acrobatics","floor":19},{"not_picked":["Accuracy","Blade Dance","Masterful Stab"],"picked":"SKIP","floor":24},{"not_picked":["Expertise+1","Bane"],"picked":"Dagger Spray+1","floor":27},{"not_picked":["Underhanded Strike","Blade Dance","Calculated Gamble"],"picked":"SKIP","floor":28},{"not_picked":["Outmaneuver","Deflect"],"picked":"Dodge and Roll","floor":29},{"not_picked":["Underhanded Strike+1","Prepared","Unload"],"picked":"SKIP","floor":30},{"not_picked":["Dodge and Roll","Riddle With Holes+1"],"picked":"Cloak And Dagger","floor":31},{"not_picked":["Underhanded Strike","Well Laid Plans"],"picked":"Dodge and Roll","floor":32}],"player_experience":299556,"relics_obtained":[{"floor":9,"key":"Dream Catcher"},{"floor":26,"key":"Bag of Marbles"},{"floor":30,"key":"Pen Nib"},{"floor":31,"key":"Red Mask"}],"event_choices":[{"event_name":"Shining Light","player_choice":"Entered Light","floor":2,"damage_taken":0},{"event_name":"The Cleric","player_choice":"Card Removal","floor":4,"damage_taken":0},{"event_name":"WeMeetAgain","player_choice":"Gold","floor":5,"damage_taken":0},{"event_name":"Designer","player_choice":"Full Service","floor":20,"damage_taken":0},{"event_name":"Vampires","player_choice":"Ignored","floor":22,"damage_taken":0},{"event_name":"Masked Bandits","player_choice":"Fought Bandits","floor":31,"damage_taken":0}],"is_beta":false,"boss_relics":[{"not_picked":["Lizard Tail","HoveringKite"],"picked":"Runic Dome"}],"items_purged_floors":[],"is_endless":false,"potions_floor_spawned":[7,10,13,19,27,29,30,31],"killed_by":"Champ","ascension_level":6}