{"gold_per_floor":[367,41,58,76,76,76,93,93,117,131,149,75,75,75,75,177,177,188,207,222,241,31,31,31,31,57,76,94,94,94,104,104,203,203,214,214,214,214,228,228,240,251,277,294,62,62,82,98,98,98],"floor_reached":51,"playtime":2328,"items_purged":["Shame"],"score":695,"play_id":"fd340d86-b767-41fd-a769-c8ccf431907e","local_time":"20181026142717","is_ascension_mode":false,"campfire_choices":[{"data":"Apotheosis","floor":6,"key":"SMITH"},{"data":"Storm","floor":8,"key":"SMITH"},{"floor":13,"key":"REST"},{"floor":15,"key":"REST"},{"floor":23,"key":"REST"},{"floor":25,"key":"REST"},{"floor":29,"key":"REST"},{"data":"Zap","floor":32,"key":"SMITH"},{"floor":40,"key":"REST"},{"floor":46,"key":"REST"},{"floor":49,"key":"REST"}],"neow_cost":"CURSE","seed_source_timestamp":273378142954197,"circlet_count":0,"master_deck":["Strike_B","Strike_B","Strike_B","Defend_B","Defend_B","Zap+1","Dualcast","Capacitor","Storm+1","Apotheosis+1","Barrage","Multi-Cast","Cold Snap","Gash","Coolheaded","Defragment","Core Surge","Coolheaded","Hologram+1","Capacitor","Static Discharge","Stack","Gash","BootSequence+1","Electrodynamics","Gash+1","Scrape","Defragment","Go for the Eyes+1","Barrage+1","Aggregate","Parasite","Machine Learning","Glacier","Hello World","Heatsinks+1","Force Field","Consume+1","Gash+1"],"relics":["Cracked Core","Orichalcum","Eternal Feather","Membership Card","Bag of Marbles","Fusion Hammer","Dream Catcher","HandDrill","Centennial Puzzle"],"potions_floor_usage":[11,16,20,33,36,39,42,50,50],"damage_taken":[{"damage":6,"enemies":"Cultist","floor":1,"turns":3},{"damage":2,"enemies":"2 Louse","floor":3,"turns":3},{"damage":6,"enemies":"Jaw Worm","floor":4,"turns":4},{"damage":1,"enemies":"2 Fungi Beasts","floor":7,"turns":3},{"damage":20,"enemies":"Lots of Slimes","floor":10,"turns":5},{"damage":8,"enemies":"Large Slime","floor":11,"turns":4},{"damage":32,"enemies":"Hexaghost","floor":16,"turns":7},{"damage":4,"enemies":"Shell Parasite","floor":18,"turns":5},{"damage":7,"enemies":"3 Byrds","floor":19,"turns":4},{"damage":22,"enemies":"Cultist and Chosen","floor":20,"turns":6},{"damage":26,"enemies":"Snake Plant","floor":21,"turns":5},{"damage":24,"enemies":"Centurion and Healer","floor":27,"turns":5},{"damage":16,"enemies":"Snecko","floor":28,"turns":5},{"damage":13,"enemies":"Chosen and Byrds","floor":31,"turns":5},{"damage":34,"enemies":"Automaton","floor":33,"turns":8},{"damage":13,"enemies":"Orb Walker","floor":35,"turns":4},{"damage":0,"enemies":"3 Shapes","floor":39,"turns":4},{"damage":24,"enemies":"Spire Growth","floor":41,"turns":5},{"damage":20,"enemies":"Maw","floor":42,"turns":6},{"damage":24,"enemies":"Writhing Mass","floor":44,"turns":6},{"damage":15,"enemies":"Sphere and 2 Shapes","floor":47,"turns":4},{"damage":0,"enemies":"Spire Growth","floor":48,"turns":4},{"damage":37,"enemies":"Awakened One","floor":50,"turns":8}],"seed_played":"-3046439656055321087","potions_obtained":[{"floor":1,"key":"FearPotion"},{"floor":7,"key":"SteroidPotion"},{"floor":19,"key":"GamblersBrew"},{"floor":20,"key":"FearPotion"},{"floor":31,"key":"Strength Potion"},{"floor":36,"key":"Fruit Juice"},{"floor":36,"key":"SkillPotion"},{"floor":36,"key":"Strength Potion"},{"floor":39,"key":"Regen Potion"},{"floor":42,"key":"GamblersBrew"}],"is_trial":false,"path_per_floor":["M","$","M","M","$","R","M","R","T","M","M","$","R","?","R","B",null,"M","M","M","M","$","R","?","R","T","M","M","R","?","M","R","B",null,"M","?","?","?","M","R","M","M","T","M","$","R","M","M","R","B"],"character_chosen":"DEFECT","items_purchased":["Storm","Apotheosis","Defragment","Membership Card","Static Discharge","Glacier","Hello World","HandDrill","Centennial Puzzle"],"campfire_rested":8,"item_purchase_floors":[2,2,12,22,22,45,45,45,45],"current_hp_per_floor":[69,69,67,61,61,61,60,60,60,40,32,32,54,54,75,43,75,71,64,42,16,16,50,36,72,72,48,32,71,71,58,73,39,80,67,72,72,72,72,85,61,53,53,29,29,75,60,60,85,48],"gold":98,"neow_bonus":"TWO_FIFTY_GOLD","is_prod":false,"is_daily":false,"chose_seed":false,"campfire_upgraded":3,"win_rate":0,"timestamp":1540535237,"path_taken":["M","$","M","M","$","R","M","R","T","?","M","?","R","?","R","BOSS","M","M","M","M","$","R","?","R","T","?","M","R","?","M","R","BOSS","M","?","?","?","M","R","M","M","T","M","$","R","M","M","R","BOSS"],"build_version":"2018-10-25","purchased_purges":1,"victory":true,"max_hp_per_floor":[75,75,75,75,75,75,75,75,75,75,75,75,75,75,75,75,75,75,75,75,75,75,75,80,80,80,80,80,80,80,80,80,80,80,80,85,85,85,85,85,85,85,85,85,85,85,85,85,85,85],"card_choices":[{"not_picked":["Hologram","Doom and Gloom"],"picked":"Capacitor","floor":1},{"not_picked":["Coolheaded","Hologram"],"picked":"Barrage","floor":3},{"not_picked":["Go for the Eyes","Compile Driver"],"picked":"Multi-Cast","floor":4},{"not_picked":["Go for the Eyes","Beam Cell"],"picked":"Cold Snap","floor":7},{"not_picked":["Turbo","Conserve Battery"],"picked":"Gash","floor":10},{"not_picked":["Conserve Battery","Stack"],"picked":"Coolheaded","floor":11},{"not_picked":["Fission","Reboot"],"picked":"Core Surge","floor":16},{"not_picked":["Go for the Eyes","Steam"],"picked":"Coolheaded","floor":18},{"not_picked":["Conserve Battery","Skim+1"],"picked":"Hologram+1","floor":19},{"not_picked":["Sweeping Beam","White Noise"],"picked":"Capacitor","floor":20},{"not_picked":["Rip and Tear","Redo","Hello World"],"picked":"SKIP","floor":21},{"not_picked":["Steam","All For One"],"picked":"Stack","floor":27},{"not_picked":["Double Energy","Scrape+1"],"picked":"Gash","floor":28},{"not_picked":["Gash","Sweeping Beam"],"picked":"BootSequence+1","floor":31},{"not_picked":["Biased Cognition","Machine Learning"],"picked":"Electrodynamics","floor":33},{"not_picked":["Doom and Gloom","Conserve Battery"],"picked":"Gash+1","floor":35},{"not_picked":["Leap","Sweeping Beam"],"picked":"Go for the Eyes+1","floor":39},{"not_picked":["Rip and Tear+1","Gash+1"],"picked":"Barrage+1","floor":41},{"not_picked":["Gash","Steam Power+1"],"picked":"Aggregate","floor":42},{"not_picked":["Lockon","Steam+1"],"picked":"Machine Learning","floor":44},{"not_picked":["Reprogram+1","Barrage"],"picked":"Heatsinks+1","floor":46},{"not_picked":["Reinforced Body+1","Turbo+1"],"picked":"Force Field","floor":47},{"not_picked":["Redo+1","Defragment"],"picked":"Consume+1","floor":48},{"not_picked":["Chill+1","Cold Snap"],"picked":"Gash+1","floor":49}],"player_experience":396952,"relics_obtained":[{"floor":9,"key":"Orichalcum"},{"floor":26,"key":"Bag of Marbles"},{"floor":43,"key":"Dream Catcher"}],"event_choices":[{"cards_removed":["Strike_B"],"damage_healed":0,"gold_gain":0,"player_choice":"Forget","damage_taken":0,"max_hp_gain":0,"max_hp_loss":0,"event_name":"Living Wall","floor":14,"gold_loss":0},{"damage_healed":0,"gold_gain":0,"player_choice":"Shed Blood","damage_taken":19,"max_hp_gain":5,"max_hp_loss":0,"event_name":"Forgotten Altar","floor":24,"gold_loss":0},{"cards_removed":["Defend_B"],"damage_healed":0,"gold_gain":0,"player_choice":"Elegance","damage_taken":0,"max_hp_gain":0,"max_hp_loss":0,"event_name":"Back to Basics","floor":30,"gold_loss":0},{"damage_healed":0,"gold_gain":0,"player_choice":"Got Potions","damage_taken":0,"max_hp_gain":0,"max_hp_loss":0,"event_name":"The Lab","floor":36,"gold_loss":0},{"damage_healed":0,"gold_gain":0,"cards_transformed":["Defend_B"],"player_choice":"Transformed","damage_taken":0,"max_hp_gain":0,"max_hp_loss":0,"event_name":"Transmorgrifier","floor":37,"gold_loss":0,"cards_obtained":["Scrape"]},{"damage_healed":0,"gold_gain":0,"player_choice":"Copied","damage_taken":0,"max_hp_gain":0,"max_hp_loss":0,"event_name":"Duplicator","floor":38,"gold_loss":0,"cards_obtained":["Defragment"]}],"is_beta":false,"boss_relics":[{"not_picked":["Philosopher\u0027s Stone","Cursed Key"],"picked":"Eternal Feather"},{"not_picked":["Black Star","Velvet Choker"],"picked":"Fusion Hammer"}],"items_purged_floors":[2],"is_endless":false,"potions_floor_spawned":[1,7,19,20,31,39,42],"ascension_level":0}