{"gold_per_floor":[110,285,285,301,311,311,340,350,400,400],"floor_reached":10,"playtime":515,"items_purged":[],"score":78,"play_id":"f251c096-22ea-47ee-8e9b-fbabf4333d55","local_time":"20180804065920","is_ascension_mode":true,"campfire_choices":[{"data":"Deadly Poison","floor":6,"key":"SMITH"}],"neow_cost":"NONE","seed_source_timestamp":325107530468469,"circlet_count":0,"master_deck":["Defend_G","Defend_G","Defend_G","Defend_G","Defend_G","Strike_G","Strike_G","Strike_G","Strike_G","Strike_G","Survivor","Neutralize","Deadly Poison+1","Doubt","Slice","Flying Knee","Quick Slash","Adrenaline"],"relics":["White Beast Statue","Letter Opener","Oddly Smooth Stone"],"potions_floor_usage":[7,7,10,10],"damage_taken":[{"damage":2,"enemies":"2 Louse","floor":1,"turns":3},{"damage":0,"enemies":"Small Slimes","floor":4,"turns":3},{"damage":0,"enemies":"Cultist","floor":5,"turns":3},{"damage":28,"enemies":"Lagavulin","floor":7,"turns":6},{"damage":4,"enemies":"2 Fungi Beasts","floor":8,"turns":5},{"damage":30,"enemies":"Gremlin Nob","floor":10,"turns":3}],"seed_played":"4468042850427707411","potions_obtained":[{"floor":1,"key":"AttackPotion"},{"floor":4,"key":"LiquidBronze"},{"floor":5,"key":"Ancient Potion"},{"floor":7,"key":"Poison Potion"},{"floor":8,"key":"SkillPotion"}],"is_trial":false,"path_per_floor":["M","?","?","M","M","R","E","M","T"],"character_chosen":"THE_SILENT","items_purchased":[],"campfire_rested":0,"item_purchase_floors":[],"current_hp_per_floor":[68,68,61,61,61,61,33,29,29,0],"gold":400,"neow_bonus":"BOSS_RELIC","is_prod":false,"is_daily":false,"chose_seed":false,"campfire_upgraded":1,"win_rate":0,"timestamp":1533391160,"path_taken":["M","?","?","M","?","R","E","M","T","E"],"build_version":"2018-08-02","purchased_purges":0,"victory":false,"max_hp_per_floor":[70,70,70,70,70,70,70,70,70,70],"card_choices":[{"not_picked":["Dagger Throw","Well Laid Plans"],"picked":"Deadly Poison","floor":1},{"not_picked":["Distraction","PiercingWail"],"picked":"Slice","floor":4},{"not_picked":["Slice","Poisoned Stab"],"picked":"Flying Knee","floor":5},{"not_picked":["Reflex","Cloak And Dagger"],"picked":"Quick Slash","floor":7},{"not_picked":["Setup","Acrobatics"],"picked":"Adrenaline","floor":8}],"player_experience":239411,"relics_obtained":[{"floor":7,"key":"Letter Opener"},{"floor":9,"key":"Oddly Smooth Stone"}],"event_choices":[{"event_name":"Liars Game","player_choice":"agreed","floor":2,"damage_taken":0},{"event_name":"Wheel of Change","player_choice":"Damage","floor":3,"damage_taken":0}],"is_beta":false,"boss_relics":[],"items_purged_floors":[],"is_endless":false,"potions_floor_spawned":[1,4,5,7,8],"killed_by":"Gremlin Nob","ascension_level":3}