{"gold_per_floor":[111,125,135,145,95,120,137,137,164,176,205,223,233,208,208,208],"floor_reached":16,"playtime":803,"items_purged":[],"score":133,"play_id":"7ac60bc1-c41c-4151-884d-a52b7a54adb5","local_time":"20180926080420","is_ascension_mode":true,"campfire_choices":[{"floor":8,"key":"REST"},{"floor":15,"key":"REST"}],"neow_cost":"","seed_source_timestamp":1535239174648115,"circlet_count":0,"master_deck":["Strike_R","Strike_R","Strike_R","Strike_R","Defend_R","Defend_R","Defend_R","Defend_R","Bash","Flame Barrier","Feel No Pain","Body Slam","Cleave","Metallicize","Iron Wave","Body Slam","Infernal Blade","Infernal Blade","Body Slam","Shrug It Off"],"relics":["Burning Blood","Matryoshka","PreservedInsect","Centennial Puzzle","Boot"],"potions_floor_usage":[6,7,10,16],"damage_taken":[{"damage":6,"enemies":"Cultist","floor":1,"turns":3},{"damage":7,"enemies":"Jaw Worm","floor":2,"turns":3},{"damage":10,"enemies":"2 Louse","floor":3,"turns":2},{"damage":7,"enemies":"Looter","floor":4,"turns":4},{"damage":65,"enemies":"Lagavulin","floor":6,"turns":10},{"damage":15,"enemies":"Lots of Slimes","floor":7,"turns":3},{"damage":37,"enemies":"Exordium Wildlife","floor":10,"turns":6},{"damage":4,"enemies":"3 Sentries","floor":11,"turns":9},{"damage":3,"enemies":"Exordium Thugs","floor":12,"turns":5},{"damage":1,"enemies":"Looter","floor":13,"turns":3},{"damage":46,"enemies":"Hexaghost","floor":16,"turns":14}],"seed_played":"-6258940904992172891","potions_obtained":[{"floor":3,"key":"BloodPotion"},{"floor":4,"key":"Block Potion"},{"floor":6,"key":"EssenceOfSteel"},{"floor":11,"key":"BloodPotion"}],"is_trial":false,"path_per_floor":["M","M","M","M","?","E","M","R","T","M","E","M","M","$","R"],"character_chosen":"IRONCLAD","items_purchased":["Shrug It Off"],"campfire_rested":2,"item_purchase_floors":[14],"current_hp_per_floor":[80,79,75,74,74,15,14,38,38,7,9,12,17,17,41,3],"gold":208,"neow_bonus":"","is_prod":false,"is_daily":false,"chose_seed":false,"campfire_upgraded":0,"win_rate":0,"timestamp":1537974260,"path_taken":["M","M","M","?","?","E","M","R","T","M","E","M","?","$","R","BOSS"],"build_version":"2018-09-20","purchased_purges":0,"victory":false,"max_hp_per_floor":[80,80,80,80,80,80,80,80,80,80,80,80,80,80,80,80],"card_choices":[{"not_picked":["Heavy Blade","Pummel"],"picked":"Flame Barrier","floor":1},{"not_picked":["Clothesline","Cleave"],"picked":"Feel No Pain","floor":2},{"not_picked":["Sword Boomerang","Warcry"],"picked":"Body Slam","floor":3},{"not_picked":["Perfected Strike","Sever Soul"],"picked":"Cleave","floor":4},{"not_picked":["Double Tap","Demon Form"],"picked":"Metallicize","floor":6},{"not_picked":["Body Slam","Pommel Strike"],"picked":"Iron Wave","floor":7},{"not_picked":["Cleave","Twin Strike"],"picked":"Body Slam","floor":10},{"not_picked":["Berserk","Second Wind"],"picked":"Infernal Blade","floor":11},{"not_picked":["Reckless Charge","Perfected Strike"],"picked":"Infernal Blade","floor":12},{"not_picked":["Uppercut","Headbutt"],"picked":"Body Slam","floor":13}],"player_experience":268381,"relics_obtained":[{"floor":6,"key":"Matryoshka"},{"floor":9,"key":"PreservedInsect"},{"floor":9,"key":"Centennial Puzzle"},{"floor":11,"key":"Boot"}],"event_choices":[{"event_name":"The Cleric","player_choice":"Card Removal","floor":5,"damage_taken":0}],"is_beta":false,"boss_relics":[],"items_purged_floors":[],"is_endless":false,"potions_floor_spawned":[3,4,6,11],"killed_by":"Hexaghost","ascension_level":3}