{"gold_per_floor":[112,112,126,126,140,169,169,188,236,236,250,268,282,292,292,391,391,401,411,411],"floor_reached":20,"playtime":908,"items_purged":[],"score":189,"play_id":"313d53dd-69e1-4ee4-b3d8-610d412927bb","local_time":"20181027154511","is_ascension_mode":true,"campfire_choices":[{"floor":7,"key":"REST"},{"floor":10,"key":"REST"},{"floor":15,"key":"REST"}],"neow_cost":"NONE","seed_source_timestamp":365893352060728,"circlet_count":0,"master_deck":["Strike_B","Strike_B","Strike_B","Strike_B","Defend_B","Defend_B","Defend_B","Defend_B","Zap","Dualcast","Redo","Sweeping Beam","Static Discharge","Chaos","Leap","Chaos","Redo","Glacier","Coolheaded","Echo Form","Redo","Conserve Battery"],"relics":["Cracked Core","Sundial","Smiling Mask","Nuclear Battery"],"potions_floor_usage":[6,13,16,16,16],"damage_taken":[{"damage":1,"enemies":"Jaw Worm","floor":1,"turns":3},{"damage":5,"enemies":"Small Slimes","floor":3,"turns":3},{"damage":1,"enemies":"Cultist","floor":5,"turns":4},{"damage":18,"enemies":"Gremlin Nob","floor":6,"turns":4},{"damage":35,"enemies":"Exordium Thugs","floor":8,"turns":4},{"damage":21,"enemies":"Lots of Slimes","floor":11,"turns":3},{"damage":0,"enemies":"Large Slime","floor":12,"turns":5},{"damage":7,"enemies":"Gremlin Gang","floor":13,"turns":5},{"damage":8,"enemies":"Exordium Wildlife","floor":14,"turns":5},{"damage":46,"enemies":"Hexaghost","floor":16,"turns":11},{"damage":16,"enemies":"3 Byrds","floor":18,"turns":4},{"damage":20,"enemies":"Chosen","floor":19,"turns":8},{"damage":43,"enemies":"Shelled Parasite and Fungi","floor":20,"turns":6}],"seed_played":"3215931545791670645","potions_obtained":[{"floor":3,"key":"PowerPotion"},{"floor":6,"key":"Poison Potion"},{"floor":11,"key":"Strength Potion"},{"floor":12,"key":"SkillPotion"},{"floor":13,"key":"Regen Potion"}],"is_trial":false,"path_per_floor":["M","?","M","$","M","E","R","M","T","R","M","M","M","M","R","B",null,"M","M"],"character_chosen":"DEFECT","items_purchased":[],"campfire_rested":3,"item_purchase_floors":[],"current_hp_per_floor":[74,74,69,69,68,50,72,37,37,59,38,38,31,23,45,14,75,59,39,0],"gold":411,"neow_bonus":"THREE_CARDS","is_prod":false,"is_daily":false,"chose_seed":false,"campfire_upgraded":0,"win_rate":0,"timestamp":1540626311,"path_taken":["M","?","M","?","M","E","R","M","T","R","M","M","M","M","R","BOSS","M","M","M"],"build_version":"2018-10-25v2","purchased_purges":0,"victory":false,"max_hp_per_floor":[75,75,75,75,75,75,75,75,75,75,75,75,75,75,75,75,75,75,75,75],"card_choices":[{"not_picked":["Streamline","Conserve Battery"],"picked":"Redo","floor":0},{"not_picked":["Consume","Scrape"],"picked":"Sweeping Beam","floor":1},{"not_picked":["Recycle","Leap"],"picked":"Static Discharge","floor":3},{"not_picked":["Cold Snap","Tempest"],"picked":"Chaos","floor":5},{"not_picked":["Steam Power","Hyperbeam","Sweeping Beam"],"picked":"SKIP","floor":6},{"not_picked":["Steam","Auto Shields"],"picked":"Leap","floor":8},{"not_picked":["Redo","Aggregate"],"picked":"Chaos","floor":11},{"not_picked":["Barrage","Turbo"],"picked":"Redo","floor":12},{"not_picked":["Gash","Hyperbeam"],"picked":"Glacier","floor":13},{"not_picked":["Chill","Steam"],"picked":"Coolheaded","floor":14},{"not_picked":["Biased Cognition","All For One"],"picked":"Echo Form","floor":16},{"not_picked":["Gash","Stack"],"picked":"Redo","floor":18},{"not_picked":["Beam Cell+1","Stack"],"picked":"Conserve Battery","floor":19}],"player_experience":401431,"relics_obtained":[{"floor":6,"key":"Sundial"},{"floor":9,"key":"Smiling Mask"}],"event_choices":[{"damage_healed":0,"gold_gain":0,"player_choice":"Fled","damage_taken":0,"max_hp_gain":0,"max_hp_loss":0,"event_name":"Scrap Ooze","floor":2,"gold_loss":0}],"is_beta":false,"boss_relics":[{"not_picked":["Velvet Choker","Tiny House"],"picked":"Nuclear Battery"}],"items_purged_floors":[],"is_endless":false,"potions_floor_spawned":[3,6,11,12,13],"killed_by":"Shelled Parasite and Fungi","ascension_level":1}