{"gold_per_floor":[118,137,152,167,180,205,235,274,286,275,287],"floor_reached":11,"playtime":859,"items_purged":[],"score":100,"play_id":"1fcf1f28-b8f0-4951-9718-36808b38152d","local_time":"20180803060339","is_ascension_mode":true,"campfire_choices":[],"neow_cost":"CURSE","seed_source_timestamp":299422024278248,"circlet_count":0,"master_deck":["Defend_G","Defend_G","Defend_G","Defend_G","Defend_G+1","Strike_G","Strike_G","Strike_G","Strike_G","Strike_G","Survivor+1","Neutralize","Writhe","Blade Dance","Blade Dance","Bullet Time","Cloak And Dagger","Deflect","Slice","Choke","Deflect"],"relics":["Ring of the Snake","MawBank","Oddly Smooth Stone","War Paint"],"potions_floor_usage":[6,6,7,8,8],"damage_taken":[{"damage":1,"enemies":"2 Louse","floor":1,"turns":4},{"damage":11,"enemies":"Jaw Worm","floor":2,"turns":4},{"damage":0,"enemies":"Small Slimes","floor":3,"turns":4},{"damage":1,"enemies":"Looter","floor":4,"turns":3},{"damage":6,"enemies":"Red Slaver","floor":5,"turns":4},{"damage":6,"enemies":"3 Sentries","floor":6,"turns":11},{"damage":4,"enemies":"Large Slime","floor":7,"turns":7},{"damage":40,"enemies":"Gremlin Nob","floor":8,"turns":5},{"damage":10,"enemies":"Lagavulin","floor":11,"turns":6}],"seed_played":"4858460568395927934","potions_obtained":[{"floor":1,"key":"EssenceOfSteel"},{"floor":3,"key":"FearPotion"},{"floor":5,"key":"Explosive Potion"},{"floor":6,"key":"Block Potion"},{"floor":7,"key":"Dexterity Potion"}],"is_trial":false,"path_per_floor":["M","M","M","M","M","E","M","E","T","?"],"character_chosen":"THE_SILENT","items_purchased":[],"campfire_rested":0,"item_purchase_floors":[],"current_hp_per_floor":[83,72,72,71,65,59,55,15,15,15,5],"gold":287,"neow_bonus":"TWENTY_PERCENT_HP_BONUS","is_prod":false,"is_daily":false,"chose_seed":false,"campfire_upgraded":0,"win_rate":0,"timestamp":1533301419,"path_taken":["M","M","M","M","M","E","M","E","T","?","E"],"build_version":"2018-08-02","purchased_purges":0,"victory":false,"max_hp_per_floor":[84,84,84,84,84,84,84,84,84,84,84],"card_choices":[{"not_picked":["Crippling Poison","Escape Plan"],"picked":"Blade Dance","floor":1},{"not_picked":["Deflect","Well Laid Plans"],"picked":"Blade Dance","floor":2},{"not_picked":["Deflect","Bane"],"picked":"Bullet Time","floor":3},{"not_picked":["Masterful Stab","Quick Slash"],"picked":"Cloak And Dagger","floor":4},{"not_picked":["Well Laid Plans","Dagger Throw"],"picked":"Deflect","floor":5},{"not_picked":["Distraction","Prepared"],"picked":"Slice","floor":6},{"not_picked":["Outmaneuver","Tools of the Trade"],"picked":"Choke","floor":7},{"not_picked":["Backflip","Leg Sweep"],"picked":"Deflect","floor":8}],"player_experience":236260,"relics_obtained":[{"floor":6,"key":"MawBank"},{"floor":8,"key":"Oddly Smooth Stone"},{"floor":9,"key":"War Paint"}],"event_choices":[{"event_name":"World of Goop","player_choice":"Left","floor":10,"damage_taken":0}],"is_beta":false,"boss_relics":[],"items_purged_floors":[],"is_endless":false,"potions_floor_spawned":[1,3,5,6,7],"killed_by":"Lagavulin","ascension_level":3}