{"gold_per_floor":[118,118,133,133,144,172,16,43,79,266,312,324,336,364,376,484,496,520,532,469,498,525,537,583,607,619,631,661,685,224,257,257,362,362,376,392,392,402,93,119,119,119,119,169,194,194,49,60,60,60],"floor_reached":50,"playtime":2892,"items_purged":["Decay"],"score":654,"play_id":"256b7f40-1d07-4a93-abfc-7dc3b9b83d36","local_time":"20180722051448","is_ascension_mode":true,"campfire_choices":[{"floor":12,"key":"REST"},{"floor":15,"key":"REST"},{"floor":23,"key":"REST"},{"floor":32,"key":"REST"},{"floor":41,"key":"REST"},{"floor":49,"key":"REST"}],"neow_cost":"CURSE","seed_source_timestamp":22802535507321,"circlet_count":0,"master_deck":["Strike_R","Strike_R","Strike_R+1","Strike_R+1","Strike_R","Defend_R","Defend_R","Defend_R+1","Defend_R+1","Warcry","Sword Boomerang","Inflame","Shrug It Off","Pummel","Perfected Strike","Spot Weakness","Fiend Fire","Armaments+1","Iron Wave+1","Clothesline","Flex+1","Pommel Strike","Thunderclap","Clash","Limit Break","Clash","Double Tap","Sword Boomerang+1","Pommel Strike","Hemokinesis+1","Rupture","Twin Strike","Wild Strike+1","Flash of Steel","Sword Boomerang","Spot Weakness+1","Double Tap","Warcry"],"relics":["Burning Blood","Sundial","Bag of Marbles","MawBank","Whetstone","Orichalcum","Spirit Poop","Velvet Choker","Anchor","Ancient Tea Set","Kunai","Vajra","Tiny Chest","Centennial Puzzle","Runic Cube","OrangePellets","Self Forming Clay","Juzu Bracelet","Unceasing Top","Turnip"],"potions_floor_usage":[6,21,22,24,25,33,33,48,50,50],"damage_taken":[{"damage":2,"enemies":"Small Slimes","floor":1,"turns":4},{"damage":8,"enemies":"Cultist","floor":3,"turns":3},{"damage":14,"enemies":"Jaw Worm","floor":5,"turns":3},{"damage":23,"enemies":"Lagavulin","floor":6,"turns":5},{"damage":10,"enemies":"3 Louse","floor":8,"turns":4},{"damage":6,"enemies":"Gremlin Nob","floor":11,"turns":3},{"damage":6,"enemies":"2 Fungi Beasts","floor":14,"turns":3},{"damage":68,"enemies":"The Guardian","floor":16,"turns":9},{"damage":30,"enemies":"3 Byrds","floor":18,"turns":6},{"damage":3,"enemies":"Chosen","floor":21,"turns":5},{"damage":23,"enemies":"Snake Plant","floor":22,"turns":3},{"damage":18,"enemies":"Book of Stabbing","floor":24,"turns":5},{"damage":29,"enemies":"Chosen and Byrds","floor":25,"turns":7},{"damage":3,"enemies":"Snecko","floor":28,"turns":3},{"damage":14,"enemies":"Centurion and Healer","floor":29,"turns":4},{"damage":21,"enemies":"Slavers","floor":31,"turns":3},{"damage":64,"enemies":"Automaton","floor":33,"turns":7},{"damage":15,"enemies":"3 Darklings","floor":35,"turns":5},{"damage":0,"enemies":"Orb Walker","floor":36,"turns":3},{"damage":13,"enemies":"Sphere and 2 Shapes","floor":38,"turns":3},{"damage":37,"enemies":"Giant Head","floor":40,"turns":7},{"damage":20,"floor":44,"turns":4},{"damage":24,"enemies":"Nemesis","floor":45,"turns":5},{"damage":27,"enemies":"Transient","floor":48,"turns":5},{"damage":43,"enemies":"Donu and Deca","floor":50,"turns":5}],"seed_played":"-1856496638741447456","potions_obtained":[{"floor":2,"key":"Weak Potion"},{"floor":2,"key":"Explosive Potion"},{"floor":2,"key":"AttackPotion"},{"floor":6,"key":"Block Potion"},{"floor":21,"key":"SkillPotion"},{"floor":22,"key":"Swift Potion"},{"floor":24,"key":"Regen Potion"},{"floor":40,"key":"SkillPotion"},{"floor":44,"key":"EssenceOfSteel"},{"floor":45,"key":"SkillPotion"}],"is_trial":false,"path_per_floor":["M","?","M","?","M","E","$","M","T","?","E","R","?","M","R","B",null,"M","?","?","M","M","R","E","M","T","?","M","M","$","E","R","B",null,"M","M","?","M","$","E","R","?","T","?","E","?","$","M","R"],"character_chosen":"IRONCLAD","items_purchased":["MawBank","Vajra","Limit Break","Tiny Chest","OrangePellets","Rupture","Twin Strike","Double Tap"],"campfire_rested":6,"item_purchase_floors":[7,30,30,30,39,39,39,47],"current_hp_per_floor":[80,80,78,62,54,37,37,33,33,33,33,57,57,57,80,18,80,56,56,56,59,42,66,54,31,31,57,60,52,52,37,61,12,80,71,77,77,70,70,39,63,63,63,49,31,31,31,10,34,0],"gold":60,"neow_bonus":"ONE_RARE_RELIC","is_prod":false,"is_daily":false,"chose_seed":false,"campfire_upgraded":0,"win_rate":0,"timestamp":1532261688,"path_taken":["M","?","M","?","M","E","$","M","T","?","E","R","?","M","R","BOSS","M","?","?","M","?","R","E","M","T","?","M","M","$","E","R","BOSS","M","M","?","?","$","E","R","?","T","?","E","?","$","M","R","BOSS"],"build_version":"2018-07-19v2","purchased_purges":1,"victory":false,"max_hp_per_floor":[80,80,80,80,80,80,80,80,80,80,80,80,80,80,80,80,80,80,80,80,80,80,80,80,80,80,80,80,80,80,80,80,80,80,80,80,80,80,80,80,80,80,80,80,80,80,80,80,80,80],"card_choices":[{"not_picked":["Body Slam","Combust"],"picked":"Warcry","floor":1},{"not_picked":["Dual Wield","Entrench"],"picked":"Sword Boomerang","floor":3},{"not_picked":["Combust","Perfected Strike"],"picked":"Inflame","floor":5},{"not_picked":["Uppercut","Metallicize"],"picked":"Shrug It Off","floor":6},{"not_picked":["Clash","Shrug It Off"],"picked":"Pummel","floor":8},{"not_picked":["Flex","Pommel Strike"],"picked":"Perfected Strike","floor":11},{"not_picked":["Shrug It Off","Whirlwind"],"picked":"Spot Weakness","floor":14},{"not_picked":["Juggernaut","Impervious"],"picked":"Fiend Fire","floor":16},{"not_picked":["Twin Strike","Perfected Strike"],"picked":"Armaments+1","floor":18},{"not_picked":["Warcry","Shrug It Off"],"picked":"Iron Wave+1","floor":21},{"not_picked":["Dark Embrace","Twin Strike"],"picked":"Clothesline","floor":22},{"not_picked":["Shrug It Off","Cleave"],"picked":"Flex+1","floor":24},{"not_picked":["Flex+1","Dual Wield"],"picked":"Pommel Strike","floor":25},{"not_picked":["True Grit","Headbutt"],"picked":"Thunderclap","floor":28},{"not_picked":["Anger","Perfected Strike"],"picked":"Clash","floor":29},{"not_picked":["Cleave","Reckless Charge"],"picked":"Clash","floor":31},{"not_picked":["Dark Embrace","Juggernaut"],"picked":"Double Tap","floor":33},{"not_picked":["Searing Blow","Headbutt"],"picked":"Sword Boomerang+1","floor":35},{"not_picked":["Second Wind","Wild Strike"],"picked":"Pommel Strike","floor":36},{"not_picked":["Shockwave","Searing Blow"],"picked":"Hemokinesis","floor":38},{"not_picked":["Anger+1","Intimidate"],"picked":"Wild Strike+1","floor":40},{"not_picked":["Searing Blow","Anger+1"],"picked":"Sword Boomerang","floor":44},{"not_picked":["Hemokinesis+1","Iron Wave+1"],"picked":"Spot Weakness+1","floor":45},{"not_picked":["Wild Strike","Brutality"],"picked":"Warcry","floor":48}],"player_experience":129820,"relics_obtained":[{"floor":6,"key":"Bag of Marbles"},{"floor":9,"key":"Whetstone"},{"floor":11,"key":"Orichalcum"},{"floor":24,"key":"Ancient Tea Set"},{"floor":26,"key":"Kunai"},{"floor":31,"key":"Centennial Puzzle"},{"floor":40,"key":"Self Forming Clay"},{"floor":43,"key":"Juzu Bracelet"},{"floor":44,"key":"Unceasing Top"},{"floor":45,"key":"Turnip"}],"event_choices":[{"event_name":"The Lab","player_choice":"Got Potions","floor":2,"damage_taken":0},{"event_name":"Shining Light","player_choice":"Entered Light","floor":4,"damage_taken":0},{"event_name":"Liars Game","player_choice":"agreed","floor":10,"damage_taken":0},{"event_name":"Bonfire Elementals","player_choice":"CURSE","floor":13,"damage_taken":0},{"event_name":"The Mausoleum","player_choice":"Yes","floor":19,"damage_taken":0},{"event_name":"Beggar","player_choice":"Gave Gold","floor":20,"damage_taken":0},{"event_name":"The Library","player_choice":"Heal","floor":27,"damage_taken":0},{"event_name":"Wheel of Change","player_choice":"Card Removal","floor":37,"damage_taken":0},{"event_name":"Match and Keep!","player_choice":"1 cards matched","floor":42,"damage_taken":0},{"event_name":"Mysterious Sphere","player_choice":"Fight","floor":44,"damage_taken":0},{"event_name":"Upgrade Shrine","player_choice":"Upgraded","floor":46,"damage_taken":0}],"is_beta":false,"boss_relics":[{"not_picked":["Ectoplasm","Mark of Pain"],"picked":"Velvet Choker"},{"not_picked":["Pandora\u0027s Box","Eternal Feather"],"picked":"Runic Cube"}],"items_purged_floors":[30],"is_endless":false,"potions_floor_spawned":[5,6,14,21,22,24,40,44,45],"killed_by":"Donu and Deca","ascension_level":2}