{"gold_per_floor":[113,288,298,75,94,94,109,128,128,157,157,172,186,220,220,319,319,334,351,364,68,88,88],"floor_reached":23,"playtime":1418,"items_purged":["Doubt"],"score":238,"play_id":"72fb672d-dfa5-467a-9194-7f0cbe52b1e2","local_time":"20180803035019","is_ascension_mode":true,"campfire_choices":[{"data":"Terror","floor":6,"key":"SMITH"},{"data":"Riddle With Holes","floor":11,"key":"SMITH"},{"floor":15,"key":"REST"}],"neow_cost":"NONE","seed_source_timestamp":290861823775858,"circlet_count":0,"master_deck":["Defend_G","Defend_G","Defend_G","Defend_G","Defend_G","Strike_G","Strike_G","Strike_G","Strike_G","Strike_G","Survivor","Neutralize","Terror+1","Riddle With Holes+1","Blur","Backstab","Flechettes","Sucker Punch","Sucker Punch","Backstab","Unload","Dagger Spray","Sucker Punch","PiercingWail","Dodge and Roll"],"relics":["Eternal Feather","Omamori","Matryoshka","Kunai","Question Card","Lizard Tail","Oddly Smooth Stone","Blood Vial"],"potions_floor_usage":[10,10,14,16,20,23,23],"damage_taken":[{"damage":11,"enemies":"Jaw Worm","floor":1,"turns":4},{"damage":5,"enemies":"Cultist","floor":3,"turns":4},{"damage":5,"enemies":"2 Louse","floor":5,"turns":2},{"damage":21,"enemies":"Lots of Slimes","floor":7,"turns":5},{"damage":5,"enemies":"Blue Slaver","floor":8,"turns":5},{"damage":34,"enemies":"Lagavulin","floor":10,"turns":8},{"damage":5,"enemies":"Exordium Wildlife","floor":12,"turns":4},{"damage":15,"enemies":"2 Fungi Beasts","floor":13,"turns":5},{"damage":12,"enemies":"Gremlin Nob","floor":14,"turns":3},{"damage":16,"enemies":"Hexaghost","floor":16,"turns":8},{"damage":6,"enemies":"Shell Parasite","floor":18,"turns":4},{"damage":6,"enemies":"Chosen","floor":19,"turns":3},{"damage":36,"enemies":"Slaver and Parasite","floor":20,"turns":8},{"damage":18,"enemies":"Snake Plant","floor":22,"turns":5},{"damage":10,"enemies":"Book of Stabbing","floor":23,"turns":2}],"seed_played":"-1837960880295892595","potions_obtained":[{"floor":1,"key":"Fire Potion"},{"floor":5,"key":"Regen Potion"},{"floor":7,"key":"Regen Potion"},{"floor":13,"key":"Strength Potion"},{"floor":18,"key":"Fire Potion"},{"floor":19,"key":"SteroidPotion"},{"floor":22,"key":"Poison Potion"}],"is_trial":false,"path_per_floor":["M","?","M","$","M","R","M","M","T","E","R","M","M","E","R","B",null,"M","M","M","$","M"],"character_chosen":"THE_SILENT","items_purchased":["Omamori","Oddly Smooth Stone","Blood Vial"],"campfire_rested":1,"item_purchase_floors":[4,21,21],"current_hp_per_floor":[59,59,54,54,49,55,34,29,29,44,53,48,33,21,54,38,70,64,58,22,22,6,35],"gold":88,"neow_bonus":"BOSS_RELIC","is_prod":false,"is_daily":false,"chose_seed":false,"campfire_upgraded":2,"win_rate":0,"timestamp":1533293419,"path_taken":["M","?","M","$","M","R","M","M","T","E","R","M","M","E","R","BOSS","M","M","?","$","M","E"],"build_version":"2018-08-02","purchased_purges":1,"victory":false,"max_hp_per_floor":[70,70,70,70,70,70,70,70,70,70,70,70,70,70,70,70,70,70,70,70,70,70,70],"card_choices":[{"not_picked":["Crippling Poison","Poisoned Stab"],"picked":"Terror","floor":1},{"not_picked":["Backflip","Acrobatics"],"picked":"Riddle With Holes","floor":3},{"not_picked":["Calculated Gamble","Setup","Blur"],"picked":"SKIP","floor":5},{"not_picked":["Acrobatics","Expertise"],"picked":"Blur","floor":7},{"not_picked":["Outmaneuver","Deadly Poison"],"picked":"Backstab","floor":8},{"not_picked":["Distraction","Prepared"],"picked":"Flechettes","floor":10},{"not_picked":["Acrobatics","Finisher"],"picked":"Sucker Punch","floor":12},{"not_picked":["Accuracy","Poisoned Stab"],"picked":"Sucker Punch","floor":13},{"not_picked":["Dodge and Roll","Cloak And Dagger"],"picked":"Backstab","floor":14},{"not_picked":["Burst","Envenom","Doppelganger"],"picked":"Unload","floor":16},{"not_picked":["Outmaneuver","Blade Dance","Quick Slash"],"picked":"Dagger Spray","floor":18},{"not_picked":["Calculated Gamble+1","Predator","Bouncing Flask+1"],"picked":"Sucker Punch","floor":19},{"not_picked":["Choke","Outmaneuver","Dagger Spray"],"picked":"PiercingWail","floor":20},{"not_picked":["Bouncing Flask","Poisoned Stab","Flying Knee+1"],"picked":"Dodge and Roll","floor":22}],"player_experience":227787,"relics_obtained":[{"floor":9,"key":"Matryoshka"},{"floor":10,"key":"Kunai"},{"floor":14,"key":"Question Card"}],"event_choices":[{"event_name":"Liars Game","player_choice":"agreed","floor":2,"damage_taken":0}],"is_beta":false,"boss_relics":[{"not_picked":["Fusion Hammer","White Beast Statue"],"picked":"Lizard Tail"}],"items_purged_floors":[4],"is_endless":false,"potions_floor_spawned":[1,5,7,13,18,19,22],"killed_by":"Book of Stabbing","ascension_level":3}