{"gold_per_floor":[115,127,143,157,175,175,188,188,188,211,211,211,211,161,161,263,263,277,60,70,85,10,10,10,10,10,10,10,10],"floor_reached":29,"playtime":773,"items_purged":[],"score":288,"play_id":"32ff584d-90ce-4611-9335-3858ff30bcf7","local_time":"20190502142205","is_ascension_mode":true,"campfire_choices":[{"data":"Fusion","floor":6,"key":"SMITH"},{"data":"Sunder","floor":12,"key":"SMITH"},{"floor":15,"key":"REST"},{"floor":23,"key":"REST"}],"neow_cost":"NONE","seed_source_timestamp":485078327077634,"circlet_count":0,"master_deck":["Strike_B","Strike_B","Defend_B","Defend_B","Defend_B","Defend_B","Zap","Dualcast","Gash","FTL","Chill","Conserve Battery","Fusion+1","Sunder+1","Seek","Gash","Coolheaded","Capacitor","Steam","Doom and Gloom","Recycle","Barrage"],"relics":["Cracked Core","NeowsBlessing","Oddly Smooth Stone","Juzu Bracelet","Potion Belt","White Beast Statue","Girya","Molten Egg 2","Darkstone Periapt"],"potions_floor_usage":[16,21,21,21,29,29],"damage_taken":[{"damage":0,"enemies":"2 Louse","floor":1,"turns":1},{"damage":0,"enemies":"Jaw Worm","floor":2,"turns":1},{"damage":0,"enemies":"Small Slimes","floor":3,"turns":1},{"damage":0,"enemies":"2 Fungi Beasts","floor":4,"turns":3},{"damage":0,"enemies":"3 Louse","floor":5,"turns":3},{"damage":9,"enemies":"Exordium Wildlife","floor":7,"turns":6},{"damage":60,"enemies":"Hexaghost","floor":16,"turns":11},{"damage":17,"enemies":"Shell Parasite","floor":18,"turns":8},{"damage":0,"enemies":"Spheric Guardian","floor":20,"turns":4},{"damage":32,"enemies":"Snecko","floor":21,"turns":7},{"damage":37,"enemies":"Book of Stabbing","floor":29,"turns":7}],"seed_played":"-3137455342555480096","potions_obtained":[{"floor":4,"key":"Poison Potion"},{"floor":5,"key":"Energy Potion"},{"floor":7,"key":"Weak Potion"},{"floor":18,"key":"Dexterity Potion"},{"floor":20,"key":"Block Potion"},{"floor":21,"key":"Dexterity Potion"}],"is_trial":false,"path_per_floor":["M","M","M","M","M","R","M","?","T","T","?","R","?","?","R","B",null,"M","$","M","M","?","R","?","T","T","$","T","E"],"character_chosen":"DEFECT","items_purchased":["Coolheaded","Capacitor","Steam","Doom and Gloom"],"campfire_rested":2,"item_purchase_floors":[19,19,19,19],"current_hp_per_floor":[68,68,68,68,68,68,59,59,59,59,59,59,52,52,74,14,60,43,43,43,11,11,33,33,33,33,33,33,0],"gold":10,"neow_bonus":"THREE_ENEMY_KILL","is_prod":false,"is_daily":false,"chose_seed":false,"campfire_upgraded":2,"win_rate":0,"timestamp":1556778125,"path_taken":["M","M","M","M","M","R","M","?","T","?","?","R","?","?","R","BOSS","M","$","M","M","?","R","?","?","T","$","?","E"],"build_version":"2019-01-23","purchased_purges":0,"victory":false,"max_hp_per_floor":[75,75,75,75,75,75,75,75,75,75,75,75,75,75,75,75,75,75,75,75,75,75,75,75,75,75,75,75,75],"card_choices":[{"not_picked":["Coolheaded","Cold Snap"],"picked":"Gash","floor":1},{"not_picked":["Streamline","Tempest"],"picked":"FTL","floor":2},{"not_picked":["Hologram","Conserve Battery"],"picked":"Chill","floor":3},{"not_picked":["Compile Driver","Steam Power"],"picked":"Conserve Battery","floor":4},{"not_picked":["Beam Cell","Compile Driver"],"picked":"Fusion","floor":5},{"not_picked":["Reprogram","Go for the Eyes"],"picked":"Sunder","floor":7},{"not_picked":["Amplify","Thunder Strike"],"picked":"Seek","floor":16},{"not_picked":["Turbo","Coolheaded"],"picked":"Gash","floor":18},{"not_picked":["Chill+1","Static Discharge"],"picked":"Recycle","floor":20},{"not_picked":["Gash","Rebound+1"],"picked":"Barrage","floor":21}],"player_experience":842935,"relics_obtained":[{"floor":9,"key":"Oddly Smooth Stone"},{"floor":10,"key":"Juzu Bracelet"},{"floor":25,"key":"Girya"},{"floor":26,"key":"Molten Egg 2"},{"floor":28,"key":"Darkstone Periapt"}],"event_choices":[{"damage_healed":0,"gold_gain":0,"player_choice":"Ignored","damage_taken":0,"max_hp_gain":0,"max_hp_loss":0,"event_name":"Liars Game","floor":8,"gold_loss":0},{"damage_healed":0,"gold_gain":0,"player_choice":"Ignored","damage_taken":0,"max_hp_gain":0,"max_hp_loss":0,"event_name":"Golden Idol","floor":11,"gold_loss":0},{"damage_healed":0,"gold_gain":0,"player_choice":"Success","damage_taken":7,"relics_obtained":["Potion Belt"],"max_hp_gain":0,"max_hp_loss":0,"event_name":"Scrap Ooze","floor":13,"gold_loss":0},{"cards_removed":["Strike_B"],"damage_healed":0,"gold_gain":0,"player_choice":"Card Removal","damage_taken":0,"max_hp_gain":0,"max_hp_loss":0,"event_name":"The Cleric","floor":14,"gold_loss":50},{"cards_removed":["Strike_B"],"damage_healed":0,"gold_gain":0,"player_choice":"Gave Gold","damage_taken":0,"max_hp_gain":0,"max_hp_loss":0,"event_name":"Beggar","floor":22,"gold_loss":75},{"damage_healed":0,"gold_gain":0,"player_choice":"Ignored","damage_taken":0,"max_hp_gain":0,"max_hp_loss":0,"event_name":"Vampires","floor":24,"gold_loss":0}],"is_beta":false,"boss_relics":[{"not_picked":["Snecko Eye","Coffee Dripper"],"picked":"White Beast Statue"}],"items_purged_floors":[],"is_endless":false,"potions_floor_spawned":[4,5,7,18,20,21],"killed_by":"Book of Stabbing","ascension_level":7}