{"gold_per_floor":[117,117,117,117,127,127,127,127,180,180,211,211,241,254,254,351,351,362,376,376,390,33,33,46,46,95,430,430,450,450,485,485,590,590,605,624,641,227,327,327],"floor_reached":40,"playtime":4635,"items_purged":["Parasite"],"score":640,"play_id":"5eea4575-28c5-4251-ba8c-e5d8051d8daf","local_time":"20190309193212","is_ascension_mode":true,"campfire_choices":[{"data":"Night Terror","floor":6,"key":"SMITH"},{"data":"Caltrops","floor":7,"key":"SMITH"},{"data":"Calculated Gamble","floor":10,"key":"SMITH"},{"floor":12,"key":"REST"},{"floor":15,"key":"REST"},{"floor":23,"key":"REST"},{"floor":25,"key":"REST"},{"data":"A Thousand Cuts","floor":30,"key":"SMITH"},{"floor":32,"key":"RECALL"}],"neow_cost":"TEN_PERCENT_HP_LOSS","seed_source_timestamp":666741712054853,"circlet_count":0,"master_deck":["Defend_G","Defend_G","Defend_G","Defend_G","Defend_G","Strike_G","Survivor","Neutralize","Night Terror+1","Dagger Spray","Caltrops+1","Calculated Gamble+1","After Image","Distraction+1","Cloak And Dagger+1","A Thousand Cuts+1","Well Laid Plans","Leg Sweep+1","Footwork","Panache","PiercingWail","Acrobatics","Blade Dance+1","Cloak And Dagger","Corpse Explosion","All Out Attack","Expertise","Bandage Up","Accuracy"],"relics":["Ring of the Serpent","WingedGreaves","Boot","Darkstone Periapt","Busted Crown","War Paint","Bag of Marbles","Old Coin","Dream Catcher","Dead Branch","Shovel"],"potions_floor_usage":[14,16,21,27,33,33,33,39,40,40],"damage_taken":[{"damage":1,"enemies":"2 Louse","floor":1,"turns":4},{"damage":1,"enemies":"Small Slimes","floor":5,"turns":5},{"damage":52,"enemies":"3 Sentries","floor":11,"turns":7},{"damage":28,"enemies":"Gremlin Nob","floor":13,"turns":7},{"damage":3,"enemies":"Jaw Worm","floor":14,"turns":4},{"damage":27,"enemies":"The Guardian","floor":16,"turns":18},{"damage":7,"enemies":"Shell Parasite","floor":18,"turns":7},{"damage":17,"enemies":"3 Byrds","floor":19,"turns":3},{"damage":14,"enemies":"Shelled Parasite and Fungi","floor":21,"turns":6},{"damage":2,"enemies":"Snake Plant","floor":24,"turns":4},{"damage":0,"enemies":"Gremlin Leader","floor":27,"turns":6},{"damage":0,"enemies":"Snecko","floor":29,"turns":6},{"damage":2,"enemies":"Book of Stabbing","floor":31,"turns":5},{"damage":23,"enemies":"Automaton","floor":33,"turns":7},{"damage":5,"enemies":"Orb Walker","floor":35,"turns":3},{"damage":21,"enemies":"3 Shapes","floor":36,"turns":4},{"damage":14,"enemies":"Sphere and 2 Shapes","floor":37,"turns":4},{"damage":2,"enemies":"Mind Bloom Boss Battle","floor":39,"turns":7},{"damage":20,"enemies":"Reptomancer","floor":40,"turns":3}],"seed_played":"2338829113926292903","potions_obtained":[{"floor":13,"key":"SkillPotion"},{"floor":14,"key":"Regen Potion"},{"floor":16,"key":"SteroidPotion"},{"floor":18,"key":"SkillPotion"},{"floor":19,"key":"FearPotion"},{"floor":24,"key":"FearPotion"},{"floor":31,"key":"SteroidPotion"},{"floor":33,"key":"SpeedPotion"},{"floor":36,"key":"Weak Potion"},{"floor":37,"key":"Weak Potion"}],"is_trial":false,"path_per_floor":["M","?","?","?","M","R","R","?","T","R","E","R","E","M","R","B",null,"M","M","?","M","$","R","M","R","T","E","?","M","R","E","R","B",null,"M","M","M","$","?","E"],"character_chosen":"THE_SILENT","items_purchased":["Footwork","Panache","PiercingWail","Bandage Up","Dead Branch","Accuracy"],"campfire_rested":4,"item_purchase_floors":[22,22,22,38,38,38],"current_hp_per_floor":[62,50,43,48,47,47,47,64,64,64,12,32,4,1,21,9,53,46,29,29,15,15,34,32,51,51,51,51,51,51,49,49,26,55,50,29,15,15,13,0],"gold":327,"neow_bonus":"TRANSFORM_TWO_CARDS","is_prod":false,"is_daily":false,"chose_seed":false,"campfire_upgraded":4,"win_rate":0,"timestamp":1552177932,"path_taken":["M","?","?","?","?","R","R","?","T","R","E","R","E","M","R","BOSS","M","M","?","M","$","R","M","R","T","E","?","M","R","E","R","BOSS","M","?","M","$","?","E"],"build_version":"2019-01-23","purchased_purges":1,"victory":false,"max_hp_per_floor":[63,63,63,68,68,68,68,68,68,68,68,68,68,68,68,68,68,68,68,68,68,65,65,65,65,65,65,65,65,65,65,65,65,65,65,65,65,65,65,65],"card_choices":[{"not_picked":["Acrobatics","Underhanded Strike"],"picked":"Caltrops","floor":1},{"not_picked":["Quick Slash","Dagger Throw"],"picked":"Calculated Gamble","floor":5},{"not_picked":["Endless Agony","Bane"],"picked":"After Image","floor":11},{"not_picked":["Accuracy","Expertise"],"picked":"Distraction","floor":13},{"not_picked":["All Out Attack","Caltrops"],"picked":"Cloak And Dagger","floor":14},{"not_picked":["Unload","Tools of the Trade"],"picked":"A Thousand Cuts","floor":16},{"not_picked":[],"picked":"Well Laid Plans","floor":18},{"not_picked":[],"picked":"Leg Sweep+1","floor":19},{"not_picked":["Calculated Gamble"],"picked":"SKIP","floor":21},{"not_picked":[],"picked":"Acrobatics","floor":24},{"not_picked":[],"picked":"Blade Dance+1","floor":27},{"not_picked":[],"picked":"Cloak And Dagger","floor":29},{"not_picked":[],"picked":"Corpse Explosion","floor":31},{"not_picked":["Bane"],"picked":"SKIP","floor":35},{"not_picked":[],"picked":"All Out Attack","floor":36},{"not_picked":[],"picked":"Expertise","floor":37}],"player_experience":1063703,"relics_obtained":[{"floor":11,"key":"Boot"},{"floor":13,"key":"Darkstone Periapt"},{"floor":26,"key":"Bag of Marbles"},{"floor":27,"key":"Old Coin"},{"floor":31,"key":"Dream Catcher"},{"floor":39,"key":"Shovel"}],"event_choices":[{"damage_healed":0,"gold_gain":0,"player_choice":"Success","damage_taken":12,"relics_obtained":["WingedGreaves"],"max_hp_gain":0,"max_hp_loss":0,"event_name":"Scrap Ooze","floor":2,"gold_loss":0},{"cards_removed":["Strike_G"],"damage_healed":0,"gold_gain":0,"player_choice":"Card Removal","damage_taken":7,"max_hp_gain":0,"max_hp_loss":0,"event_name":"Golden Wing","floor":3,"gold_loss":0},{"damage_healed":0,"gold_gain":0,"player_choice":"Donut","damage_taken":0,"max_hp_gain":5,"max_hp_loss":0,"event_name":"Big Fish","floor":4,"gold_loss":0},{"damage_healed":17,"gold_gain":0,"player_choice":"Healed and dodged fight","damage_taken":0,"max_hp_gain":0,"max_hp_loss":0,"event_name":"Mushrooms","floor":8,"gold_loss":0,"cards_obtained":["Parasite"]},{"damage_healed":0,"gold_gain":0,"player_choice":"Opened","damage_taken":0,"relics_obtained":["War Paint"],"max_hp_gain":0,"max_hp_loss":0,"event_name":"The Mausoleum","floor":20,"gold_loss":0},{"cards_removed":["Strike_G"],"damage_healed":0,"gold_gain":0,"player_choice":"Offered Basic","damage_taken":0,"max_hp_gain":0,"max_hp_loss":0,"event_name":"Bonfire Elementals","floor":28,"gold_loss":0},{"damage_healed":0,"gold_gain":0,"player_choice":"Fight","damage_taken":0,"max_hp_gain":0,"max_hp_loss":0,"event_name":"MindBloom","floor":39,"gold_loss":0}],"is_beta":false,"boss_relics":[{"not_picked":["WristBlade","Eternal Feather"],"picked":"Busted Crown"},{"not_picked":["Calling Bell","Black Star"],"picked":"Ring of the Serpent"}],"items_purged_floors":[22],"is_endless":false,"potions_floor_spawned":[13,14,16,18,19,24,31,33,36,37],"killed_by":"Reptomancer","ascension_level":8}