{"gold_per_floor":[109,119,119,135,135,148,160,160,183,195,195,195,210,225,225,321,321,341,359,57,73,83,83,83,98,98,98,98,110,122,155,155,259,259,269,286,286],"floor_reached":37,"playtime":61740,"items_purged":[],"score":439,"play_id":"a2c2b82b-7d8a-4693-ad93-794894adc996","local_time":"20180717141935","is_ascension_mode":false,"campfire_choices":[{"floor":8,"key":"REST"},{"floor":11,"key":"REST"},{"floor":15,"key":"REST"},{"floor":23,"key":"REST"},{"floor":28,"key":"REST"},{"floor":32,"key":"REST"}],"neow_cost":"NONE","seed_source_timestamp":1801541813888491,"circlet_count":0,"master_deck":["Defend_B","Defend_B","Defend_B","Defend_B","Zap","Dualcast","BootSequence","FTL","Stack","Lockon","Go for the Eyes","Doom and Gloom","Barrage","Chaos","FTL","Sweeping Beam","Electrodynamics","Auto Shields+1","Hologram+1","Compile Driver","Streamline","Coolheaded","Skim+1","Cold Snap","Bite","Bite","Bite","Bite","Bite","Hologram+1","Genetic Algorithm","Reinforced Body","Reinforced Body+1","Double Energy+1","Machine Learning+1","Stack+1","Melter+1"],"relics":["Cracked Core","NeowsBlessing","Dream Catcher","Question Card","Fusion Hammer","Frozen Egg 2","Matryoshka","Bag of Marbles","Eternal Feather"],"potions_floor_usage":[22,30,31,31,33,35,37],"damage_taken":[{"damage":0,"enemies":"Small Slimes","floor":1,"turns":1},{"damage":0,"enemies":"Cultist","floor":2,"turns":1},{"damage":0,"enemies":"2 Louse","floor":4,"turns":1},{"damage":22,"enemies":"Exordium Thugs","floor":6,"turns":5},{"damage":4,"enemies":"Blue Slaver","floor":7,"turns":4},{"damage":3,"enemies":"Red Slaver","floor":10,"turns":3},{"damage":7,"enemies":"3 Louse","floor":13,"turns":3},{"damage":4,"enemies":"Exordium Wildlife","floor":14,"turns":4},{"damage":30,"enemies":"Slime Boss","floor":16,"turns":6},{"damage":0,"enemies":"Chosen","floor":18,"turns":4},{"damage":12,"enemies":"Shell Parasite","floor":19,"turns":5},{"damage":15,"enemies":"Snecko","floor":21,"turns":6},{"damage":33,"enemies":"Sentry and Sphere","floor":22,"turns":6},{"damage":18,"enemies":"Snake Plant","floor":25,"turns":6},{"damage":19,"enemies":"Snecko","floor":29,"turns":4},{"damage":7,"enemies":"Centurion and Healer","floor":30,"turns":6},{"damage":9,"enemies":"Gremlin Leader","floor":31,"turns":6},{"damage":49,"enemies":"Automaton","floor":33,"turns":14},{"damage":17,"enemies":"Flame Bruiser 1 Orb","floor":35,"turns":7},{"damage":30,"enemies":"3 Shapes","floor":36,"turns":4},{"damage":33,"enemies":"Spire Growth","floor":37,"turns":5}],"seed_played":"-4803810877325499998","potions_obtained":[{"floor":1,"key":"SpeedPotion"},{"floor":2,"key":"GamblersBrew"},{"floor":7,"key":"SneckoOil"},{"floor":21,"key":"SteroidPotion"},{"floor":25,"key":"Weak Potion"},{"floor":29,"key":"Fire Potion"},{"floor":30,"key":"EssenceOfSteel"},{"floor":31,"key":"SpeedPotion"},{"floor":36,"key":"Weak Potion"}],"is_trial":false,"path_per_floor":["M","M","?","M","?","M","M","R","T","M","R","T","M","M","R","B",null,"M","M","$","M","M","R","?","M","T","?","R","M","M","E","R","B",null,"M","M"],"character_chosen":"DEFECT","items_purchased":["Compile Driver","Frozen Egg 2"],"campfire_rested":6,"item_purchase_floors":[20,20],"current_hp_per_floor":[75,75,75,75,80,58,54,78,78,75,80,80,73,69,80,50,80,80,68,68,53,20,44,44,26,26,26,42,25,24,23,39,8,56,43,23,0],"gold":286,"neow_bonus":"THREE_ENEMY_KILL","is_prod":false,"is_daily":false,"chose_seed":false,"campfire_upgraded":0,"win_rate":0.0,"timestamp":1531808375,"path_taken":["M","M","?","M","?","M","M","R","T","M","R","?","?","M","R","BOSS","M","M","$","M","M","R","?","M","T","?","R","M","?","E","R","BOSS","M","M","M"],"build_version":"2018-07-12","purchased_purges":0,"victory":false,"max_hp_per_floor":[75,75,75,75,80,80,80,80,80,80,80,80,80,80,80,80,80,80,80,80,80,80,80,80,80,80,56,56,56,56,56,56,56,56,56,56,56],"card_choices":[{"not_picked":["Self Repair","Coolheaded"],"picked":"BootSequence","floor":1},{"not_picked":["Gash","Leap"],"picked":"FTL","floor":2},{"not_picked":["Beam Cell","Steam"],"picked":"Stack","floor":4},{"not_picked":["Compile Driver","Fusion"],"picked":"Lockon","floor":6},{"not_picked":["Leap","Reprogram"],"picked":"Go for the Eyes","floor":7},{"not_picked":["Coolheaded","Lockon"],"picked":"Doom and Gloom","floor":10},{"not_picked":["Steam","Amplify"],"picked":"Barrage","floor":11},{"not_picked":["Conserve Battery","BootSequence","Go for the Eyes"],"picked":"Chaos","floor":13},{"not_picked":["Conserve Battery","Lockon","Gash"],"picked":"FTL","floor":14},{"not_picked":["Steam","Conserve Battery","Go for the Eyes"],"picked":"Sweeping Beam","floor":15},{"not_picked":["Creative AI","Rainbow","Seek"],"picked":"Electrodynamics","floor":16},{"not_picked":["Hello World","Streamline","BootSequence"],"picked":"Auto Shields+1","floor":18},{"not_picked":["Chaos+1","Storm+1","Leap"],"picked":"Hologram+1","floor":19},{"not_picked":["Steam","BootSequence","Barrage+1"],"picked":"Streamline","floor":21},{"not_picked":["Ball Lightning","Melter","Beam Cell"],"picked":"Coolheaded","floor":22},{"not_picked":["Compile Driver","Ball Lightning","Seek"],"picked":"Skim+1","floor":23},{"not_picked":["Hologram","Leap","Barrage"],"picked":"Cold Snap","floor":25},{"not_picked":["Streamline","Skim","Heatsinks+1"],"picked":"Hologram+1","floor":28},{"not_picked":["Steam Power","Streamline","Steam"],"picked":"Genetic Algorithm","floor":29},{"not_picked":["Coolheaded+1","Hologram","Sweeping Beam+1"],"picked":"Reinforced Body","floor":30},{"not_picked":["Go for the Eyes","Ball Lightning+1","Leap+1"],"picked":"Reinforced Body+1","floor":31},{"not_picked":["Go for the Eyes","Scrape","Redo"],"picked":"Double Energy+1","floor":32},{"not_picked":["Rainbow","Reboot","All For One"],"picked":"Machine Learning+1","floor":33},{"not_picked":["Ball Lightning+1","Blizzard","Redo"],"picked":"Stack+1","floor":35},{"not_picked":["Go for the Eyes+1","Conserve Battery","Genetic Algorithm"],"picked":"Melter+1","floor":36}],"player_experience":13661,"relics_obtained":[{"floor":9,"key":"Dream Catcher"},{"floor":12,"key":"Question Card"},{"floor":26,"key":"Matryoshka"},{"floor":31,"key":"Bag of Marbles"}],"event_choices":[{"event_name":"Accursed Blacksmith","player_choice":"Forge","floor":3,"damage_taken":0},{"event_name":"Big Fish","player_choice":"Donut","floor":5,"damage_taken":0},{"event_name":"Cursed Tome","player_choice":"Ignored","floor":24,"damage_taken":0},{"event_name":"Vampires","player_choice":"Became a vampire","floor":27,"damage_taken":0}],"boss_relics":[{"not_picked":["Cursed Key","Black Star"],"picked":"Fusion Hammer"},{"not_picked":["Philosopher\u0027s Stone","Inserter"],"picked":"Eternal Feather"}],"items_purged_floors":[],"is_endless":false,"potions_floor_spawned":[1,2,7,21,25,29,30,31,36],"killed_by":"Spire Growth","ascension_level":0}