{"gold_per_floor":[111,131,131,142,158,61,61,87,87,66,93,93,93,93,93,198,198,215,57,156,156,156,185,185],"floor_reached":24,"playtime":759,"items_purged":["Strike_B"],"score":242,"play_id":"9baa47ff-5603-4a4e-8967-9d16af415b57","local_time":"20181223204639","is_ascension_mode":true,"campfire_choices":[{"data":"Go for the Eyes","floor":7,"key":"SMITH"},{"floor":15,"key":"REST"}],"neow_cost":"NONE","seed_source_timestamp":286231150609714,"circlet_count":0,"master_deck":["Strike_B","Strike_B","Defend_B","Defend_B","Defend_B","Defend_B","Zap","Dualcast","Beam Cell","Coolheaded","Go for the Eyes+1","Compile Driver","Swift Strike","FTL","Chaos","Creative AI+1","Purity","Darkness"],"relics":["Cracked Core","Happy Flower","Orichalcum","Frozen Egg 2","Black Star","Dead Branch","Oddly Smooth Stone"],"potions_floor_usage":[8,16,16,23],"damage_taken":[{"damage":2,"enemies":"Jaw Worm","floor":1,"turns":3},{"damage":6,"enemies":"2 Louse","floor":2,"turns":3},{"damage":2,"enemies":"Small Slimes","floor":4,"turns":2},{"damage":14,"enemies":"3 Louse","floor":5,"turns":4},{"damage":15,"enemies":"3 Sentries","floor":8,"turns":7},{"damage":5,"enemies":"Lagavulin","floor":11,"turns":6},{"damage":19,"enemies":"Hexaghost","floor":16,"turns":12},{"damage":36,"enemies":"2 Thieves","floor":18,"turns":4},{"damage":41,"enemies":"Book of Stabbing","floor":23,"turns":6},{"damage":14,"enemies":"Spheric Guardian","floor":24,"turns":3}],"seed_played":"7684260918244992551","potions_obtained":[{"floor":1,"key":"Block Potion"},{"floor":5,"key":"PowerPotion"},{"floor":11,"key":"LiquidBronze"},{"floor":16,"key":"LiquidBronze"},{"floor":23,"key":"EssenceOfSteel"}],"is_trial":false,"path_per_floor":["M","M","?","M","M","$","R","E","T","?","E","?","?","?","R","B",null,"M","$","?","?","?","E","M"],"character_chosen":"DEFECT","items_purchased":["Swift Strike","Purity"],"campfire_rested":1,"item_purchase_floors":[6,19],"current_hp_per_floor":[80,74,67,65,51,51,51,36,36,36,31,31,31,31,55,36,82,46,46,46,46,46,5,0],"gold":185,"neow_bonus":"TEN_PERCENT_HP_BONUS","is_prod":false,"is_daily":false,"chose_seed":false,"campfire_upgraded":1,"win_rate":0,"timestamp":1545626799,"path_taken":["M","M","?","M","M","$","R","E","T","?","E","?","?","?","R","BOSS","M","$","?","?","?","E","?"],"build_version":"2018-12-20","purchased_purges":1,"victory":false,"max_hp_per_floor":[82,82,82,82,82,82,82,82,82,82,82,82,82,82,82,82,82,82,82,82,82,82,82,82],"card_choices":[{"not_picked":["Consume","Steam"],"picked":"Beam Cell","floor":1},{"not_picked":["Steam","Leap"],"picked":"Coolheaded","floor":2},{"not_picked":["Steam","Coolheaded"],"picked":"Go for the Eyes","floor":4},{"not_picked":["Conserve Battery","Streamline"],"picked":"Compile Driver","floor":5},{"not_picked":["Double Energy","Hologram"],"picked":"FTL","floor":8},{"not_picked":["Core Surge","Rebound"],"picked":"Chaos","floor":11},{"not_picked":["Amplify","Rainbow"],"picked":"Creative AI+1","floor":16},{"not_picked":["Ball Lightning","Steam","Barrage"],"picked":"SKIP","floor":18},{"not_picked":["Lockon","Self Repair+1"],"picked":"Darkness","floor":23}],"player_experience":564145,"relics_obtained":[{"floor":8,"key":"Happy Flower"},{"floor":9,"key":"Orichalcum"},{"floor":11,"key":"Frozen Egg 2"},{"floor":23,"key":"Dead Branch"},{"floor":23,"key":"Oddly Smooth Stone"}],"event_choices":[{"cards_removed":["Strike_B"],"damage_healed":0,"gold_gain":0,"player_choice":"Card Removal","damage_taken":7,"max_hp_gain":0,"max_hp_loss":0,"event_name":"Golden Wing","floor":3,"gold_loss":0},{"damage_healed":0,"gold_gain":0,"player_choice":"Left Gold","damage_taken":0,"max_hp_gain":0,"max_hp_loss":0,"event_name":"World of Goop","floor":10,"gold_loss":21},{"damage_healed":0,"gold_gain":0,"player_choice":"Fled","damage_taken":0,"max_hp_gain":0,"max_hp_loss":0,"event_name":"Scrap Ooze","floor":12,"gold_loss":0},{"damage_healed":0,"gold_gain":0,"player_choice":"Ignored","damage_taken":0,"max_hp_gain":0,"max_hp_loss":0,"event_name":"Golden Idol","floor":13,"gold_loss":0},{"damage_healed":0,"gold_gain":0,"player_choice":"Searched \u00270\u0027 times","damage_taken":0,"max_hp_gain":0,"max_hp_loss":0,"event_name":"Dead Adventurer","floor":14,"gold_loss":0},{"damage_healed":0,"gold_gain":99,"player_choice":"Stole From Cult","damage_taken":0,"max_hp_gain":0,"max_hp_loss":0,"event_name":"Nest","floor":20,"gold_loss":0},{"damage_healed":0,"gold_gain":0,"player_choice":"Ignored","damage_taken":0,"max_hp_gain":0,"max_hp_loss":0,"event_name":"Ghosts","floor":21,"gold_loss":0},{"damage_healed":0,"gold_gain":0,"player_choice":"Leave","damage_taken":0,"max_hp_gain":0,"max_hp_loss":0,"event_name":"FaceTrader","floor":22,"gold_loss":0}],"is_beta":false,"boss_relics":[{"not_picked":["Fusion Hammer","Pandora\u0027s Box"],"picked":"Black Star"}],"items_purged_floors":[19],"is_endless":false,"potions_floor_spawned":[1,5,11,16,23],"killed_by":"Spheric Guardian","ascension_level":2}