{"gold_per_floor":[118,131,144,94,269,269,301,321,369,369,369,369,386,112,112,209,209,220,237,269,279,26,26,53,53,80,80,92,111,111,142,142,241,241,258,271,9,109,124,124,124,124,124,141,167,167,186,196,196,196],"floor_reached":51,"playtime":2229,"items_purged":["Strike_B","Strike_B"],"score":775,"play_id":"a2a6cc12-3772-4c5c-8a03-b9ba556f55c0","local_time":"20181130123716","is_ascension_mode":true,"campfire_choices":[{"data":"Static Discharge","floor":6,"key":"SMITH"},{"floor":10,"key":"REST"},{"floor":12,"key":"REST"},{"data":"White Noise","floor":15,"key":"SMITH"},{"floor":23,"key":"REST"},{"floor":27,"key":"REST"},{"data":"Creative AI","floor":30,"key":"SMITH"},{"floor":32,"key":"REST"},{"floor":40,"key":"REST"},{"floor":42,"key":"REST"},{"floor":49,"key":"REST"}],"neow_cost":"NONE","seed_source_timestamp":49595439145603,"circlet_count":0,"master_deck":["Strike_B","Defend_B","Defend_B","Defend_B","Defend_B","Zap","Dualcast","Static Discharge+1","Redo","Leap","Static Discharge","Doom and Gloom","White Noise+1","Creative AI+1","Defragment","Coolheaded+1","Coolheaded+1","Fusion","Rainbow","Reinforced Body+1","Echo Form","Barrage+1","White Noise+1","White Noise","Storm+1","Chaos+1","Barrage"],"relics":["Cracked Core","Oddly Smooth Stone","Mummified Hand","Omamori","Runic Capacitor","Lizard Tail","Red Mask","DataDisk","Bronze Scales","Anchor","Darkstone Periapt","Calling Bell","Centennial Puzzle","Pear","Torii","Meat on the Bone","FossilizedHelix","Gremlin Horn","The Courier"],"potions_floor_usage":[7,16,20,20,29,31,33,48],"damage_taken":[{"damage":0,"enemies":"Cultist","floor":1,"turns":4},{"damage":6,"enemies":"2 Louse","floor":2,"turns":2},{"damage":6,"enemies":"Small Slimes","floor":3,"turns":4},{"damage":27,"enemies":"3 Sentries","floor":7,"turns":6},{"damage":12,"enemies":"Blue Slaver","floor":8,"turns":4},{"damage":2,"enemies":"Large Slime","floor":13,"turns":4},{"damage":20,"enemies":"The Guardian","floor":16,"turns":8},{"damage":12,"enemies":"Spheric Guardian","floor":18,"turns":5},{"damage":15,"enemies":"Chosen","floor":19,"turns":5},{"damage":11,"enemies":"Masked Bandits","floor":20,"turns":4},{"damage":12,"enemies":"Snecko","floor":21,"turns":6},{"damage":29,"enemies":"Slavers","floor":24,"turns":5},{"damage":35,"enemies":"Cultist and Chosen","floor":28,"turns":5},{"damage":7,"enemies":"Snake Plant","floor":29,"turns":4},{"damage":5,"enemies":"Book of Stabbing","floor":31,"turns":5},{"damage":10,"enemies":"Automaton","floor":33,"turns":9},{"damage":33,"enemies":"3 Shapes","floor":35,"turns":7},{"damage":1,"enemies":"Orb Walker","floor":36,"turns":4},{"damage":29,"enemies":"Mind Bloom Boss Battle","floor":38,"turns":5},{"damage":30,"enemies":"Spire Growth","floor":39,"turns":5},{"damage":0,"enemies":"3 Darklings","floor":44,"turns":4},{"damage":27,"enemies":"Nemesis","floor":45,"turns":7},{"damage":0,"enemies":"4 Shapes","floor":47,"turns":3},{"damage":1,"enemies":"Maw","floor":48,"turns":5},{"damage":39,"enemies":"Donu and Deca","floor":50,"turns":4}],"seed_played":"-2510900210032305033","potions_obtained":[{"floor":1,"key":"Fruit Juice"},{"floor":2,"key":"AttackPotion"},{"floor":8,"key":"Strength Potion"},{"floor":18,"key":"Dexterity Potion"},{"floor":24,"key":"Regen Potion"},{"floor":29,"key":"Dexterity Potion"},{"floor":31,"key":"Explosive Potion"},{"floor":35,"key":"Ancient Potion"},{"floor":36,"key":"Ancient Potion"},{"floor":39,"key":"Energy Potion"}],"is_trial":false,"path_per_floor":["M","M","M","?","?","R","E","M","T","R","?","R","M","$","R","B",null,"M","M","?","M","$","R","E","?","T","R","M","M","R","E","R","B",null,"M","M","$","?","M","R","?","R","T","M","E","?","M","M","R","B",null],"character_chosen":"DEFECT","items_purchased":["Runic Capacitor","DataDisk","Meat on the Bone"],"campfire_rested":8,"item_purchase_floors":[14,22,37],"current_hp_per_floor":[75,69,63,63,63,63,36,24,24,46,46,68,66,66,66,46,75,63,48,42,30,30,54,25,51,51,75,40,45,45,40,64,54,96,63,62,62,45,27,55,55,83,83,83,56,56,56,55,83,56],"gold":196,"neow_bonus":"RANDOM_COMMON_RELIC","is_prod":false,"is_daily":false,"chose_seed":false,"campfire_upgraded":3,"win_rate":0,"timestamp":1543552636,"path_taken":["M","?","M","?","?","R","E","M","T","R","?","R","M","?","R","BOSS","M","M","?","M","$","R","E","?","T","R","M","M","R","E","R","BOSS","M","M","$","?","M","R","?","R","T","M","E","?","M","M","R","BOSS"],"build_version":"2018-11-15","purchased_purges":2,"victory":true,"max_hp_per_floor":[75,75,75,75,75,75,75,75,75,75,75,75,75,75,75,75,75,75,75,80,80,80,80,80,80,80,80,80,80,80,80,80,80,96,96,96,96,96,96,96,96,96,96,96,96,96,96,96,96,96],"card_choices":[{"not_picked":["Force Field","Turbo"],"picked":"Static Discharge","floor":1},{"not_picked":["Reprogram","Melter"],"picked":"Redo","floor":2},{"not_picked":["Tempest","Steam"],"picked":"Leap","floor":3},{"not_picked":["Blizzard","Barrage"],"picked":"Static Discharge","floor":7},{"not_picked":["Cold Snap","Turbo"],"picked":"Doom and Gloom","floor":8},{"not_picked":["Storm","Coolheaded"],"picked":"White Noise","floor":13},{"not_picked":["Seek","All For One"],"picked":"Creative AI","floor":16},{"not_picked":["Tempest","Sweeping Beam","Blizzard"],"picked":"SKIP","floor":18},{"not_picked":["Barrage","Rebound"],"picked":"Defragment","floor":19},{"not_picked":["Rebound+1","Double Energy"],"picked":"Coolheaded+1","floor":20},{"not_picked":["Compile Driver","Redo"],"picked":"Coolheaded+1","floor":21},{"not_picked":["Ball Lightning","Streamline","Gash"],"picked":"SKIP","floor":24},{"not_picked":["Static Discharge","Go for the Eyes"],"picked":"Fusion","floor":28},{"not_picked":["Rebound","Blizzard"],"picked":"Rainbow","floor":29},{"not_picked":["Stack+1","Ball Lightning+1"],"picked":"Reinforced Body+1","floor":31},{"not_picked":["Electrodynamics","Reboot"],"picked":"Echo Form","floor":33},{"not_picked":["Stack","Undo+1"],"picked":"Barrage+1","floor":35},{"not_picked":["BootSequence+1","Capacitor"],"picked":"White Noise+1","floor":36},{"not_picked":["Streamline+1","Leap+1"],"picked":"White Noise","floor":38},{"not_picked":["FTL","Barrage+1"],"picked":"Storm+1","floor":39},{"not_picked":["Compile Driver","Cold Snap","Steam+1"],"picked":"SKIP","floor":44},{"not_picked":["Chaos+1","Biased Cognition","Ball Lightning"],"picked":"SKIP","floor":45},{"not_picked":["Biased Cognition","Ball Lightning"],"picked":"Chaos+1","floor":45},{"not_picked":["Turbo","Conserve Battery","Hologram"],"picked":"SKIP","floor":47},{"not_picked":["Steam","Chaos"],"picked":"Barrage","floor":48}],"player_experience":472731,"relics_obtained":[{"floor":7,"key":"Mummified Hand"},{"floor":9,"key":"Omamori"},{"floor":20,"key":"Red Mask"},{"floor":24,"key":"Bronze Scales"},{"floor":26,"key":"Anchor"},{"floor":31,"key":"Darkstone Periapt"},{"floor":34,"key":"Centennial Puzzle"},{"floor":34,"key":"Pear"},{"floor":34,"key":"Torii"},{"floor":38,"key":"FossilizedHelix"},{"floor":43,"key":"Gremlin Horn"},{"floor":45,"key":"The Courier"}],"event_choices":[{"cards_removed":["Strike_B"],"damage_healed":0,"gold_gain":0,"player_choice":"Card Removal","damage_taken":0,"max_hp_gain":0,"max_hp_loss":0,"event_name":"The Cleric","floor":4,"gold_loss":50},{"damage_healed":0,"gold_gain":175,"player_choice":"AGREE","damage_taken":0,"max_hp_gain":0,"max_hp_loss":0,"event_name":"Liars Game","floor":5,"gold_loss":0,"cards_obtained":["Doubt"]},{"damage_healed":0,"gold_gain":0,"player_choice":"Fled","damage_taken":0,"max_hp_gain":0,"max_hp_loss":0,"event_name":"Scrap Ooze","floor":11,"gold_loss":0},{"damage_healed":0,"gold_gain":0,"player_choice":"Fought Bandits","damage_taken":0,"max_hp_gain":0,"max_hp_loss":0,"event_name":"Masked Bandits","floor":20,"gold_loss":0},{"damage_healed":26,"gold_gain":0,"player_choice":"Heal","damage_taken":0,"max_hp_gain":0,"max_hp_loss":0,"event_name":"The Library","floor":25,"gold_loss":0},{"damage_healed":0,"gold_gain":0,"player_choice":"Fight","damage_taken":0,"max_hp_gain":0,"max_hp_loss":0,"event_name":"MindBloom","floor":38,"gold_loss":0},{"damage_healed":0,"gold_gain":0,"player_choice":"Ignored","damage_taken":0,"max_hp_gain":0,"max_hp_loss":0,"event_name":"Mysterious Sphere","floor":41,"gold_loss":0},{"cards_removed":["Writhe","Doubt"],"damage_healed":0,"gold_gain":0,"player_choice":"Removed Curses","damage_taken":0,"max_hp_gain":0,"max_hp_loss":0,"event_name":"Fountain of Cleansing","floor":46,"gold_loss":0}],"is_beta":false,"boss_relics":[{"not_picked":["Inserter","Orrery"],"picked":"Lizard Tail"},{"not_picked":["Cursed Key","Fusion Hammer"],"picked":"Calling Bell"}],"items_purged_floors":[14,22],"is_endless":false,"potions_floor_spawned":[1,2,8,18,24,29,31,35,36,39,44],"ascension_level":1}