{"gold_per_floor":[110,60,74,74,91,91,91,106,129,129,147,164,181,191,191,286,286,299,299,315,49,65,97,97,113,113,38,38,57,7,24,24,127,127,138,57,74,89,40,40,50,50,132,151,151,169,180,199,199,199],"floor_reached":50,"playtime":3960,"items_purged":["Strike_B"],"score":626,"play_id":"f84d893f-3f82-49fe-b7f6-613aecba8cc5","local_time":"20190504105020","is_ascension_mode":true,"campfire_choices":[{"data":"Darkness","floor":6,"key":"SMITH"},{"data":"Zap","floor":10,"key":"SMITH"},{"floor":15,"key":"REST"},{"data":"Multi-Cast","floor":24,"key":"SMITH"},{"data":"Reinforced Body","floor":28,"key":"SMITH"},{"floor":32,"key":"REST"},{"floor":40,"key":"REST"},{"floor":42,"key":"REST"},{"floor":49,"key":"REST"}],"neow_cost":"NONE","seed_source_timestamp":641986514014513,"circlet_count":0,"master_deck":["Strike_B","Defend_B","Defend_B","Defend_B","Defend_B","Zap+1","Dualcast","Sweeping Beam","Darkness+1","Conserve Battery","Gash","Hologram","Gash","Coolheaded","Genetic Algorithm","Multi-Cast+1","Stack","Reinforced Body+1","Scrape","Defragment+1","Go for the Eyes","Steam","Seek","Parasite","Coolheaded+1","Writhe","Stack+1"],"relics":["Cracked Core","Happy Flower","Velvet Choker","ClockworkSouvenir","Vajra","Kunai","Busted Crown","Unceasing Top","Question Card"],"potions_floor_usage":[11,12,16,23,23,23,33,38,41,44,47,48,48,50],"damage_taken":[{"damage":0,"enemies":"Small Slimes","floor":1,"turns":3},{"damage":7,"enemies":"Jaw Worm","floor":3,"turns":3},{"damage":2,"enemies":"2 Louse","floor":5,"turns":2},{"damage":6,"enemies":"Exordium Wildlife","floor":8,"turns":4},{"damage":0,"enemies":"Looter","floor":11,"turns":2},{"damage":22,"enemies":"Exordium Thugs","floor":12,"turns":4},{"damage":5,"enemies":"Lots of Slimes","floor":13,"turns":4},{"damage":5,"enemies":"Blue Slaver","floor":14,"turns":3},{"damage":11,"enemies":"Slime Boss","floor":16,"turns":5},{"damage":10,"enemies":"Spheric Guardian","floor":18,"turns":5},{"damage":15,"enemies":"2 Thieves","floor":20,"turns":4},{"damage":12,"enemies":"Cultist and Chosen","floor":22,"turns":7},{"damage":17,"enemies":"Book of Stabbing","floor":23,"turns":6},{"damage":5,"enemies":"Centurion and Healer","floor":25,"turns":3},{"damage":0,"enemies":"Snecko","floor":29,"turns":4},{"damage":7,"enemies":"Snake Plant","floor":31,"turns":6},{"damage":39,"enemies":"Automaton","floor":33,"turns":8},{"damage":20,"enemies":"Orb Walker","floor":35,"turns":6},{"damage":19,"enemies":"3 Shapes","floor":37,"turns":3},{"damage":12,"enemies":"Sphere and 2 Shapes","floor":38,"turns":7},{"damage":14,"enemies":"4 Shapes","floor":41,"turns":7},{"damage":3,"enemies":"Writhing Mass","floor":44,"turns":6},{"damage":18,"enemies":"Spire Growth","floor":46,"turns":6},{"damage":14,"enemies":"Sphere and 2 Shapes","floor":47,"turns":7},{"damage":26,"enemies":"Jaw Worm Horde","floor":48,"turns":8},{"damage":38,"enemies":"Donu and Deca","floor":50,"turns":4}],"seed_played":"-6468914750027892485","potions_obtained":[{"floor":0,"key":"AttackPotion"},{"floor":0,"key":"Regen Potion"},{"floor":0,"key":"Strength Potion"},{"floor":13,"key":"Block Potion"},{"floor":14,"key":"Regen Potion"},{"floor":16,"key":"Swift Potion"},{"floor":29,"key":"Fire Potion"},{"floor":31,"key":"EssenceOfSteel"},{"floor":44,"key":"AttackPotion"},{"floor":46,"key":"Dexterity Potion"},{"floor":47,"key":"Fire Potion"},{"floor":48,"key":"PowerPotion"}],"is_trial":false,"path_per_floor":["M","?","M","?","M","R","?","M","T","R","M","M","M","M","R","B",null,"M","?","M","$","M","E","R","M","T","$","R","M","$","M","R","B",null,"M","?","M","M","$","R","M","R","T","M","?","M","M","M","R","B"],"character_chosen":"DEFECT","items_purchased":["Scrape","ClockworkSouvenir","FearPotion","SkillPotion"],"campfire_rested":5,"item_purchase_floors":[21,21,30,39],"current_hp_per_floor":[68,68,61,66,64,64,64,58,58,58,58,36,31,26,50,39,70,60,60,45,45,33,56,56,51,51,51,51,51,51,44,68,29,67,47,47,28,16,16,40,26,50,50,47,67,49,35,9,33,0],"gold":199,"neow_bonus":"THREE_SMALL_POTIONS","is_prod":false,"is_daily":false,"chose_seed":false,"campfire_upgraded":4,"win_rate":0,"timestamp":1556938220,"path_taken":["M","?","M","?","M","R","?","M","T","R","M","M","?","M","R","BOSS","M","?","M","$","M","E","R","M","T","?","R","?","?","M","R","BOSS","M","?","M","M","?","R","M","R","T","M","?","M","M","M","R","BOSS"],"build_version":"2019-01-23","purchased_purges":1,"victory":false,"max_hp_per_floor":[75,75,75,80,80,80,80,80,80,80,80,80,80,80,80,80,80,80,80,80,80,80,80,80,80,80,80,80,80,80,80,80,80,80,80,80,80,80,80,80,80,80,80,80,80,80,80,80,80,80],"card_choices":[{"not_picked":["Turbo","Steam"],"picked":"Sweeping Beam","floor":1},{"not_picked":["Cold Snap","Barrage"],"picked":"Darkness","floor":3},{"not_picked":["Redo","Beam Cell"],"picked":"Conserve Battery","floor":5},{"not_picked":["Sunder","Scrape"],"picked":"Gash","floor":8},{"not_picked":["Doom and Gloom","Leap"],"picked":"Hologram","floor":11},{"not_picked":["Aggregate","Lockon"],"picked":"Gash","floor":12},{"not_picked":["Rebound","Steam"],"picked":"Coolheaded","floor":13},{"not_picked":["Streamline","Lockon"],"picked":"Genetic Algorithm","floor":14},{"not_picked":["Meteor Strike","Creative AI"],"picked":"Multi-Cast","floor":16},{"not_picked":["Barrage","Lockon"],"picked":"Stack","floor":18},{"not_picked":["Beam Cell","Tempest"],"picked":"Reinforced Body","floor":20},{"not_picked":["Redo","Coolheaded+1"],"picked":"Defragment+1","floor":22},{"not_picked":["Beam Cell","Coolheaded"],"picked":"Go for the Eyes","floor":23},{"not_picked":["Sweeping Beam","Compile Driver"],"picked":"Steam","floor":25},{"not_picked":["Hologram","Hyperbeam","Ball Lightning+1"],"picked":"SKIP","floor":29},{"not_picked":["Compile Driver","Genetic Algorithm+1","Reinforced Body"],"picked":"SKIP","floor":31},{"not_picked":["Thunder Strike","Hyperbeam"],"picked":"Seek","floor":33},{"not_picked":["Darkness"],"picked":"SKIP","floor":35},{"not_picked":["Rebound+1"],"picked":"SKIP","floor":37},{"not_picked":["Coolheaded"],"picked":"SKIP","floor":38},{"not_picked":["Beam Cell"],"picked":"SKIP","floor":41},{"not_picked":["Go for the Eyes"],"picked":"Coolheaded+1","floor":44},{"not_picked":["Stack","Conserve Battery"],"picked":"SKIP","floor":46},{"not_picked":["Skim+1","Conserve Battery+1"],"picked":"SKIP","floor":47},{"not_picked":["Fission"],"picked":"Stack+1","floor":48}],"player_experience":850816,"relics_obtained":[{"floor":9,"key":"Happy Flower"},{"floor":23,"key":"Vajra"},{"floor":26,"key":"Kunai"},{"floor":43,"key":"Question Card"}],"event_choices":[{"cards_removed":["Strike_B"],"damage_healed":0,"gold_gain":0,"player_choice":"Card Removal","damage_taken":0,"max_hp_gain":0,"max_hp_loss":0,"event_name":"The Cleric","floor":2,"gold_loss":50},{"damage_healed":0,"gold_gain":0,"player_choice":"Donut","damage_taken":0,"max_hp_gain":5,"max_hp_loss":0,"event_name":"Big Fish","floor":4,"gold_loss":0},{"damage_healed":0,"gold_gain":0,"player_choice":"Ignored","damage_taken":0,"max_hp_gain":0,"max_hp_loss":0,"event_name":"Liars Game","floor":7,"gold_loss":0},{"cards_removed":["Strike_B"],"damage_healed":0,"gold_gain":0,"player_choice":"Offered Basic","damage_taken":0,"max_hp_gain":0,"max_hp_loss":0,"event_name":"Bonfire Elementals","floor":19,"gold_loss":0},{"damage_healed":0,"gold_gain":0,"player_choice":"Paid Gold","damage_taken":0,"relics_obtained":["Unceasing Top"],"max_hp_gain":0,"max_hp_loss":0,"event_name":"WeMeetAgain","floor":36,"gold_loss":81},{"damage_healed":20,"gold_gain":0,"player_choice":"Writhe","damage_taken":0,"max_hp_gain":0,"max_hp_loss":0,"event_name":"Winding Halls","floor":45,"gold_loss":0,"cards_obtained":["Writhe"]}],"is_beta":false,"boss_relics":[{"not_picked":["Pandora\u0027s Box","Tiny House"],"picked":"Velvet Choker"},{"not_picked":["Snecko Eye","Nuclear Battery"],"picked":"Busted Crown"}],"items_purged_floors":[27],"is_endless":false,"potions_floor_spawned":[3,13,14,16,22,29,31,44,46,47,48],"killed_by":"Donu and Deca","ascension_level":7}