{"gold_per_floor":[113,113,132,149,149,181,181,192,218,231,263,263,298,272,272,371,371,383,298,313,328,346,346,372,48,72,72,72,83,83,112,112,112],"floor_reached":33,"playtime":1846,"items_purged":[],"score":391,"play_id":"229755a7-a584-4b03-b07c-934f6c179763","local_time":"20180727053729","is_ascension_mode":true,"campfire_choices":[{"floor":7,"key":"REST"},{"data":"Catalyst","floor":15,"key":"SMITH"},{"floor":23,"key":"REST"},{"floor":27,"key":"REST"},{"floor":30,"key":"REST"},{"floor":32,"key":"REST"}],"neow_cost":"NONE","seed_source_timestamp":114336157709134,"circlet_count":0,"master_deck":["Defend_G","Defend_G","Defend_G","Defend_G+1","Defend_G+1","Strike_G+1","Strike_G","Strike_G","Strike_G+1","Strike_G","Survivor","Neutralize+1","Deadly Poison","Catalyst+1","Flying Knee","Poisoned Stab","Deflect","Dagger Spray+1","Bane","Parasite","Poisoned Stab","Flying Knee","Burst","Bane","Dodge and Roll","Sucker Punch+1","Catalyst+1","Blur","Noxious Fumes","Die Die Die","Dagger Spray"],"relics":["Ring of the Snake","Lantern","Pen Nib","Snake Skull","Whetstone","Pantograph","WristBlade","Turnip","Oddly Smooth Stone","Meat on the Bone","Orichalcum","War Paint"],"potions_floor_usage":[6,21,22,22,29],"damage_taken":[{"damage":0,"enemies":"Small Slimes","floor":1,"turns":3},{"damage":3,"enemies":"Jaw Worm","floor":3,"turns":4},{"damage":0,"enemies":"Cultist","floor":4,"turns":3},{"damage":16,"enemies":"Lagavulin","floor":6,"turns":7},{"damage":7,"enemies":"Large Slime","floor":8,"turns":5},{"damage":3,"enemies":"Looter","floor":10,"turns":3},{"damage":23,"enemies":"Gremlin Nob","floor":11,"turns":4},{"damage":8,"enemies":"3 Sentries","floor":13,"turns":5},{"damage":0,"enemies":"Slime Boss","floor":16,"turns":7},{"damage":7,"enemies":"Chosen","floor":18,"turns":3},{"damage":32,"enemies":"2 Thieves","floor":20,"turns":4},{"damage":40,"enemies":"Slaver and Parasite","floor":21,"turns":9},{"damage":0,"enemies":"Snecko","floor":22,"turns":5},{"damage":18,"enemies":"Book of Stabbing","floor":24,"turns":4},{"damage":26,"enemies":"Snake Plant","floor":29,"turns":4},{"damage":21,"enemies":"Gremlin Leader","floor":31,"turns":6},{"damage":80,"enemies":"Automaton","floor":33,"turns":6}],"seed_played":"-6251922510546094814","potions_obtained":[{"floor":4,"key":"SkillPotion"},{"floor":6,"key":"Regen Potion"},{"floor":11,"key":"SpeedPotion"},{"floor":18,"key":"LiquidBronze"},{"floor":21,"key":"Dexterity Potion"},{"floor":22,"key":"Energy Potion"}],"is_trial":false,"path_per_floor":["M","?","M","M","?","E","R","M","T","M","E","?","E","$","R","B",null,"M","?","M","M","M","R","E","$","T","R","?","M","R","E","R"],"character_chosen":"THE_SILENT","items_purchased":["Flying Knee","Meat on the Bone","Noxious Fumes"],"campfire_rested":5,"item_purchase_floors":[14,25,25],"current_hp_per_floor":[70,70,67,67,53,37,58,51,51,48,25,42,34,34,34,59,70,63,63,31,6,6,27,9,9,9,30,30,16,37,28,49,0],"gold":112,"neow_bonus":"RANDOM_COMMON_RELIC","is_prod":false,"is_daily":false,"chose_seed":false,"campfire_upgraded":1,"win_rate":0,"timestamp":1532695049,"path_taken":["M","?","M","M","?","E","R","M","T","?","E","?","E","$","R","BOSS","M","?","M","M","M","R","E","$","T","R","?","M","R","E","R","BOSS"],"build_version":"2018-07-26","purchased_purges":0,"victory":false,"max_hp_per_floor":[70,70,70,70,70,70,70,70,70,70,70,70,70,70,70,70,70,70,70,70,70,70,70,70,70,70,70,70,70,70,70,70,70],"card_choices":[{"not_picked":["Underhanded Strike","Calculated Gamble"],"picked":"Deadly Poison","floor":1},{"not_picked":["Calculated Gamble","Dodge and Roll"],"picked":"Catalyst","floor":3},{"not_picked":["Prepared","Distraction"],"picked":"Flying Knee","floor":4},{"not_picked":["Flying Knee","Eviscerate"],"picked":"Poisoned Stab","floor":6},{"not_picked":["Finisher","Prepared"],"picked":"Deflect","floor":8},{"not_picked":["Choke","Cloak And Dagger"],"picked":"Dagger Spray","floor":10},{"not_picked":["Escape Plan","Reflex"],"picked":"Bane","floor":11},{"not_picked":["Storm of Steel","Deflect"],"picked":"Poisoned Stab","floor":13},{"not_picked":["Glass Knife","Phantasmal Killer"],"picked":"Burst","floor":16},{"not_picked":["Finisher","Reflex"],"picked":"Bane","floor":18},{"not_picked":["Acrobatics","Slice"],"picked":"Dodge and Roll","floor":20},{"not_picked":["Outmaneuver","Concentrate+1"],"picked":"Sucker Punch+1","floor":21},{"not_picked":["Flying Knee+1","Heel Hook"],"picked":"Catalyst","floor":22},{"not_picked":["Masterful Stab","Concentrate"],"picked":"Blur","floor":24},{"not_picked":["Prepared","Outmaneuver"],"picked":"Die Die Die","floor":29},{"not_picked":["Choke","Dagger Throw"],"picked":"Dagger Spray","floor":31}],"player_experience":163825,"relics_obtained":[{"floor":6,"key":"Pen Nib"},{"floor":9,"key":"Snake Skull"},{"floor":11,"key":"Whetstone"},{"floor":13,"key":"Pantograph"},{"floor":24,"key":"Oddly Smooth Stone"},{"floor":26,"key":"Orichalcum"},{"floor":31,"key":"War Paint"}],"event_choices":[{"event_name":"Living Wall","player_choice":"Grow","floor":2,"damage_taken":0},{"event_name":"Shining Light","player_choice":"Entered Light","floor":5,"damage_taken":0},{"event_name":"Mushrooms","player_choice":"Healed and dodged fight","floor":12,"damage_taken":0},{"event_name":"Addict","player_choice":"Obtained Relic","floor":19,"damage_taken":0},{"event_name":"Beggar","player_choice":"Ignored","floor":28,"damage_taken":0}],"is_beta":false,"boss_relics":[{"not_picked":["Pandora\u0027s Box","HoveringKite"],"picked":"WristBlade"}],"items_purged_floors":[],"is_endless":false,"potions_floor_spawned":[4,6,11,18,20,21,22],"killed_by":"Automaton","ascension_level":2}