{"gold_per_floor":[110,126,141,161,173,173,205,205,205,237,237,268,293,131,131,131],"floor_reached":16,"playtime":928,"items_purged":["Strike_B"],"score":240,"play_id":"92d5b91d-3917-4955-a56a-b40485130f00","local_time":"20190525173742","is_ascension_mode":true,"campfire_choices":[{"data":"Zap","floor":6,"key":"SMITH"},{"data":"Sweeping Beam","floor":8,"key":"SMITH"},{"floor":15,"key":"REST"}],"neow_cost":"NONE","seed_source_timestamp":54402286709413,"circlet_count":0,"master_deck":["AscendersBane","Strike_B","Strike_B","Strike_B","Defend_B","Defend_B","Defend_B","Defend_B","Zap+1","Dualcast","Ball Lightning","Sweeping Beam+1","Undo","Conserve Battery","Defragment","Conserve Battery+1","Static Discharge","Defragment"],"relics":["Cracked Core","PreservedInsect","Toxic Egg 2","Letter Opener","Mercury Hourglass","Odd Mushroom"],"potions_floor_usage":[7,10,16,16],"damage_taken":[{"damage":0,"enemies":"Cultist","floor":1,"turns":3},{"damage":4,"enemies":"Jaw Worm","floor":2,"turns":3},{"damage":13,"enemies":"Small Slimes","floor":3,"turns":2},{"damage":11,"enemies":"3 Louse","floor":4,"turns":3},{"damage":4,"enemies":"2 Fungi Beasts","floor":5,"turns":4},{"damage":6,"enemies":"Lagavulin","floor":7,"turns":7},{"damage":13,"enemies":"3 Sentries","floor":10,"turns":5},{"damage":4,"enemies":"Gremlin Nob","floor":12,"turns":3},{"damage":14,"enemies":"The Mushroom Lair","floor":13,"turns":3},{"damage":40,"enemies":"Slime Boss","floor":16,"turns":6}],"seed_played":"-6358140467603041497","potions_obtained":[{"floor":2,"key":"Strength Potion"},{"floor":3,"key":"EssenceOfSteel"},{"floor":4,"key":"Weak Potion"},{"floor":7,"key":"SpeedPotion"},{"floor":13,"key":"FearPotion"}],"is_trial":false,"path_per_floor":["M","M","M","M","M","R","E","R","T","E","?","E","?","$","R","B"],"character_chosen":"DEFECT","items_purchased":["Defragment"],"campfire_rested":1,"item_purchase_floors":[14],"current_hp_per_floor":[71,67,54,43,39,39,33,33,33,20,20,16,2,2,25,0],"gold":131,"neow_bonus":"TEN_PERCENT_HP_BONUS","is_prod":false,"is_daily":false,"chose_seed":false,"campfire_upgraded":2,"win_rate":0,"timestamp":1558820262,"path_taken":["M","?","M","M","M","R","E","R","T","E","?","E","?","$","R","BOSS"],"build_version":"2019-01-23","purchased_purges":1,"victory":false,"max_hp_per_floor":[78,78,78,78,78,78,78,78,78,78,78,78,78,78,78,78],"card_choices":[{"not_picked":["Lockon","Melter"],"picked":"Ball Lightning","floor":1},{"not_picked":["Rebound","Coolheaded"],"picked":"Sweeping Beam","floor":2},{"not_picked":["Barrage","Static Discharge"],"picked":"Undo","floor":3},{"not_picked":["Capacitor","Fission"],"picked":"Conserve Battery","floor":4},{"not_picked":["Conserve Battery","Consume"],"picked":"Defragment","floor":5},{"not_picked":["Gash","Sweeping Beam","Meteor Strike"],"picked":"SKIP","floor":7},{"not_picked":["Steam+1","Auto Shields+1"],"picked":"Conserve Battery+1","floor":10},{"not_picked":["Blizzard","Gash"],"picked":"Static Discharge","floor":12}],"player_experience":1338083,"relics_obtained":[{"floor":7,"key":"PreservedInsect"},{"floor":9,"key":"Toxic Egg 2"},{"floor":10,"key":"Letter Opener"},{"floor":12,"key":"Mercury Hourglass"},{"floor":13,"key":"Odd Mushroom"}],"event_choices":[{"damage_healed":0,"gold_gain":0,"player_choice":"Ignored","damage_taken":0,"max_hp_gain":0,"max_hp_loss":0,"event_name":"Shining Light","floor":11,"gold_loss":0},{"damage_healed":0,"gold_gain":0,"player_choice":"Fought Mushrooms","damage_taken":0,"max_hp_gain":0,"max_hp_loss":0,"event_name":"Mushrooms","floor":13,"gold_loss":0}],"is_beta":false,"boss_relics":[],"items_purged_floors":[14],"is_endless":false,"potions_floor_spawned":[2,3,4,7,13],"killed_by":"Slime Boss","ascension_level":20}