{"gold_per_floor":[217,217,233,233,249,249,273,273,273,297,321,321],"floor_reached":12,"playtime":338,"items_purged":[],"score":76,"play_id":"d1911bdb-fe39-45b8-8ef8-e93e68d56ed4","local_time":"20181101095612","is_ascension_mode":true,"campfire_choices":[{"floor":6,"key":"REST"},{"data":"Fusion","floor":8,"key":"SMITH"}],"neow_cost":"NONE","seed_source_timestamp":4584061818928,"circlet_count":0,"master_deck":["Strike_B","Strike_B","Strike_B","Strike_B","Defend_B","Defend_B","Defend_B","Defend_B","Zap","Dualcast","Heatsinks","Fusion+1","Ball Lightning","Sunder","Hologram","Auto Shields"],"relics":["Cracked Core","Golden Idol","Boot"],"potions_floor_usage":[],"damage_taken":[{"damage":0,"enemies":"2 Louse","floor":1,"turns":2},{"damage":1,"enemies":"Cultist","floor":3,"turns":4},{"damage":2,"enemies":"Small Slimes","floor":5,"turns":3},{"damage":9,"enemies":"2 Fungi Beasts","floor":7,"turns":3},{"damage":22,"enemies":"Exordium Thugs","floor":10,"turns":4},{"damage":36,"enemies":"Gremlin Gang","floor":11,"turns":4},{"damage":15,"enemies":"Exordium Wildlife","floor":12,"turns":3}],"seed_played":"-5683289528217617103","potions_obtained":[{"floor":3,"key":"EssenceOfSteel"},{"floor":11,"key":"GamblersBrew"}],"is_trial":false,"path_per_floor":["M","?","M","?","M","R","M","R","T","M","M"],"character_chosen":"DEFECT","items_purchased":[],"campfire_rested":1,"item_purchase_floors":[],"current_hp_per_floor":[75,80,79,59,57,80,71,71,71,49,13,0],"gold":321,"neow_bonus":"HUNDRED_GOLD","is_prod":false,"is_daily":false,"chose_seed":false,"campfire_upgraded":1,"win_rate":0,"timestamp":1541037372,"path_taken":["M","?","M","?","M","R","M","R","T","M","?","M"],"build_version":"2018-10-25v2","purchased_purges":0,"victory":false,"max_hp_per_floor":[75,80,80,80,80,80,80,80,80,80,80,80],"card_choices":[{"not_picked":["Leap","Beam Cell"],"picked":"Heatsinks","floor":1},{"not_picked":["Gash","Sweeping Beam"],"picked":"Fusion","floor":3},{"not_picked":["Streamline","Consume"],"picked":"Ball Lightning","floor":5},{"not_picked":["Beam Cell","Undo"],"picked":"Sunder","floor":7},{"not_picked":["Streamline","Conserve Battery"],"picked":"Hologram","floor":10},{"not_picked":["Hologram","Stack"],"picked":"Auto Shields","floor":11}],"player_experience":405415,"relics_obtained":[{"floor":9,"key":"Boot"}],"event_choices":[{"damage_healed":0,"gold_gain":0,"player_choice":"Donut","damage_taken":0,"max_hp_gain":5,"max_hp_loss":0,"event_name":"Big Fish","floor":2,"gold_loss":0},{"damage_healed":0,"gold_gain":0,"player_choice":"Take Damage","damage_taken":20,"relics_obtained":["Golden Idol"],"max_hp_gain":0,"max_hp_loss":0,"event_name":"Golden Idol","floor":4,"gold_loss":0}],"is_beta":false,"boss_relics":[],"items_purged_floors":[],"is_endless":false,"potions_floor_spawned":[3,11],"killed_by":"Exordium Wildlife","ascension_level":1}