{"gold_per_floor":[118,293,305,38,38,65,65,65,65,96,96,96,121,136,136,238,238,251,261,441,181,181,208,208,241,298,298,298,328,328,345,345,446,446,463,511,530,530,548,548,581,581,581,581,581,593,593,618,618,618],"floor_reached":51,"playtime":2755,"items_purged":["Doubt"],"score":913,"play_id":"9f87f12e-4ecf-4fcd-a6fc-20b808193a24","local_time":"20180721103324","is_ascension_mode":true,"campfire_choices":[{"floor":7,"key":"REST"},{"data":"Bash","floor":11,"key":"SMITH"},{"floor":15,"key":"REST"},{"data":"Inflame","floor":24,"key":"SMITH"},{"floor":28,"key":"REST"},{"data":"Limit Break","floor":32,"key":"SMITH"},{"data":"1","floor":40,"key":"LIFT"},{"data":"2","floor":42,"key":"LIFT"},{"data":"3","floor":44,"key":"LIFT"},{"data":"Heavy Blade","floor":49,"key":"SMITH"}],"neow_cost":"NONE","seed_source_timestamp":325356721750959,"circlet_count":0,"master_deck":["Strike_R","Strike_R+1","Strike_R","Strike_R","Strike_R+1","Defend_R","Defend_R","Defend_R","Bash+1","Twin Strike","Second Wind","Flame Barrier","Clash","Iron Wave","Inflame+1","Rampage","Armaments","Spot Weakness","Limit Break+1","Clash","Ghostly Armor","Flex+1","Pommel Strike+1","Sword Boomerang","Iron Wave","Heavy Blade+1","Clash","Twin Strike+1","Reaper","Sword Boomerang+1","Iron Wave+1","Perfected Strike+1","Cleave+1","Headbutt","Clash","Iron Wave"],"relics":["Burning Blood","Juzu Bracelet","Pantograph","Letter Opener","Incense Burner","Prayer Wheel","Happy Flower","Torii","Eternal Feather","ClockworkSouvenir","Ice Cream","Frozen Egg 2","Tiny Chest","Smiling Mask","Pen Nib","Centennial Puzzle","Busted Crown","Girya","Lantern","Kunai","Ancient Tea Set"],"potions_floor_usage":[10,23,23,33,41,50,50,50],"damage_taken":[{"damage":15,"enemies":"Jaw Worm","floor":1,"turns":4},{"damage":0,"enemies":"Small Slimes","floor":3,"turns":3},{"damage":50,"enemies":"Lagavulin","floor":6,"turns":10},{"damage":15,"enemies":"Gremlin Nob","floor":10,"turns":4},{"damage":23,"enemies":"Lagavulin","floor":13,"turns":6},{"damage":1,"enemies":"2 Louse","floor":14,"turns":2},{"damage":20,"enemies":"Slime Boss","floor":16,"turns":11},{"damage":17,"enemies":"Shell Parasite","floor":18,"turns":4},{"damage":0,"enemies":"Spheric Guardian","floor":19,"turns":4},{"damage":20,"enemies":"Gremlin Leader","floor":23,"turns":5},{"damage":53,"enemies":"Slavers","floor":25,"turns":6},{"damage":13,"enemies":"Book of Stabbing","floor":29,"turns":4},{"damage":16,"enemies":"Centurion and Healer","floor":31,"turns":5},{"damage":74,"enemies":"Collector","floor":33,"turns":7},{"damage":9,"enemies":"3 Darklings","floor":35,"turns":4},{"damage":11,"floor":36,"turns":4},{"damage":47,"enemies":"3 Shapes","floor":37,"turns":3},{"damage":1,"enemies":"3 Darklings","floor":39,"turns":4},{"damage":1,"enemies":"Nemesis","floor":41,"turns":5},{"damage":16,"enemies":"Spire Growth","floor":46,"turns":3},{"damage":15,"enemies":"2 Orb Walkers","floor":48,"turns":3},{"damage":7,"enemies":"Donu and Deca","floor":50,"turns":4}],"seed_played":"-2215290888637318702","potions_obtained":[{"floor":3,"key":"FearPotion"},{"floor":6,"key":"Ancient Potion"},{"floor":14,"key":"Regen Potion"},{"floor":18,"key":"Fire Potion"},{"floor":25,"key":"Strength Potion"},{"floor":31,"key":"FearPotion"},{"floor":35,"key":"SkillPotion"},{"floor":41,"key":"SteroidPotion"},{"floor":45,"key":"SteroidPotion"}],"is_trial":false,"path_per_floor":["M","?","M","$","?","E","R","?","T","E","R","?","E","M","R","B",null,"M","M","?","$","?","E","R","E","T","T","R","E","?","M","R","B",null,"M","?","M","?","M","R","E","R","T","R","?","M","?","E","R","B"],"character_chosen":"IRONCLAD","items_purchased":["Clash","Juzu Bracelet","ClockworkSouvenir","Sword Boomerang"],"campfire_rested":3,"item_purchase_floors":[4,4,21,21],"current_hp_per_floor":[71,71,77,77,70,26,50,50,50,41,41,25,8,13,37,48,80,69,75,51,51,77,75,80,33,33,33,72,65,65,55,73,12,80,77,72,41,41,54,72,77,80,80,80,80,70,70,61,80,79],"gold":618,"neow_bonus":"THREE_CARDS","is_prod":false,"is_daily":false,"chose_seed":false,"campfire_upgraded":4,"win_rate":0,"timestamp":1532194404,"path_taken":["M","?","M","$","?","E","R","?","T","E","R","?","E","M","R","BOSS","M","M","?","$","?","E","R","E","T","?","R","E","?","M","R","BOSS","M","?","M","?","M","R","E","R","T","R","?","M","?","E","R","BOSS"],"build_version":"2018-07-19v2","purchased_purges":1,"victory":true,"max_hp_per_floor":[80,80,80,80,80,80,80,80,80,80,80,80,80,80,80,80,80,80,80,80,80,80,80,80,80,80,80,80,80,80,80,80,80,80,80,80,80,80,80,80,80,80,80,80,80,80,80,80,80,80],"card_choices":[{"not_picked":["Metallicize","Dual Wield"],"picked":"Twin Strike","floor":0},{"not_picked":["Perfected Strike","Headbutt"],"picked":"Second Wind","floor":1},{"not_picked":["Thunderclap","Armaments"],"picked":"Flame Barrier","floor":3},{"not_picked":["Seeing Red","Anger"],"picked":"Iron Wave","floor":6},{"not_picked":["Pommel Strike","Armaments"],"picked":"Inflame","floor":10},{"not_picked":["Anger","Dropkick"],"picked":"Rampage","floor":13},{"not_picked":["Heavy Blade","Sever Soul"],"picked":"Armaments","floor":14},{"not_picked":["True Grit","Perfected Strike"],"picked":"Spot Weakness","floor":14},{"not_picked":["Demon Form","Brutality"],"picked":"Limit Break","floor":16},{"not_picked":["Hemokinesis","Pommel Strike"],"picked":"Clash","floor":18},{"not_picked":["Rage","Battle Trance"],"picked":"Ghostly Armor","floor":18},{"not_picked":["Whirlwind","Warcry"],"picked":"Flex+1","floor":19},{"not_picked":["Headbutt","Body Slam"],"picked":"Pommel Strike+1","floor":19},{"not_picked":["Warcry","Power Through"],"picked":"Iron Wave","floor":23},{"not_picked":["Offering","Inflame"],"picked":"Heavy Blade","floor":25},{"not_picked":["Shockwave","Entrench","Corruption+1"],"picked":"SKIP","floor":29},{"not_picked":["Combust+1","Power Through+1"],"picked":"Clash","floor":31},{"not_picked":["Armaments+1","Warcry"],"picked":"Twin Strike+1","floor":31},{"not_picked":["Barricade+1","Demon Form+1"],"picked":"Reaper","floor":33},{"not_picked":[],"picked":"Sword Boomerang+1","floor":35},{"not_picked":["Bloodletting"],"picked":"SKIP","floor":35},{"not_picked":[],"picked":"Iron Wave+1","floor":36},{"not_picked":[],"picked":"Perfected Strike+1","floor":37},{"not_picked":["Ghostly Armor"],"picked":"SKIP","floor":37},{"not_picked":[],"picked":"Cleave+1","floor":39},{"not_picked":["Body Slam+1"],"picked":"SKIP","floor":39},{"not_picked":["Disarm"],"picked":"SKIP","floor":41},{"not_picked":[],"picked":"Headbutt","floor":46},{"not_picked":[],"picked":"Clash","floor":46},{"not_picked":[],"picked":"Iron Wave","floor":48}],"player_experience":121458,"relics_obtained":[{"floor":6,"key":"Letter Opener"},{"floor":9,"key":"Prayer Wheel"},{"floor":10,"key":"Happy Flower"},{"floor":13,"key":"Torii"},{"floor":23,"key":"Ice Cream"},{"floor":25,"key":"Frozen Egg 2"},{"floor":26,"key":"Tiny Chest"},{"floor":27,"key":"Smiling Mask"},{"floor":29,"key":"Pen Nib"},{"floor":36,"key":"Girya"},{"floor":41,"key":"Lantern"},{"floor":43,"key":"Kunai"},{"floor":48,"key":"Ancient Tea Set"}],"event_choices":[{"event_name":"Liars Game","player_choice":"agreed","floor":2,"damage_taken":0},{"event_name":"Scrap Ooze","player_choice":"success","floor":5,"damage_taken":7},{"event_name":"Dead Adventurer","player_choice":"Searched \u00272\u0027 times","floor":8,"damage_taken":0},{"event_name":"Shining Light","player_choice":"Entered Light","floor":12,"damage_taken":0},{"event_name":"Knowing Skull","player_choice":"GOLD GOLD ","floor":20,"damage_taken":0},{"event_name":"The Library","player_choice":"Heal","floor":22,"damage_taken":0},{"event_name":"The Mausoleum","player_choice":"Yes","floor":30,"damage_taken":0},{"event_name":"Mysterious Sphere","player_choice":"Fight","floor":36,"damage_taken":0},{"event_name":"Fountain of Cleansing","player_choice":"Removed Curse","floor":38,"damage_taken":0},{"event_name":"The Lab","player_choice":"Got Potions","floor":45,"damage_taken":0},{"event_name":"Falling","player_choice":"Removed Skill","floor":47,"damage_taken":0}],"is_beta":false,"boss_relics":[{"not_picked":["Tiny House","Pandora\u0027s Box"],"picked":"Eternal Feather"},{"not_picked":["Velvet Choker","Philosopher\u0027s Stone"],"picked":"Busted Crown"}],"items_purged_floors":[4],"is_endless":false,"potions_floor_spawned":[3,6,14,18,25,31,35,41,48],"ascension_level":1}