{"gold_per_floor":[110,110,124,135,151,151,183,202,202,10,27,42,53,53],"floor_reached":14,"playtime":430,"items_purged":["Strike_B"],"score":101,"play_id":"0b5c67e9-c25e-4d38-8d1c-922dcf897717","local_time":"20180817174848","is_ascension_mode":true,"campfire_choices":[{"floor":6,"key":"REST"}],"neow_cost":"","seed_source_timestamp":160980895171589,"circlet_count":0,"master_deck":["Strike_B","Strike_B","Strike_B","Defend_B","Defend_B","Defend_B+1","Defend_B","Zap","Dualcast","Ball Lightning+1","Stack+1","Sweeping Beam","Ball Lightning","Capacitor","Fusion","Electrodynamics","Darkness","Hello World","Ball Lightning","Genetic Algorithm"],"relics":["Cracked Core","Smiling Mask","War Paint"],"potions_floor_usage":[7,7,14],"damage_taken":[{"damage":8,"enemies":"Jaw Worm","floor":1,"turns":3},{"damage":1,"enemies":"Cultist","floor":3,"turns":3},{"damage":7,"enemies":"2 Louse","floor":4,"turns":3},{"damage":5,"enemies":"Exordium Wildlife","floor":5,"turns":4},{"damage":15,"enemies":"3 Sentries","floor":7,"turns":5},{"damage":9,"enemies":"Blue Slaver","floor":8,"turns":3},{"damage":5,"enemies":"Gremlin Gang","floor":11,"turns":3},{"damage":0,"enemies":"Large Slime","floor":12,"turns":4},{"damage":24,"enemies":"2 Fungi Beasts","floor":13,"turns":3},{"damage":9,"enemies":"Lagavulin","floor":14,"turns":3}],"seed_played":"1874934403562785180","potions_obtained":[{"floor":1,"key":"Dexterity Potion"},{"floor":4,"key":"AttackPotion"},{"floor":7,"key":"AttackPotion"},{"floor":8,"key":"SpeedPotion"}],"is_trial":false,"path_per_floor":["M","?","M","M","M","R","E","M","T","$","M","M","M"],"character_chosen":"DEFECT","items_purchased":["Electrodynamics","Darkness"],"campfire_rested":1,"item_purchase_floors":[10,10],"current_hp_per_floor":[67,67,66,59,54,75,60,51,51,51,46,46,22,13],"gold":53,"neow_bonus":"","is_prod":false,"is_daily":false,"chose_seed":false,"campfire_upgraded":0,"win_rate":0,"timestamp":1534499328,"path_taken":["M","?","M","M","M","R","E","M","T","$","M","M","?","E"],"build_version":"2018-08-16","purchased_purges":1,"victory":false,"max_hp_per_floor":[75,75,75,75,75,75,75,75,75,75,75,75,75,75],"card_choices":[{"not_picked":["Steam Power","Darkness"],"picked":"Ball Lightning","floor":1},{"not_picked":["Tempest","Leap"],"picked":"Stack","floor":3},{"not_picked":["Rebound","Reinforced Body"],"picked":"Sweeping Beam","floor":4},{"not_picked":["Reprogram","Streamline"],"picked":"Ball Lightning","floor":5},{"not_picked":["Streamline","Hologram"],"picked":"Capacitor","floor":7},{"not_picked":["Leap","Turbo"],"picked":"Fusion","floor":8},{"not_picked":["Capacitor","Stack"],"picked":"Hello World","floor":11},{"not_picked":["Meteor Strike","Sweeping Beam"],"picked":"Ball Lightning","floor":12},{"not_picked":["Tempest","Static Discharge"],"picked":"Genetic Algorithm","floor":13}],"player_experience":285649,"relics_obtained":[{"floor":7,"key":"Smiling Mask"},{"floor":9,"key":"War Paint"}],"event_choices":[{"event_name":"Upgrade Shrine","player_choice":"Upgraded","floor":2,"damage_taken":0}],"is_beta":false,"boss_relics":[],"items_purged_floors":[10],"is_endless":false,"potions_floor_spawned":[1,4,7,8],"killed_by":"Lagavulin","ascension_level":1}