{"gold_per_floor":[113,126,73,148,178,205,205,225,250,250,250,425,196,213,213,310,310,328,253,253,306,206,206,233,37,64,76,117,129,92,108,108,108],"floor_reached":33,"playtime":1539,"items_purged":["Regret","Skewer","Malaise"],"score":305,"play_id":"e22b6d77-cc75-4b7e-99f1-aa88d12f21a8","local_time":"20180731014623","is_ascension_mode":true,"campfire_choices":[{"floor":7,"key":"REST"},{"floor":15,"key":"REST"},{"floor":23,"key":"REST"},{"floor":32,"key":"REST"}],"neow_cost":"NONE","seed_source_timestamp":207105492239383,"circlet_count":0,"master_deck":["Survivor","Neutralize","Noxious Fumes","Bane","Die Die Die","Dodge and Roll","Deadly Poison","Bane","Deadly Poison","Glass Knife","Corpse Explosion","Flying Knee","Bane","Prepared","Slice","Finisher","Escape Plan","Cloak And Dagger","Heel Hook","Escape Plan+1","Deadly Poison+1","Noxious Fumes","Poisoned Stab","Deflect+1"],"relics":["Orrery","Tiny Chest","Juzu Bracelet","Art of War","Vajra","Bronze Scales","Pandora\u0027s Box","Strawberry","Bottled Tornado","MawBank","Lantern"],"potions_floor_usage":[16,24,28],"damage_taken":[{"damage":7,"enemies":"Jaw Worm","floor":1,"turns":4},{"damage":0,"enemies":"Cultist","floor":2,"turns":2},{"damage":18,"enemies":"Lagavulin","floor":6,"turns":6},{"damage":0,"enemies":"Small Slimes","floor":8,"turns":2},{"damage":10,"enemies":"Gremlin Gang","floor":14,"turns":3},{"damage":25,"enemies":"The Guardian","floor":16,"turns":8},{"damage":8,"enemies":"Spheric Guardian","floor":18,"turns":3},{"damage":36,"enemies":"Slavers","floor":24,"turns":4},{"damage":4,"enemies":"Gremlin Leader","floor":28,"turns":6},{"damage":12,"enemies":"Chosen","floor":31,"turns":3},{"damage":72,"enemies":"Automaton","floor":33,"turns":6}],"seed_played":"2081356393624774165","potions_obtained":[{"floor":1,"key":"Ancient Potion"},{"floor":2,"key":"Energy Potion"},{"floor":8,"key":"FearPotion"}],"is_trial":false,"path_per_floor":["M","M","$","?","?","E","R","M","T","T","?","?","$","M","R","B",null,"M","?","?","T","$","R","E","$","T","?","E","?","$","M","R"],"character_chosen":"THE_SILENT","items_purchased":["Deadly Poison","Glass Knife","GhostInAJar","Poisoned Stab"],"campfire_rested":4,"item_purchase_floors":[3,13,25,30],"current_hp_per_floor":[63,63,63,52,52,34,55,55,55,55,55,55,55,45,66,41,70,62,62,49,56,56,80,44,44,44,44,40,40,40,28,52,0],"gold":108,"neow_bonus":"BOSS_RELIC","is_prod":false,"is_daily":false,"chose_seed":false,"campfire_upgraded":0,"win_rate":0,"timestamp":1533026783,"path_taken":["M","M","$","?","?","E","R","M","T","?","?","?","$","M","R","BOSS","M","?","?","?","$","R","E","?","T","?","E","?","$","M","R","BOSS"],"build_version":"2018-07-26","purchased_purges":3,"victory":false,"max_hp_per_floor":[70,70,70,70,70,70,70,70,70,70,70,70,70,70,70,70,70,70,70,75,82,82,82,82,82,82,82,82,82,82,82,82,82],"card_choices":[{"not_picked":["Bane","Prepared"],"picked":"Noxious Fumes","floor":0},{"not_picked":["Prepared","Backstab"],"picked":"Bane","floor":0},{"not_picked":["Backflip","Reflex"],"picked":"Die Die Die","floor":0},{"not_picked":["Heel Hook","Underhanded Strike"],"picked":"Dodge and Roll","floor":0},{"not_picked":["Bane","Poisoned Stab"],"picked":"Deadly Poison","floor":0},{"not_picked":["Backflip","Underhanded Strike"],"picked":"Bane","floor":1},{"not_picked":["Slice","Prepared","Finisher"],"picked":"SKIP","floor":2},{"not_picked":["Outmaneuver","Dagger Throw","Quick Slash"],"picked":"SKIP","floor":6},{"not_picked":["Outmaneuver","Backstab","Acrobatics"],"picked":"SKIP","floor":8},{"not_picked":["Dagger Throw","Poisoned Stab"],"picked":"Corpse Explosion","floor":14},{"not_picked":["After Image","Envenom"],"picked":"Malaise","floor":16},{"not_picked":["PiercingWail+1","Backstab"],"picked":"Escape Plan+1","floor":18},{"not_picked":["Terror","Dagger Spray+1"],"picked":"Deadly Poison+1","floor":24},{"not_picked":["Endless Agony","Escape Plan"],"picked":"Noxious Fumes","floor":28},{"not_picked":["Cloak And Dagger","Flechettes"],"picked":"Deflect+1","floor":31}],"player_experience":196616,"relics_obtained":[{"floor":6,"key":"Juzu Bracelet"},{"floor":9,"key":"Art of War"},{"floor":10,"key":"Vajra"},{"floor":21,"key":"Strawberry"},{"floor":24,"key":"Bottled Tornado"},{"floor":26,"key":"MawBank"},{"floor":28,"key":"Lantern"}],"event_choices":[{"event_name":"World of Goop","player_choice":"Gather Gold","floor":4,"damage_taken":0},{"event_name":"Wheel of Change","player_choice":"Relic","floor":5,"damage_taken":0},{"event_name":"Big Fish","player_choice":"Box","floor":11,"damage_taken":0},{"event_name":"Liars Game","player_choice":"agreed","floor":12,"damage_taken":0},{"event_name":"Beggar","player_choice":"Gave Gold","floor":19,"damage_taken":0},{"event_name":"Forgotten Altar","player_choice":"Shed Blood","floor":20,"damage_taken":0},{"event_name":"Ghosts","player_choice":"Ignored","floor":27,"damage_taken":0},{"event_name":"Back to Basics","player_choice":"Elegance","floor":29,"damage_taken":0}],"is_beta":false,"boss_relics":[{"not_picked":["Runic Pyramid","Coffee Dripper"],"picked":"Pandora\u0027s Box"}],"items_purged_floors":[13,22,25],"is_endless":false,"potions_floor_spawned":[1,2,8],"killed_by":"Automaton","ascension_level":2}