{"gold_per_floor":[218,218,235,410,310,341,341,352,425,444,444,444,461,30,30,131,131,143,153,90,90,90,106,134,134],"floor_reached":25,"playtime":1014,"items_purged":["Doubt","Strike_B","Strike_B"],"score":268,"play_id":"da2e8a37-23b7-4130-9813-beca2d775765","local_time":"20181102140308","is_ascension_mode":true,"campfire_choices":[{"floor":7,"key":"REST"},{"floor":12,"key":"REST"},{"floor":15,"key":"REST"}],"neow_cost":"NONE","seed_source_timestamp":1425763303072,"circlet_count":0,"master_deck":["Strike_B+1","Strike_B+1","Defend_B","Defend_B","Defend_B","Defend_B","Zap","Dualcast","Redo","Auto Shields","Gash","All For One","Melter","Gash","Coolheaded","Hologram","All For One","Gash","Gash+1","Writhe","J.A.X.","Chaos","Reboot"],"relics":["Cracked Core","Vajra","Symbiotic Virus","Membership Card","Mercury Hourglass","White Beast Statue","Art of War","Matryoshka"],"potions_floor_usage":[8,16,16,23,24,24],"damage_taken":[{"damage":0,"enemies":"2 Louse","floor":1,"turns":2},{"damage":0,"enemies":"Small Slimes","floor":3,"turns":2},{"damage":30,"enemies":"Lagavulin","floor":6,"turns":7},{"damage":0,"enemies":"Jaw Worm","floor":8,"turns":2},{"damage":2,"enemies":"3 Louse","floor":10,"turns":2},{"damage":12,"enemies":"Exordium Wildlife","floor":13,"turns":3},{"damage":10,"enemies":"Slime Boss","floor":16,"turns":10},{"damage":5,"enemies":"Chosen","floor":18,"turns":3},{"damage":20,"enemies":"3 Byrds","floor":19,"turns":3},{"damage":26,"enemies":"Shelled Parasite and Fungi","floor":23,"turns":3},{"damage":18,"enemies":"Slavers","floor":24,"turns":4},{"damage":17,"enemies":"Centurion and Healer","floor":25,"turns":3}],"seed_played":"5489652617794057523","potions_obtained":[{"floor":1,"key":"LiquidBronze"},{"floor":6,"key":"SteroidPotion"},{"floor":13,"key":"SkillPotion"},{"floor":18,"key":"GamblersBrew"},{"floor":19,"key":"PowerPotion"},{"floor":23,"key":"Weak Potion"},{"floor":24,"key":"LiquidBronze"}],"is_trial":false,"path_per_floor":["M","?","M","?","$","E","R","M","T","M","?","R","M","$","R","B",null,"M","M","$","?","?","M","E","M"],"character_chosen":"DEFECT","items_purchased":["Gash","Hologram","Membership Card","Mercury Hourglass"],"campfire_rested":3,"item_purchase_floors":[5,14,14,14],"current_hp_per_floor":[75,60,60,60,60,30,52,52,52,50,55,79,67,67,80,70,80,75,55,55,55,55,29,11,0],"gold":134,"neow_bonus":"HUNDRED_GOLD","is_prod":false,"is_daily":false,"chose_seed":false,"campfire_upgraded":0,"win_rate":0,"timestamp":1541138588,"path_taken":["M","?","M","?","$","E","R","M","T","M","?","R","M","$","R","BOSS","M","M","$","?","?","M","E","M"],"build_version":"2018-11-01","purchased_purges":3,"victory":false,"max_hp_per_floor":[75,75,75,75,75,75,75,75,75,75,80,80,80,80,80,80,80,80,80,80,80,80,80,80,80],"card_choices":[{"not_picked":["Streamline","Blizzard"],"picked":"Redo","floor":1},{"not_picked":["Beam Cell","Consume"],"picked":"Auto Shields","floor":3},{"not_picked":["Force Field","Stack"],"picked":"All For One","floor":6},{"not_picked":["Hologram","Compile Driver"],"picked":"Melter","floor":8},{"not_picked":["Redo","Beam Cell"],"picked":"Gash","floor":10},{"not_picked":["Chaos","Ball Lightning"],"picked":"Coolheaded","floor":13},{"not_picked":["Amplify","Reboot"],"picked":"All For One","floor":16},{"not_picked":["Self Repair","Rebound"],"picked":"Gash","floor":18},{"not_picked":["Ball Lightning","Barrage"],"picked":"Gash+1","floor":19},{"not_picked":["Double Energy","White Noise+1"],"picked":"Chaos","floor":23},{"not_picked":["Streamline","Undo"],"picked":"Reboot","floor":24}],"player_experience":411835,"relics_obtained":[{"floor":6,"key":"Vajra"},{"floor":9,"key":"Symbiotic Virus"},{"floor":24,"key":"Matryoshka"}],"event_choices":[{"damage_healed":0,"gold_gain":0,"player_choice":"Entered Light","damage_taken":15,"max_hp_gain":0,"max_hp_loss":0,"event_name":"Shining Light","floor":2,"gold_loss":0,"cards_upgraded":["Strike_B","Strike_B"]},{"damage_healed":0,"gold_gain":175,"player_choice":"AGREE","damage_taken":0,"max_hp_gain":0,"max_hp_loss":0,"event_name":"Liars Game","floor":4,"gold_loss":0,"cards_obtained":["Doubt"]},{"damage_healed":0,"gold_gain":0,"player_choice":"Donut","damage_taken":0,"max_hp_gain":5,"max_hp_loss":0,"event_name":"Big Fish","floor":11,"gold_loss":0},{"damage_healed":0,"gold_gain":0,"player_choice":"Opened","damage_taken":0,"relics_obtained":["Art of War"],"max_hp_gain":0,"max_hp_loss":0,"event_name":"The Mausoleum","floor":21,"gold_loss":0,"cards_obtained":["Writhe"]},{"damage_healed":0,"gold_gain":0,"player_choice":"Obtain J.A.X.","damage_taken":0,"max_hp_gain":0,"max_hp_loss":0,"event_name":"Drug Dealer","floor":22,"gold_loss":0,"cards_obtained":["J.A.X."]}],"is_beta":false,"boss_relics":[{"not_picked":["Calling Bell","Runic Dome"],"picked":"White Beast Statue"}],"items_purged_floors":[5,14,20],"is_endless":false,"potions_floor_spawned":[1,6,13,18,19,23,24],"killed_by":"Centurion and Healer","ascension_level":2}