{"gold_per_floor":[19,19,29,46,46,74,74,90,140,154,188,207,240,255,255,359,359,370,370,146,165,265,290,305,334,361,361,377,115,140,151,151,250,250,270,289,27,27,0,32,32,32,84,96,128,145,156,171,171,171,171,171,71,105,105],"floor_reached":55,"playtime":3853,"items_purged":["Strike_R","Defend_R"],"score":1170,"play_id":"20a75942-0c72-45ec-886f-20c8427adf07","local_time":"20190217120646","is_ascension_mode":true,"campfire_choices":[{"data":"Armaments","floor":7,"key":"SMITH"},{"data":"Carnage","floor":15,"key":"SMITH"},{"floor":27,"key":"RECALL"},{"data":"Clothesline","floor":32,"key":"SMITH"},{"floor":42,"key":"REST"},{"floor":49,"key":"REST"},{"floor":52,"key":"REST"}],"neow_cost":"NO_GOLD","seed_source_timestamp":51718972924465,"circlet_count":0,"master_deck":["Strike_R+1","Defend_R","Defend_R","Defend_R+1","Bash","Shrug It Off","Shrug It Off","Twin Strike","Armaments+1","Body Slam","Carnage+1","Whirlwind","Iron Wave","Reaper","Iron Wave","Immolate","Battle Trance","Shockwave","Wild Strike","Flame Barrier+1","Corruption","Double Tap","Pommel Strike","Apotheosis","Limit Break","Clothesline+1","Impervious+1","Reaper","Carnage","Clothesline+1","Immolate"],"relics":["Burning Blood","Charon\u0027s Ashes","Mercury Hourglass","Bronze Scales","Bag of Marbles","Snecko Eye","Pen Nib","Ice Cream","Shuriken","Bag of Preparation","Darkstone Periapt","Potion Belt","Turnip","Fusion Hammer","Kunai","Red Mask","Self Forming Clay","Happy Flower","Anchor","Incense Burner"],"potions_floor_usage":[6,10,11,18,31,40,54,55],"damage_taken":[{"damage":8,"enemies":"Jaw Worm","floor":1,"turns":5},{"damage":0,"enemies":"2 Louse","floor":3,"turns":3},{"damage":0,"enemies":"Small Slimes","floor":4,"turns":4},{"damage":9,"enemies":"3 Sentries","floor":6,"turns":5},{"damage":11,"enemies":"Looter","floor":8,"turns":2},{"damage":15,"enemies":"Exordium Thugs","floor":10,"turns":7},{"damage":0,"enemies":"Gremlin Nob","floor":11,"turns":3},{"damage":12,"enemies":"Gremlin Gang","floor":12,"turns":2},{"damage":4,"enemies":"3 Sentries","floor":13,"turns":5},{"damage":3,"enemies":"Blue Slaver","floor":14,"turns":3},{"damage":24,"enemies":"Hexaghost","floor":16,"turns":8},{"damage":9,"enemies":"Shell Parasite","floor":18,"turns":3},{"damage":0,"enemies":"3 Byrds","floor":21,"turns":2},{"damage":1,"enemies":"Colosseum Slavers","floor":22,"turns":2},{"damage":20,"enemies":"Colosseum Nobs","floor":22,"turns":3},{"damage":0,"enemies":"Slavers","floor":23,"turns":1},{"damage":0,"enemies":"Snake Plant","floor":24,"turns":1},{"damage":16,"enemies":"Gremlin Leader","floor":25,"turns":3},{"damage":0,"enemies":"Snecko","floor":28,"turns":3},{"damage":0,"enemies":"Slavers","floor":30,"turns":1},{"damage":8,"enemies":"Shelled Parasite and Fungi","floor":31,"turns":3},{"damage":0,"enemies":"Collector","floor":33,"turns":5},{"damage":0,"enemies":"3 Darklings","floor":35,"turns":3},{"damage":0,"enemies":"3 Shapes","floor":36,"turns":1},{"damage":0,"enemies":"Reptomancer","floor":40,"turns":2},{"damage":13,"enemies":"Spire Growth","floor":44,"turns":2},{"damage":0,"enemies":"Nemesis","floor":45,"turns":3},{"damage":0,"enemies":"Sphere and 2 Shapes","floor":46,"turns":2},{"damage":0,"enemies":"3 Darklings","floor":47,"turns":2},{"damage":6,"enemies":"4 Shapes","floor":48,"turns":3},{"damage":29,"enemies":"Time Eater","floor":50,"turns":8},{"damage":35,"enemies":"Shield and Spear","floor":54,"turns":4},{"damage":72,"enemies":"The Heart","floor":55,"turns":5}],"seed_played":"-3141536640884967355","potions_obtained":[{"floor":3,"key":"Explosive Potion"},{"floor":8,"key":"BloodPotion"},{"floor":10,"key":"Block Potion"},{"floor":11,"key":"Swift Potion"},{"floor":14,"key":"SpeedPotion"},{"floor":16,"key":"BloodPotion"},{"floor":18,"key":"SpeedPotion"},{"floor":22,"key":"Block Potion"},{"floor":31,"key":"Ancient Potion"},{"floor":35,"key":"SteroidPotion"},{"floor":40,"key":"SpeedPotion"},{"floor":48,"key":"SpeedPotion"},{"floor":54,"key":"GamblersBrew"}],"is_trial":false,"path_per_floor":["M","?","M","M","?","E","R","M","T","M","E","M","E","M","R","B",null,"M","?","$","M","?","E","M","E","T","R","M","$","E","M","R","B",null,"M","M","$","?","?","E","?","R","T","M","E","M","M","M","R","B",null,"R","$","E","B"],"character_chosen":"IRONCLAD","items_purchased":["Pen Nib","Apotheosis","Limit Break","Kunai"],"campfire_rested":3,"item_purchase_floors":[20,29,29,37],"current_hp_per_floor":[78,62,68,74,67,64,64,59,59,58,64,58,60,68,68,56,74,79,79,79,80,69,75,80,70,70,70,80,80,80,78,78,80,80,80,80,80,80,80,80,80,80,80,73,79,80,80,80,80,80,80,80,80,58,0],"gold":105,"neow_bonus":"ONE_RARE_RELIC","is_prod":false,"is_daily":false,"chose_seed":false,"campfire_upgraded":3,"win_rate":0,"timestamp":1550423206,"path_taken":["M","?","M","M","?","E","R","M","T","M","E","M","E","M","R","BOSS","M","?","$","M","?","E","?","E","T","R","M","$","E","M","R","BOSS","M","?","$","?","?","E","?","R","T","M","E","M","M","M","R","BOSS","R","$","E","BOSS"],"build_version":"2019-01-23","purchased_purges":2,"victory":false,"max_hp_per_floor":[80,80,80,80,80,80,80,80,80,80,80,80,80,80,80,80,80,80,80,80,80,80,80,80,80,80,80,80,80,80,80,80,80,80,80,80,80,80,80,80,80,80,80,80,80,80,80,80,80,80,80,80,80,80,80],"card_choices":[{"not_picked":["Wild Strike","Flex"],"picked":"Shrug It Off","floor":1},{"not_picked":["Iron Wave","Wild Strike"],"picked":"Shrug It Off","floor":3},{"not_picked":["Dual Wield","Heavy Blade"],"picked":"Twin Strike","floor":4},{"not_picked":["Sword Boomerang","Feel No Pain"],"picked":"Armaments","floor":6},{"not_picked":["Flame Barrier","Seeing Red"],"picked":"Body Slam","floor":8},{"not_picked":["Anger","Body Slam"],"picked":"Carnage","floor":10},{"not_picked":["Disarm","Twin Strike"],"picked":"Whirlwind","floor":11},{"not_picked":["Dark Embrace","Dual Wield"],"picked":"Iron Wave","floor":12},{"not_picked":["Havoc","Rupture"],"picked":"Reaper","floor":13},{"not_picked":["Wild Strike","Cleave"],"picked":"Iron Wave","floor":14},{"not_picked":["Berserk","Dark Embrace"],"picked":"Immolate","floor":16},{"not_picked":["Burning Pact+1","Heavy Blade+1"],"picked":"Battle Trance","floor":18},{"not_picked":["Twin Strike+1","Clash","Anger+1"],"picked":"SKIP","floor":21},{"not_picked":["Clothesline+1","Twin Strike"],"picked":"Flame Barrier+1","floor":23},{"not_picked":["Headbutt","Entrench+1"],"picked":"Corruption","floor":24},{"not_picked":["True Grit","Ghostly Armor"],"picked":"Double Tap","floor":25},{"not_picked":["Armaments+1","Twin Strike"],"picked":"Pommel Strike","floor":28},{"not_picked":["Intimidate+1","Perfected Strike","Flex"],"picked":"SKIP","floor":30},{"not_picked":["True Grit","Sword Boomerang"],"picked":"Clothesline","floor":31},{"not_picked":["Offering","Double Tap"],"picked":"Impervious","floor":33},{"not_picked":["Pommel Strike","Iron Wave","Combust+1"],"picked":"SKIP","floor":35},{"not_picked":["Wild Strike","Anger+1","Thunderclap"],"picked":"SKIP","floor":36},{"not_picked":["Intimidate+1","Pommel Strike","Sword Boomerang+1"],"picked":"SKIP","floor":40},{"not_picked":["Perfected Strike+1","Warcry+1","Armaments"],"picked":"SKIP","floor":44},{"not_picked":["Cleave+1","Sword Boomerang+1","Clash+1"],"picked":"SKIP","floor":45},{"not_picked":["Havoc","Pommel Strike"],"picked":"Reaper","floor":46},{"not_picked":["Headbutt+1","True Grit"],"picked":"Carnage","floor":47},{"not_picked":["Thunderclap","Shrug It Off+1"],"picked":"Clothesline+1","floor":48},{"not_picked":["Heavy Blade+1","Headbutt"],"picked":"Immolate","floor":54}],"player_experience":926039,"relics_obtained":[{"floor":6,"key":"Mercury Hourglass"},{"floor":11,"key":"Bronze Scales"},{"floor":13,"key":"Bag of Marbles"},{"floor":22,"key":"Ice Cream"},{"floor":22,"key":"Shuriken"},{"floor":23,"key":"Bag of Preparation"},{"floor":25,"key":"Darkstone Periapt"},{"floor":26,"key":"Potion Belt"},{"floor":30,"key":"Turnip"},{"floor":40,"key":"Self Forming Clay"},{"floor":43,"key":"Happy Flower"},{"floor":45,"key":"Anchor"},{"floor":54,"key":"Incense Burner"}],"event_choices":[{"damage_healed":0,"gold_gain":0,"player_choice":"Entered Light","damage_taken":16,"max_hp_gain":0,"max_hp_loss":0,"event_name":"Shining Light","floor":2,"gold_loss":0,"cards_upgraded":["Strike_R","Defend_R"]},{"cards_removed":["Strike_R"],"damage_healed":0,"gold_gain":0,"player_choice":"Card Removal","damage_taken":7,"max_hp_gain":0,"max_hp_loss":0,"event_name":"Golden Wing","floor":5,"gold_loss":0},{"damage_healed":0,"gold_gain":0,"cards_transformed":["Strike_R","Strike_R"],"player_choice":"Became Test Subject","damage_taken":0,"max_hp_gain":0,"max_hp_loss":0,"event_name":"Drug Dealer","floor":19,"gold_loss":0,"cards_obtained":["Shockwave","Wild Strike"]},{"damage_healed":0,"gold_gain":0,"player_choice":"Fight","damage_taken":0,"max_hp_gain":0,"max_hp_loss":0,"event_name":"Colosseum","floor":22,"gold_loss":0},{"damage_healed":0,"gold_gain":0,"player_choice":"Fought Nobs","damage_taken":0,"max_hp_gain":0,"max_hp_loss":0,"event_name":"Colosseum","floor":22,"gold_loss":0},{"damage_healed":0,"gold_gain":0,"player_choice":"Memory 1","damage_taken":0,"max_hp_gain":0,"max_hp_loss":0,"event_name":"SensoryStone","floor":38,"gold_loss":0},{"damage_healed":0,"gold_gain":0,"player_choice":"Paid","damage_taken":0,"relics_obtained":["Red Mask"],"max_hp_gain":0,"max_hp_loss":0,"event_name":"Tomb of Lord Red Mask","floor":39,"gold_loss":27},{"damage_healed":0,"gold_gain":0,"player_choice":"Forge","damage_taken":0,"max_hp_gain":0,"max_hp_loss":0,"event_name":"Accursed Blacksmith","floor":41,"gold_loss":0,"cards_upgraded":["Impervious"]}],"is_beta":false,"boss_relics":[{"not_picked":["Calling Bell","Runic Dome"],"picked":"Snecko Eye"},{"not_picked":["Busted Crown","Pandora\u0027s Box"],"picked":"Fusion Hammer"}],"items_purged_floors":[20,53],"is_endless":false,"potions_floor_spawned":[3,8,10,11,14,16,18,22,24,31,35,40,48,54],"killed_by":"The Heart","ascension_level":5}