{"gold_per_floor":[113,288,288,363,71,104,104,23,70,99,116,135,149,161,161,263,263,263,263,263,263,188,188,32,32,32,32,32,32,32,32,32,32],"floor_reached":33,"playtime":3866,"items_purged":["Strike_R"],"score":410,"play_id":"2d427f97-9108-4a77-b80a-6964598df3fb","local_time":"20190224112816","is_ascension_mode":true,"campfire_choices":[{"floor":7.0,"key":"REST"},{"floor":15.0,"key":"REST"},{"floor":23.0,"key":"REST"},{"floor":27.0,"key":"REST"},{"floor":32,"key":"REST"}],"neow_cost":"TEN_PERCENT_HP_LOSS","seed_source_timestamp":0,"circlet_count":0,"master_deck":["Strike_R","Strike_R","Defend_R","Defend_R","Defend_R","Bash","Cleave","Spot Weakness","Disarm+1","Seeing Red","Metallicize","True Grit","Iron Wave","Armaments","Power Through","Offering+1","Flame Barrier","Infernal Blade","Body Slam","Armaments","Ghostly Armor","Rage","Clothesline"],"special_seed":0,"relics":["Burning Blood","Happy Flower","Omamori","Strawberry","Ectoplasm","Red Mask","Bag of Marbles","Blood Vial","PreservedInsect","War Paint"],"potions_floor_usage":[29,31,33],"damage_taken":[{"damage":9.0,"enemies":"Jaw Worm","floor":1.0,"turns":3.0},{"damage":40.0,"enemies":"Lagavulin","floor":6.0,"turns":5.0},{"damage":12.0,"enemies":"3 Sentries","floor":10.0,"turns":5.0},{"damage":0.0,"enemies":"Small Slimes","floor":11.0,"turns":2.0},{"damage":5.0,"enemies":"2 Louse","floor":12.0,"turns":3.0},{"damage":10.0,"enemies":"Blue Slaver","floor":13.0,"turns":4.0},{"damage":4.0,"enemies":"Red Slaver","floor":14.0,"turns":3.0},{"damage":26.0,"enemies":"Slime Boss","floor":16.0,"turns":12.0},{"damage":18.0,"enemies":"3 Byrds","floor":18.0,"turns":8.0},{"damage":47.0,"enemies":"Masked Bandits","floor":19.0,"turns":6.0},{"damage":16.0,"enemies":"Shell Parasite","floor":21.0,"turns":5.0},{"damage":16.0,"enemies":"Slavers","floor":25.0,"turns":7.0},{"damage":19,"enemies":"Gremlin Leader","floor":29,"turns":6},{"damage":6,"enemies":"Centurion and Healer","floor":30,"turns":10},{"damage":8,"enemies":"Snecko","floor":31,"turns":5},{"damage":85,"enemies":"Automaton","floor":33,"turns":10}],"seed_played":"-6217386582304804584","potions_obtained":[{"floor":1.0,"key":"Swift Potion"},{"floor":11.0,"key":"EssenceOfSteel"},{"floor":14.0,"key":"Explosive Potion"},{"floor":18.0,"key":"SteroidPotion"},{"floor":25.0,"key":"EssenceOfSteel"},{"floor":28.0,"key":"Fruit Juice"},{"floor":28.0,"key":"FairyPotion"},{"floor":29,"key":"PowerPotion"}],"is_trial":false,"path_per_floor":["M","?","?","?","$","E","R","$","T","E","M","M","M","M","R","B",null,"M","?","?","M","?","R","$","E","T","R","?","E","M","M","R","B"],"character_chosen":"IRONCLAD","items_purchased":["Happy Flower","Disarm","Metallicize","Bag of Marbles"],"campfire_rested":5,"item_purchase_floors":[5,5,8,24],"current_hp_per_floor":[69,69,62,51,51,17,38,38,38,39,45,46,42,44,67,47,71,59,18,18,8,8,31,31,21,21,44,49,38,40,40,65,0],"gold":32,"neow_bonus":"TRANSFORM_TWO_CARDS","is_prod":false,"is_daily":false,"chose_seed":false,"campfire_upgraded":0,"win_rate":0,"timestamp":1551025696,"path_taken":["M","?","?","?","?","E","R","$","T","E","?","M","M","M","R","BOSS","M","?","?","M","?","R","?","E","T","R","?","E","?","M","R","BOSS"],"build_version":"2019-01-23","purchased_purges":1,"victory":false,"max_hp_per_floor":[72,72,72,72,72,72,72,72,72,79,79,79,79,79,79,79,79,79,79,79,79,79,79,79,79,79,79,84,84,84,84,84,84],"card_choices":[{"not_picked":["Flex","Perfected Strike"],"picked":"Spot Weakness","floor":1.0},{"not_picked":["Sword Boomerang","Hemokinesis"],"picked":"Seeing Red","floor":6.0},{"not_picked":["Havoc","Evolve"],"picked":"True Grit","floor":10.0},{"not_picked":["Sword Boomerang","Headbutt"],"picked":"Iron Wave","floor":11.0},{"not_picked":["Bludgeon","Sever Soul","Anger"],"picked":"SKIP","floor":12.0},{"not_picked":["Body Slam","Clothesline"],"picked":"Armaments","floor":13.0},{"not_picked":["Dual Wield","Twin Strike"],"picked":"Power Through","floor":14.0},{"not_picked":["Dark Embrace","Bludgeon"],"picked":"Offering","floor":16.0},{"not_picked":["Thunderclap","Warcry+1"],"picked":"Flame Barrier","floor":18.0},{"not_picked":["Searing Blow","Blood for Blood+1"],"picked":"Infernal Blade","floor":19.0},{"not_picked":["Clash","Bloodletting"],"picked":"Armaments","floor":21.0},{"not_picked":["Metallicize","Bloodletting"],"picked":"Ghostly Armor","floor":25.0},{"not_picked":["Offering","Warcry"],"picked":"Rage","floor":29},{"not_picked":["Thunderclap","Twin Strike"],"picked":"Clothesline","floor":30},{"not_picked":["Armaments","Burning Pact","Twin Strike"],"picked":"SKIP","floor":31}],"player_experience":1013908,"relics_obtained":[{"floor":9.0,"key":"Omamori"},{"floor":10.0,"key":"Strawberry"},{"floor":19.0,"key":"Red Mask"},{"floor":25.0,"key":"Blood Vial"},{"floor":26.0,"key":"PreservedInsect"},{"floor":29,"key":"War Paint"}],"event_choices":[{"damage_healed":0.0,"max_hp_gain":0.0,"max_hp_loss":0.0,"gold_gain":175.0,"event_name":"Liars Game","player_choice":"AGREE","floor":2.0,"gold_loss":0.0,"damage_taken":0.0,"cards_obtained":["Doubt"]},{"cards_removed":["Doubt"],"damage_healed":0.0,"max_hp_gain":0.0,"max_hp_loss":0.0,"gold_gain":0.0,"event_name":"Golden Wing","player_choice":"Card Removal","floor":3.0,"gold_loss":0.0,"damage_taken":7.0},{"damage_healed":0.0,"max_hp_gain":0.0,"max_hp_loss":0.0,"gold_gain":75.0,"event_name":"World of Goop","player_choice":"Gather Gold","floor":4.0,"gold_loss":0.0,"damage_taken":11.0},{"damage_healed":0.0,"max_hp_gain":0.0,"max_hp_loss":0.0,"gold_gain":0.0,"event_name":"Masked Bandits","player_choice":"Fought Bandits","floor":19.0,"gold_loss":0.0,"damage_taken":0.0},{"damage_healed":0.0,"max_hp_gain":0.0,"max_hp_loss":0.0,"gold_gain":0.0,"cards_transformed":["Defend_R","Bludgeon"],"event_name":"Drug Dealer","player_choice":"Became Test Subject","floor":20.0,"gold_loss":0.0,"damage_taken":0.0,"cards_obtained":["Rupture","Body Slam"]},{"cards_removed":["Rupture"],"damage_healed":0.0,"max_hp_gain":0.0,"max_hp_loss":0.0,"gold_gain":0.0,"event_name":"Beggar","player_choice":"Gave Gold","floor":22.0,"gold_loss":75.0,"damage_taken":0.0},{"damage_healed":0.0,"max_hp_gain":0.0,"max_hp_loss":0.0,"gold_gain":0.0,"event_name":"Lab","player_choice":"Got Potions","floor":28.0,"gold_loss":0.0,"damage_taken":0.0}],"is_beta":false,"boss_relics":[{"not_picked":["Tiny House","Orrery"],"picked":"Ectoplasm"}],"items_purged_floors":[5],"is_endless":false,"potions_floor_spawned":[1,11,14,18,25,29],"killed_by":"Automaton","ascension_level":8}