{"gold_per_floor":[109,184,204,204,221,221,255,255,278,278,309,309,329,346,346,420,420,439,131,143,154,154,154,173,191,191,202,228,328,328,354,354,354],"floor_reached":33,"playtime":1991,"items_purged":["Strike_B"],"score":520,"play_id":"7a599dfb-d51f-4cd3-ae61-6f308b676feb","local_time":"20190509164500","is_ascension_mode":true,"campfire_choices":[{"floor":6,"key":"REST"},{"floor":10,"key":"REST"},{"data":"Zap","floor":15,"key":"SMITH"},{"data":"Genetic Algorithm","floor":23,"key":"SMITH"},{"data":"Dualcast","floor":30,"key":"SMITH"},{"data":"Darkness","floor":32,"key":"SMITH"}],"neow_cost":"NONE","seed_source_timestamp":1697425663760330,"circlet_count":0,"master_deck":["AscendersBane","Strike_B+1","Strike_B","Defend_B","Defend_B","Defend_B+1","Defend_B","Zap+1","Dualcast+1","Self Repair","Barrage","Ball Lightning","All For One","Go for the Eyes","Genetic Algorithm+1","FTL","Biased Cognition","Ball Lightning","FTL","Master of Strategy","Chill","Self Repair","Self Repair","Darkness+1","Barrage+1","Reinforced Body"],"relics":["Cracked Core","Omamori","Bronze Scales","Anchor","Coffee Dripper","Molten Egg 2","Pen Nib","Prayer Wheel","Pear","Art of War"],"potions_floor_usage":[7,11,18,24,27,28],"damage_taken":[{"damage":2,"enemies":"Jaw Worm","floor":1,"turns":3},{"damage":12,"enemies":"Small Slimes","floor":3,"turns":3},{"damage":0,"enemies":"2 Louse","floor":5,"turns":2},{"damage":25,"enemies":"Lagavulin","floor":7,"turns":6},{"damage":32,"enemies":"3 Sentries","floor":11,"turns":6},{"damage":4,"enemies":"Blue Slaver","floor":13,"turns":3},{"damage":9,"enemies":"Exordium Thugs","floor":14,"turns":4},{"damage":41,"enemies":"Slime Boss","floor":16,"turns":9},{"damage":23,"enemies":"2 Thieves","floor":18,"turns":3},{"damage":5,"enemies":"3 Byrds","floor":20,"turns":3},{"damage":0,"enemies":"Centurion and Healer","floor":21,"turns":5},{"damage":22,"enemies":"Snake Plant","floor":24,"turns":4},{"damage":2,"enemies":"Snecko","floor":25,"turns":4},{"damage":15,"enemies":"Shelled Parasite and Fungi","floor":27,"turns":3},{"damage":3,"enemies":"Gremlin Leader","floor":28,"turns":6},{"damage":26,"enemies":"Colosseum Slavers","floor":29,"turns":4},{"damage":0,"enemies":"Colosseum Nobs","floor":29,"turns":3},{"damage":20,"enemies":"Slavers","floor":31,"turns":5},{"damage":77,"enemies":"Champ","floor":33,"turns":8}],"seed_played":"1877797015635867203","potions_obtained":[{"floor":1,"key":"Swift Potion"},{"floor":3,"key":"Weak Potion"},{"floor":16,"key":"Regen Potion"},{"floor":21,"key":"PowerPotion"},{"floor":24,"key":"Block Potion"},{"floor":27,"key":"EssenceOfSteel"}],"is_trial":false,"path_per_floor":["M","?","M","?","M","R","E","?","T","R","E","?","M","M","R","B",null,"M","$","M","M","?","R","M","M","T","M","E","?","R","E","R","B"],"character_chosen":"DEFECT","items_purchased":["FTL","Master of Strategy"],"campfire_rested":2,"item_purchase_floors":[19,19],"current_hp_per_floor":[69,58,53,30,30,53,35,28,28,51,26,52,55,46,46,5,60,56,56,51,58,58,58,57,76,76,75,78,88,88,68,68,0],"gold":354,"neow_bonus":"TEN_PERCENT_HP_BONUS","is_prod":false,"is_daily":false,"chose_seed":false,"campfire_upgraded":4,"win_rate":0,"timestamp":1557434700,"path_taken":["M","?","M","?","M","R","E","?","T","R","E","?","?","M","R","BOSS","M","$","M","M","?","R","M","M","T","?","E","?","R","E","R","BOSS"],"build_version":"2019-01-23","purchased_purges":1,"victory":false,"max_hp_per_floor":[78,78,78,78,78,78,78,78,78,78,78,78,78,78,78,78,78,78,78,78,78,78,78,78,78,78,78,78,88,88,88,88,88],"card_choices":[{"not_picked":["Storm","Coolheaded"],"picked":"Self Repair","floor":1},{"not_picked":["Sweeping Beam","Stack"],"picked":"Barrage","floor":3},{"not_picked":["Go for the Eyes","Static Discharge"],"picked":"Ball Lightning","floor":5},{"not_picked":["Hologram","Auto Shields"],"picked":"All For One","floor":7},{"not_picked":["Streamline","Tempest"],"picked":"Go for the Eyes","floor":11},{"not_picked":["Turbo","Lockon"],"picked":"Genetic Algorithm","floor":13},{"not_picked":["Leap","Beam Cell"],"picked":"FTL","floor":14},{"not_picked":["Fission","Reboot"],"picked":"Biased Cognition","floor":16},{"not_picked":["Recycle","Gash"],"picked":"Ball Lightning","floor":18},{"not_picked":["Steam","Leap"],"picked":"Chill","floor":20},{"not_picked":["BootSequence","FTL"],"picked":"Self Repair","floor":21},{"not_picked":["Streamline","Stack","Melter"],"picked":"SKIP","floor":24},{"not_picked":["Compile Driver+1","Leap"],"picked":"Darkness","floor":25},{"not_picked":["Skim","Leap"],"picked":"Barrage+1","floor":27},{"not_picked":["Conserve Battery","Steam","Redo"],"picked":"SKIP","floor":28},{"not_picked":["Barrage+1","Force Field"],"picked":"Reinforced Body","floor":29},{"not_picked":["Tempest","Reprogram","Rebound+1"],"picked":"SKIP","floor":31}],"player_experience":1413776,"relics_obtained":[{"floor":7,"key":"Omamori"},{"floor":9,"key":"Bronze Scales"},{"floor":11,"key":"Anchor"},{"floor":26,"key":"Molten Egg 2"},{"floor":28,"key":"Pen Nib"},{"floor":29,"key":"Prayer Wheel"},{"floor":29,"key":"Pear"},{"floor":31,"key":"Art of War"}],"event_choices":[{"damage_healed":0,"gold_gain":75,"player_choice":"Gather Gold","damage_taken":11,"max_hp_gain":0,"max_hp_loss":0,"event_name":"World of Goop","floor":2,"gold_loss":0},{"damage_healed":0,"gold_gain":0,"player_choice":"Entered Light","damage_taken":23,"max_hp_gain":0,"max_hp_loss":0,"event_name":"Shining Light","floor":4,"gold_loss":0,"cards_upgraded":["Strike_B","Defend_B"]},{"cards_removed":["Strike_B"],"damage_healed":0,"gold_gain":0,"player_choice":"Card Removal","damage_taken":7,"max_hp_gain":0,"max_hp_loss":0,"event_name":"Golden Wing","floor":8,"gold_loss":0},{"damage_healed":26,"gold_gain":0,"player_choice":"Banana","damage_taken":0,"max_hp_gain":0,"max_hp_loss":0,"event_name":"Big Fish","floor":12,"gold_loss":0},{"damage_healed":0,"gold_gain":0,"player_choice":"Copied","damage_taken":0,"max_hp_gain":0,"max_hp_loss":0,"event_name":"Duplicator","floor":22,"gold_loss":0,"cards_obtained":["Self Repair"]},{"damage_healed":0,"gold_gain":0,"player_choice":"Fight","damage_taken":0,"max_hp_gain":0,"max_hp_loss":0,"event_name":"Colosseum","floor":29,"gold_loss":0},{"damage_healed":0,"gold_gain":0,"player_choice":"Fought Nobs","damage_taken":0,"max_hp_gain":0,"max_hp_loss":0,"event_name":"Colosseum","floor":29,"gold_loss":0}],"is_beta":false,"boss_relics":[{"not_picked":["Calling Bell","Black Star"],"picked":"Coffee Dripper"}],"items_purged_floors":[19],"is_endless":false,"potions_floor_spawned":[1,3,5,16,21,24,27],"killed_by":"Champ","ascension_level":15}