{"gold_per_floor":[113,130,130,145,19,50,63,63,115,115,115,131,158,176,176,274,274,293,312,312],"floor_reached":20,"playtime":1380,"items_purged":["Pain"],"score":298,"play_id":"4c0e73f9-aa51-48eb-85a3-37ce941e3a74","local_time":"20190410230433","is_ascension_mode":true,"campfire_choices":[{"data":"Sunder","floor":8,"key":"SMITH"},{"floor":10,"key":"REST"},{"data":"White Noise","floor":15,"key":"SMITH"}],"neow_cost":"NONE","seed_source_timestamp":77426651216868,"circlet_count":0,"master_deck":["AscendersBane","Strike_B","Strike_B","Strike_B","Strike_B","Defend_B","Defend_B","Defend_B","Defend_B","Zap","Dualcast","Sunder+1","Self Repair","Coolheaded","Cold Snap","Heatsinks","Ball Lightning","White Noise+1","Fission","Capacitor"],"relics":["Cracked Core","Juzu Bracelet","WarpedTongs","Bottled Lightning","Regal Pillow","Omamori","Velvet Choker"],"potions_floor_usage":[4,13,16,20,20],"damage_taken":[{"damage":3,"enemies":"2 Louse","floor":1,"turns":4},{"damage":0,"enemies":"Cultist","floor":2,"turns":2},{"damage":7,"enemies":"Jaw Worm","floor":4,"turns":4},{"damage":30,"enemies":"Lagavulin","floor":6,"turns":6},{"damage":16,"enemies":"Exordium Wildlife","floor":7,"turns":5},{"damage":3,"enemies":"Blue Slaver","floor":12,"turns":2},{"damage":20,"enemies":"Gremlin Nob","floor":13,"turns":4},{"damage":13,"enemies":"Red Slaver","floor":14,"turns":4},{"damage":21,"enemies":"Hexaghost","floor":16,"turns":9},{"damage":27,"enemies":"2 Thieves","floor":18,"turns":4},{"damage":30,"enemies":"3 Byrds","floor":19,"turns":5},{"damage":54,"enemies":"Cultist and Chosen","floor":20,"turns":6}],"seed_played":"6696435578068049513","potions_obtained":[{"floor":1,"key":"GamblersBrew"},{"floor":2,"key":"Weak Potion"},{"floor":12,"key":"Ancient Potion"},{"floor":14,"key":"Energy Potion"},{"floor":16,"key":"GamblersBrew"}],"is_trial":false,"path_per_floor":["M","M","?","M","$","E","M","R","T","R","?","M","E","M","R","B",null,"M","M","M"],"character_chosen":"DEFECT","items_purchased":["Cold Snap"],"campfire_rested":1,"item_purchase_floors":[5],"current_hp_per_floor":[65,65,65,68,68,45,36,36,36,73,73,70,50,44,44,30,64,47,24,0],"gold":312,"neow_bonus":"RANDOM_COMMON_RELIC","is_prod":false,"is_daily":false,"chose_seed":false,"campfire_upgraded":2,"win_rate":0,"timestamp":1554951873,"path_taken":["M","M","?","M","$","E","M","R","T","R","?","M","E","M","R","BOSS","M","M","M"],"build_version":"2019-01-23","purchased_purges":1,"victory":false,"max_hp_per_floor":[75,75,75,75,75,75,75,75,75,75,75,75,75,75,75,75,75,75,75,75],"card_choices":[{"not_picked":["Gash","Loop"],"picked":"Sunder","floor":1},{"not_picked":["Aggregate","Steam"],"picked":"Self Repair","floor":2},{"not_picked":["Genetic Algorithm","Force Field"],"picked":"Coolheaded","floor":4},{"not_picked":["Barrage","Coolheaded"],"picked":"Heatsinks","floor":6},{"not_picked":["Cold Snap","Redo"],"picked":"Ball Lightning","floor":7},{"not_picked":["Coolheaded","Go for the Eyes"],"picked":"White Noise","floor":12},{"not_picked":["Rip and Tear","Sweeping Beam","Compile Driver"],"picked":"SKIP","floor":13},{"not_picked":["Leap","Darkness","Beam Cell"],"picked":"SKIP","floor":14},{"not_picked":["Seek","Reboot"],"picked":"Fission","floor":16},{"not_picked":["Beam Cell","Streamline"],"picked":"Capacitor","floor":18},{"not_picked":["Chaos","Undo","Rebound"],"picked":"SKIP","floor":19}],"player_experience":1315533,"relics_obtained":[{"floor":6,"key":"Bottled Lightning"},{"floor":9,"key":"Regal Pillow"},{"floor":13,"key":"Omamori"}],"event_choices":[{"damage_healed":0,"gold_gain":0,"player_choice":"Rummage","damage_taken":0,"relics_obtained":["WarpedTongs"],"max_hp_gain":0,"max_hp_loss":0,"event_name":"Accursed Blacksmith","floor":3,"gold_loss":0,"cards_obtained":["Pain"]},{"damage_healed":0,"gold_gain":0,"player_choice":"Ignored","damage_taken":0,"max_hp_gain":0,"max_hp_loss":0,"event_name":"Liars Game","floor":11,"gold_loss":0}],"is_beta":false,"boss_relics":[{"not_picked":["Inserter","Black Star"],"picked":"Velvet Choker"}],"items_purged_floors":[5],"is_endless":false,"potions_floor_spawned":[1,2,12,14,16,19],"killed_by":"Cultist and Chosen","ascension_level":12}