{"gold_per_floor":[111,121,121,140,163,163,188,188,242,220,220,244,258,283,283,402,402,423,423,97,111,11,11],"floor_reached":23,"playtime":955,"items_purged":["Strike_B","Strike_B"],"score":204,"play_id":"0efc3360-ab10-459c-a3ff-e9a631bb4cb2","local_time":"20181223032214","is_ascension_mode":true,"campfire_choices":[{"data":"Beam Cell","floor":6,"key":"SMITH"},{"data":"Reinforced Body","floor":8,"key":"SMITH"},{"floor":15,"key":"REST"}],"neow_cost":"NONE","seed_source_timestamp":223370599057248,"circlet_count":0,"master_deck":["Strike_B","Defend_B","Defend_B","Defend_B","Defend_B","Zap","Dualcast","Coolheaded","Reinforced Body+1","Cold Snap","Gash","Beam Cell+1","Blizzard","Darkness","Creative AI","Conserve Battery","Gash","Cold Snap+1"],"relics":["Cracked Core","Bloody Idol","Bag of Marbles","Empty Cage","Chemical X"],"potions_floor_usage":[16,21,21,21],"damage_taken":[{"damage":7,"enemies":"Small Slimes","floor":1,"turns":3},{"damage":2,"enemies":"Jaw Worm","floor":2,"turns":6},{"damage":1,"enemies":"2 Louse","floor":4,"turns":3},{"damage":6,"enemies":"Exordium Wildlife","floor":5,"turns":5},{"damage":2,"enemies":"Gremlin Gang","floor":7,"turns":5},{"damage":5,"enemies":"Blue Slaver","floor":12,"turns":3},{"damage":5,"enemies":"3 Louse","floor":13,"turns":4},{"damage":7,"enemies":"2 Fungi Beasts","floor":14,"turns":3},{"damage":42,"enemies":"Slime Boss","floor":16,"turns":13},{"damage":29,"enemies":"Chosen","floor":18,"turns":7},{"damage":16,"enemies":"2 Thieves","floor":21,"turns":4},{"damage":43,"enemies":"Gremlin Leader","floor":23,"turns":7}],"seed_played":"-5890059977492971309","potions_obtained":[{"floor":1,"key":"Strength Potion"},{"floor":4,"key":"Strength Potion"},{"floor":12,"key":"Strength Potion"},{"floor":13,"key":"Poison Potion"},{"floor":18,"key":"FearPotion"}],"is_trial":false,"path_per_floor":["M","M","?","M","M","R","M","R","T","?","?","M","M","M","R","B",null,"M","?","$","M","$","E"],"character_chosen":"DEFECT","items_purchased":["Gash","Chemical X"],"campfire_rested":1,"item_purchase_floors":[20,20],"current_hp_per_floor":[68,66,66,65,59,59,57,57,57,57,57,52,47,40,62,20,75,46,46,46,40,40,0],"gold":11,"neow_bonus":"THREE_CARDS","is_prod":false,"is_daily":false,"chose_seed":false,"campfire_upgraded":2,"win_rate":0,"timestamp":1545564134,"path_taken":["M","M","?","M","M","R","M","R","T","?","?","?","M","?","R","BOSS","M","?","$","M","$","E"],"build_version":"2018-12-20","purchased_purges":2,"victory":false,"max_hp_per_floor":[75,75,75,75,75,75,75,75,75,75,75,75,75,75,75,75,75,75,75,75,75,75,75],"card_choices":[{"not_picked":["Rebound","Cold Snap"],"picked":"Coolheaded","floor":0},{"not_picked":["Steam Power","Reprogram"],"picked":"Reinforced Body","floor":1},{"not_picked":["Hologram","Compile Driver"],"picked":"Cold Snap","floor":2},{"not_picked":["Hologram","Meteor Strike"],"picked":"Gash","floor":4},{"not_picked":["Static Discharge","Ball Lightning"],"picked":"Beam Cell","floor":5},{"not_picked":["Ball Lightning","Force Field","Beam Cell"],"picked":"SKIP","floor":7},{"not_picked":["Compile Driver","Recycle","Cold Snap"],"picked":"SKIP","floor":12},{"not_picked":["Undo","Cold Snap"],"picked":"Blizzard","floor":13},{"not_picked":["Force Field","Cold Snap"],"picked":"Darkness","floor":14},{"not_picked":["Biased Cognition","Rainbow"],"picked":"Creative AI","floor":16},{"not_picked":["Steam+1","Ball Lightning"],"picked":"Conserve Battery","floor":18},{"not_picked":["Genetic Algorithm","Go for the Eyes"],"picked":"Cold Snap+1","floor":21}],"player_experience":563190,"relics_obtained":[{"floor":9,"key":"Bag of Marbles"}],"event_choices":[{"damage_healed":0,"gold_gain":0,"player_choice":"Take Wound","damage_taken":0,"relics_obtained":["Golden Idol"],"max_hp_gain":0,"max_hp_loss":0,"event_name":"Golden Idol","floor":3,"gold_loss":0,"cards_obtained":["Injury"]},{"damage_healed":0,"gold_gain":0,"player_choice":"Left Gold","damage_taken":0,"max_hp_gain":0,"max_hp_loss":0,"event_name":"World of Goop","floor":10,"gold_loss":22},{"damage_healed":0,"gold_gain":0,"player_choice":"Searched \u00270\u0027 times","damage_taken":0,"max_hp_gain":0,"max_hp_loss":0,"event_name":"Dead Adventurer","floor":11,"gold_loss":0},{"damage_healed":0,"gold_gain":0,"player_choice":"Gave Idol","damage_taken":0,"relics_obtained":["Bloody Idol"],"max_hp_gain":0,"max_hp_loss":0,"event_name":"Forgotten Altar","floor":19,"relics_lost":["Golden Idol"],"gold_loss":0}],"is_beta":false,"boss_relics":[{"not_picked":["Pandora\u0027s Box","Philosopher\u0027s Stone"],"picked":"Empty Cage"}],"items_purged_floors":[20,22],"is_endless":false,"potions_floor_spawned":[1,4,12,13,18],"killed_by":"Gremlin Leader","ascension_level":2}