{"gold_per_floor":[109,109,11,26,40,40,71,90,90,117,117,50,50,65,65,168,168,187,157,147,147],"floor_reached":21,"playtime":734,"items_purged":[],"score":255,"play_id":"827dd4a6-ae34-4a57-88b3-7cd624a99bc7","local_time":"20190507004202","is_ascension_mode":true,"campfire_choices":[{"data":"Coolheaded","floor":6,"key":"SMITH"},{"floor":13,"key":"REST"},{"data":"Darkness","floor":15,"key":"SMITH"}],"neow_cost":"NONE","seed_source_timestamp":867920546469559,"circlet_count":0,"master_deck":["Strike_B","Strike_B","Strike_B","Strike_B","Defend_B","Defend_B","Defend_B","Defend_B","Zap+1","Dualcast","Conserve Battery","Ball Lightning","Capacitor","Coolheaded+1","Stack","Darkness+1","Cold Snap","Melter","Genetic Algorithm","Loop","Fission","Hologram+1","BootSequence"],"relics":["Cracked Core","Thread and Needle","Torii","Emotion Chip","Sozu"],"potions_floor_usage":[7,7,7,7,10,16],"damage_taken":[{"damage":3,"enemies":"2 Louse","floor":1,"turns":3},{"damage":0,"enemies":"Cultist","floor":4,"turns":3},{"damage":7,"enemies":"Jaw Worm","floor":5,"turns":3},{"damage":31,"enemies":"Gremlin Nob","floor":7,"turns":4},{"damage":6,"enemies":"Exordium Thugs","floor":8,"turns":5},{"damage":8,"enemies":"Lagavulin","floor":10,"turns":6},{"damage":0,"enemies":"Looter","floor":14,"turns":3},{"damage":14,"enemies":"Hexaghost","floor":16,"turns":10},{"damage":8,"enemies":"Chosen","floor":18,"turns":5},{"damage":11,"enemies":"2 Thieves","floor":20,"turns":4},{"damage":49,"enemies":"Cultist and Chosen","floor":21,"turns":5}],"seed_played":"-1669930199963872117","potions_obtained":[{"floor":2,"key":"Regen Potion"},{"floor":2,"key":"GamblersBrew"},{"floor":2,"key":"Dexterity Potion"},{"floor":4,"key":"EntropicBrew"},{"floor":10,"key":"Regen Potion"}],"is_trial":false,"path_per_floor":["M","?","$","M","M","R","E","M","T","E","?","$","R","M","R","B",null,"M","?","M","M"],"character_chosen":"DEFECT","items_purchased":["Ball Lightning","Capacitor","Genetic Algorithm"],"campfire_rested":1,"item_purchase_floors":[3,3,12],"current_hp_per_floor":[65,65,65,65,58,58,39,33,33,25,25,25,47,47,47,48,68,60,60,49,0],"gold":147,"neow_bonus":"UPGRADE_CARD","is_prod":false,"is_daily":false,"chose_seed":false,"campfire_upgraded":2,"win_rate":0,"timestamp":1557160922,"path_taken":["M","?","$","?","M","R","E","M","T","E","?","?","R","M","R","BOSS","M","?","M","M"],"build_version":"2019-01-23","purchased_purges":0,"victory":false,"max_hp_per_floor":[75,75,75,75,75,75,75,75,75,75,75,75,75,75,75,75,75,75,75,75,75],"card_choices":[{"not_picked":["Recycle","Beam Cell"],"picked":"Conserve Battery","floor":1},{"not_picked":["Compile Driver","Sweeping Beam"],"picked":"Coolheaded","floor":4},{"not_picked":["Steam","Turbo"],"picked":"Stack","floor":5},{"not_picked":["Buffer","Turbo"],"picked":"Darkness","floor":7},{"not_picked":["Beam Cell","Turbo"],"picked":"Cold Snap","floor":8},{"not_picked":["Echo Form","Sweeping Beam"],"picked":"Melter","floor":10},{"not_picked":["Skim","Cold Snap"],"picked":"Loop","floor":14},{"not_picked":["Seek","Core Surge"],"picked":"Fission","floor":16},{"not_picked":["Turbo+1","Barrage"],"picked":"Hologram+1","floor":18},{"not_picked":["Streamline","Sunder"],"picked":"BootSequence","floor":20}],"player_experience":863763,"relics_obtained":[{"floor":7,"key":"Thread and Needle"},{"floor":9,"key":"Torii"},{"floor":10,"key":"Emotion Chip"}],"event_choices":[{"damage_healed":0,"gold_gain":0,"player_choice":"Got Potions","damage_taken":0,"max_hp_gain":0,"max_hp_loss":0,"event_name":"Lab","floor":2,"gold_loss":0},{"damage_healed":0,"gold_gain":0,"player_choice":"Fled","damage_taken":0,"max_hp_gain":0,"max_hp_loss":0,"event_name":"Scrap Ooze","floor":11,"gold_loss":0},{"damage_healed":0,"gold_gain":0,"player_choice":"Bought 2 Potions","damage_taken":0,"max_hp_gain":0,"max_hp_loss":0,"event_name":"The Woman in Blue","floor":19,"gold_loss":0}],"is_beta":false,"boss_relics":[{"not_picked":["Cursed Key","Nuclear Battery"],"picked":"Sozu"}],"items_purged_floors":[],"is_endless":false,"potions_floor_spawned":[4,10,20],"killed_by":"Cultist and Chosen","ascension_level":7}