{"gold_per_floor":[118,131,131,144,156,156,166,193,268,286,298,324,388,488,488,590,590,607,607,620,640,654,654,687,74,74,74,74,74,74,74,74,173,173,189,189,114,214,264,264,264,293,293,307,73,73,93,109,109,109],"floor_reached":50,"playtime":3147,"items_purged":["Deadly Poison"],"score":675,"play_id":"c6496408-f7da-4d0e-8b52-454d269ea16d","local_time":"20180925091619","is_ascension_mode":true,"campfire_choices":[{"floor":6,"key":"REST"},{"floor":15,"key":"REST"},{"data":"Envenom","floor":23,"key":"SMITH"},{"data":"Calculated Gamble","floor":28,"key":"SMITH"},{"data":"Burst","floor":30,"key":"SMITH"},{"data":"Cloak And Dagger","floor":32,"key":"SMITH"},{"data":"Glass Knife","floor":40,"key":"SMITH"},{"data":"Madness","floor":46,"key":"SMITH"},{"floor":49,"key":"REST"}],"neow_cost":"NONE","seed_source_timestamp":1504918565230686,"circlet_count":0,"master_deck":["Defend_G","Defend_G","Defend_G","Defend_G","Defend_G","Strike_G","Strike_G","Strike_G","Strike_G","Strike_G","Survivor","Neutralize","Bouncing Flask+1","Slice","Cloak And Dagger","Dagger Spray","Dash","Blade Dance","Blade Dance","Burst","Cloak And Dagger+1","Envenom+1","Noxious Fumes","Endless Agony","Burst+1","Cloak And Dagger+1","Skewer+1","Blade Dance","Calculated Gamble+1","Panache","Glass Knife+1","Distraction+1","Madness+1","Madness","Sucker Punch+1","Blade Dance+1","Deflect","Deflect","Dramatic Entrance+1"],"relics":["Runic Pyramid","Meat on the Bone","Mercury Hourglass","Gambling Chip","Pen Nib","Eternal Feather","Strawberry","Shuriken","Juzu Bracelet","Bag of Preparation","CultistMask","Lantern","WristBlade","Calipers","Dodecahedron","Letter Opener","PrismaticShard"],"potions_floor_usage":[12,22,24,24,39,50,50,50,50],"damage_taken":[{"damage":0,"enemies":"2 Louse","floor":1,"turns":4},{"damage":0,"enemies":"Cultist","floor":2,"turns":3},{"damage":4,"enemies":"Jaw Worm","floor":4,"turns":3},{"damage":20,"enemies":"Lots of Slimes","floor":5,"turns":4},{"damage":12,"enemies":"3 Louse","floor":7,"turns":2},{"damage":28,"enemies":"3 Sentries","floor":8,"turns":6},{"damage":1,"enemies":"Looter","floor":10,"turns":3},{"damage":1,"enemies":"2 Fungi Beasts","floor":11,"turns":3},{"damage":7,"enemies":"Gremlin Nob","floor":12,"turns":3},{"damage":18,"enemies":"Gremlin Nob","floor":13,"turns":4},{"damage":15,"enemies":"Slime Boss","floor":16,"turns":9},{"damage":15,"enemies":"Spheric Guardian","floor":18,"turns":5},{"damage":6,"enemies":"Chosen","floor":20,"turns":4},{"damage":11,"enemies":"Centurion and Healer","floor":21,"turns":6},{"damage":20,"enemies":"Shelled Parasite and Fungi","floor":22,"turns":8},{"damage":7,"enemies":"Gremlin Leader","floor":24,"turns":6},{"damage":29,"enemies":"Automaton","floor":33,"turns":8},{"damage":0,"enemies":"Orb Walker","floor":35,"turns":2},{"damage":19,"enemies":"Mysterious Sphere","floor":39,"turns":3},{"damage":33,"enemies":"2 Orb Walkers","floor":42,"turns":4},{"damage":11,"enemies":"3 Darklings","floor":44,"turns":3},{"damage":2,"enemies":"Sphere and 2 Shapes","floor":47,"turns":3},{"damage":11,"enemies":"Maw","floor":48,"turns":6},{"damage":93,"enemies":"Donu and Deca","floor":50,"turns":7}],"seed_played":"6113558818276485637","potions_obtained":[{"floor":1,"key":"LiquidBronze"},{"floor":5,"key":"Strength Potion"},{"floor":10,"key":"GamblersBrew"},{"floor":13,"key":"Dexterity Potion"},{"floor":18,"key":"Explosive Potion"},{"floor":22,"key":"Energy Potion"},{"floor":33,"key":"FearPotion"},{"floor":35,"key":"SmokeBomb"},{"floor":39,"key":"Energy Potion"},{"floor":42,"key":"Dexterity Potion"},{"floor":47,"key":"SpeedPotion"}],"is_trial":false,"path_per_floor":["M","M","?","M","M","R","M","E","T","M","M","E","?","?","R","B",null,"M","?","M","M","M","R","E","$","T","?","R","?","R","?","R","B",null,"M","?","$","?","?","R","?","E","T","M","$","R","M","M","R"],"character_chosen":"THE_SILENT","items_purchased":["Shuriken","Panache","Juzu Bracelet","PrismaticShard","Deflect"],"campfire_rested":3,"item_purchase_floors":[25,25,25,45,45],"current_hp_per_floor":[70,70,70,66,46,67,55,27,27,38,37,42,36,36,57,42,63,48,48,42,43,35,50,50,50,50,50,68,68,77,63,81,52,75,75,65,65,65,46,67,59,38,38,39,39,60,58,47,82,0],"gold":109,"neow_bonus":"BOSS_RELIC","is_prod":false,"is_daily":false,"chose_seed":false,"campfire_upgraded":6,"win_rate":0,"timestamp":1537892179,"path_taken":["M","M","?","M","M","R","M","E","T","M","M","E","?","?","R","BOSS","M","?","M","M","?","R","E","$","T","?","R","?","R","?","R","BOSS","M","?","$","?","?","R","?","E","T","M","$","R","M","M","R","BOSS"],"build_version":"2018-09-20","purchased_purges":1,"victory":false,"max_hp_per_floor":[70,70,70,70,70,70,70,70,70,70,70,70,70,70,70,70,70,70,70,70,70,70,70,77,77,77,77,77,77,77,82,82,82,82,82,82,82,82,82,82,82,82,82,82,82,82,82,82,82,82],"card_choices":[{"not_picked":["Tactician","PiercingWail"],"picked":"Bouncing Flask","floor":1},{"not_picked":["Cloak And Dagger","Bane"],"picked":"Slice","floor":2},{"not_picked":["Dagger Spray","Backflip"],"picked":"Cloak And Dagger","floor":4},{"not_picked":["Blade Dance","Backflip"],"picked":"Deadly Poison","floor":5},{"not_picked":["Caltrops","Prepared"],"picked":"Dagger Spray","floor":7},{"not_picked":["Blade Dance","Adrenaline"],"picked":"Dash","floor":8},{"not_picked":["Well Laid Plans","Reflex"],"picked":"Blade Dance","floor":10},{"not_picked":["Reflex","Backflip"],"picked":"Blade Dance","floor":11},{"not_picked":["Leg Sweep","Tactician"],"picked":"Burst","floor":12},{"not_picked":["Tactician","Acrobatics"],"picked":"Cloak And Dagger","floor":13},{"not_picked":["Burst","Tools of the Trade"],"picked":"Envenom","floor":16},{"not_picked":["Poisoned Stab","Quick Slash+1"],"picked":"Noxious Fumes","floor":18},{"not_picked":["Calculated Gamble","Flying Knee"],"picked":"Cloak And Dagger+1","floor":20},{"not_picked":["Tactician+1","Terror"],"picked":"Skewer+1","floor":21},{"not_picked":["Skewer","PiercingWail"],"picked":"Blade Dance","floor":22},{"not_picked":["Dagger Throw","Quick Slash"],"picked":"Calculated Gamble","floor":24},{"not_picked":["Doppelganger","Corpse Explosion"],"picked":"Glass Knife","floor":33},{"not_picked":["Poisoned Stab","Leg Sweep"],"picked":"Distraction+1","floor":35},{"not_picked":["Acrobatics","Backstab"],"picked":"Sucker Punch+1","floor":39},{"not_picked":["Deadly Poison","Poisoned Stab+1"],"picked":"Blade Dance+1","floor":42},{"not_picked":["Venomology","Well Laid Plans+1"],"picked":"Deflect","floor":44},{"not_picked":["Blade Dance","Infinite Blades"],"picked":"Dramatic Entrance+1","floor":47},{"not_picked":["Hologram","Warcry","Evolve"],"picked":"SKIP","floor":48}],"player_experience":258247,"relics_obtained":[{"floor":8,"key":"Meat on the Bone"},{"floor":9,"key":"Mercury Hourglass"},{"floor":12,"key":"Gambling Chip"},{"floor":13,"key":"Pen Nib"},{"floor":24,"key":"Strawberry"},{"floor":26,"key":"Bag of Preparation"},{"floor":39,"key":"Calipers"},{"floor":42,"key":"Dodecahedron"},{"floor":43,"key":"Letter Opener"}],"event_choices":[{"event_name":"Upgrade Shrine","player_choice":"Upgraded","floor":3,"damage_taken":0},{"event_name":"Dead Adventurer","player_choice":"Searched \u00271\u0027 times","floor":13,"damage_taken":0},{"event_name":"Golden Shrine","player_choice":"Pray","floor":14,"damage_taken":0},{"event_name":"Match and Keep!","player_choice":"2 cards matched","floor":19,"damage_taken":0},{"event_name":"FaceTrader","player_choice":"Trade","floor":27,"damage_taken":0},{"event_name":"WeMeetAgain","player_choice":"Potion","floor":29,"damage_taken":0},{"event_name":"Forgotten Altar","player_choice":"Shed Blood","floor":31,"damage_taken":0},{"event_name":"Winding Halls","player_choice":"Embrace Madness","floor":36,"damage_taken":0},{"event_name":"Golden Shrine","player_choice":"Pray","floor":38,"damage_taken":0},{"event_name":"Mysterious Sphere","player_choice":"Fight","floor":39,"damage_taken":0},{"event_name":"Wheel of Change","player_choice":"Damage","floor":41,"damage_taken":0}],"is_beta":false,"boss_relics":[{"not_picked":["Snecko Eye","Calling Bell"],"picked":"Eternal Feather"},{"not_picked":["Sozu","HoveringKite"],"picked":"WristBlade"}],"items_purged_floors":[37],"is_endless":false,"potions_floor_spawned":[1,5,10,13,18,22,33,35,39,42,47],"killed_by":"Donu and Deca","ascension_level":5}