{"gold_per_floor":[117,117,292,292,25,52,52,5,5,5,87,87,162,196,196,352,352,402,420,45,45,10,10],"floor_reached":23,"playtime":775,"items_purged":["Doubt","Injury"],"score":309,"play_id":"98b5a1b3-d9a3-400c-b240-d1b4dfda283a","local_time":"20190509145123","is_ascension_mode":true,"campfire_choices":[{"floor":7,"key":"REST"},{"data":"HandOfGreed","floor":10,"key":"SMITH"},{"floor":15,"key":"REST"}],"neow_cost":"TEN_PERCENT_HP_LOSS","seed_source_timestamp":1691824573036415,"circlet_count":0,"master_deck":["Defend_R","Defend_R","Defend_R","Defend_R+1","Bash","Headbutt","HandOfGreed+1","Inflame+1","Iron Wave","Impervious","True Grit","Barricade+1","Seeing Red","Metallicize+1","Sadistic Nature+1","Bite","Bite","Bite","Bite","Bite","Carnage"],"relics":["Burning Blood","WingedGreaves","Frozen Egg 2","Singing Bowl","Paper Frog","Art of War","Golden Idol","Bronze Scales","Velvet Choker","Membership Card"],"potions_floor_usage":[11,14,19,23],"damage_taken":[{"damage":7,"enemies":"Jaw Worm","floor":1,"turns":3},{"damage":45,"enemies":"Gremlin Nob","floor":6,"turns":6},{"damage":26,"enemies":"3 Sentries","floor":11,"turns":8},{"damage":0,"enemies":"2 Louse","floor":13,"turns":2},{"damage":8,"enemies":"Gremlin Nob","floor":14,"turns":3},{"damage":27,"enemies":"The Guardian","floor":16,"turns":10},{"damage":23,"enemies":"Spheric Guardian","floor":18,"turns":4},{"damage":5,"enemies":"3 Byrds","floor":19,"turns":5},{"damage":59,"enemies":"Book of Stabbing","floor":23,"turns":5}],"seed_played":"6455945115627321221","potions_obtained":[{"floor":6,"key":"LiquidBronze"},{"floor":11,"key":"Ancient Potion"},{"floor":16,"key":"Swift Potion"},{"floor":18,"key":"Fire Potion"}],"is_trial":false,"path_per_floor":["M","?","?","T","$","E","R","$","T","R","E","?","M","E","R","B",null,"M","M","$","?","$","E"],"character_chosen":"IRONCLAD","items_purchased":["HandOfGreed","Iron Wave","Membership Card","Metallicize+1","Sadistic Nature+1","Carnage"],"campfire_rested":2,"item_purchase_floors":[5,8,20,20,20,22],"current_hp_per_floor":[71,57,57,57,57,18,39,39,39,39,19,19,27,25,47,26,62,45,48,48,48,48,0],"gold":10,"neow_bonus":"ONE_RARE_RELIC","is_prod":false,"is_daily":false,"chose_seed":false,"campfire_upgraded":1,"win_rate":0,"timestamp":1557427883,"path_taken":["M","?","?","?","$","E","R","$","T","R","E","?","?","E","R","BOSS","M","M","$","?","$","E"],"build_version":"2019-01-23","purchased_purges":2,"victory":false,"max_hp_per_floor":[72,72,72,72,72,72,72,72,72,72,72,72,74,74,74,74,74,74,76,76,53,53,53],"card_choices":[{"not_picked":["Sword Boomerang","Thunderclap"],"picked":"Headbutt","floor":1},{"not_picked":["Entrench","Shrug It Off"],"picked":"Inflame+1","floor":6},{"not_picked":["Feel No Pain+1","Thunderclap"],"picked":"Impervious","floor":11},{"not_picked":["Iron Wave","Rampage","Clash"],"picked":"Singing Bowl","floor":13},{"not_picked":["Berserk+1","Clothesline"],"picked":"True Grit","floor":14},{"not_picked":["Double Tap","Berserk+1"],"picked":"Barricade+1","floor":16},{"not_picked":["Warcry","Perfected Strike+1"],"picked":"Seeing Red","floor":18},{"not_picked":["Sword Boomerang","Clash","Seeing Red"],"picked":"Singing Bowl","floor":19}],"player_experience":1412704,"relics_obtained":[{"floor":4,"key":"Frozen Egg 2"},{"floor":6,"key":"Singing Bowl"},{"floor":9,"key":"Paper Frog"},{"floor":11,"key":"Art of War"},{"floor":14,"key":"Bronze Scales"}],"event_choices":[{"damage_healed":0,"gold_gain":0,"player_choice":"Entered Light","damage_taken":14,"max_hp_gain":0,"max_hp_loss":0,"event_name":"Shining Light","floor":2,"gold_loss":0,"cards_upgraded":["Strike_R","Defend_R"]},{"damage_healed":0,"gold_gain":175,"player_choice":"AGREE","damage_taken":0,"max_hp_gain":0,"max_hp_loss":0,"event_name":"Liars Game","floor":3,"gold_loss":0,"cards_obtained":["Doubt"]},{"damage_healed":0,"gold_gain":0,"player_choice":"Take Wound","damage_taken":0,"relics_obtained":["Golden Idol"],"max_hp_gain":0,"max_hp_loss":0,"event_name":"Golden Idol","floor":12,"gold_loss":0,"cards_obtained":["Injury"]},{"damage_healed":0,"gold_gain":0,"player_choice":"Became a vampire","damage_taken":0,"max_hp_gain":0,"max_hp_loss":23,"event_name":"Vampires","floor":21,"gold_loss":0,"cards_obtained":["Bite","Bite","Bite","Bite","Bite"]}],"is_beta":false,"boss_relics":[{"not_picked":["Lizard Tail","Ectoplasm"],"picked":"Velvet Choker"}],"items_purged_floors":[5,20],"is_endless":false,"potions_floor_spawned":[6,11,16,18],"killed_by":"Book of Stabbing","ascension_level":8}