{"gold_per_floor":[116,130,149,68,68,98,98,98,124,154,154,154],"floor_reached":12,"playtime":429,"items_purged":[],"score":99,"play_id":"7027b190-1a69-46f6-a81e-0ea24b91cb78","local_time":"20180926093205","is_ascension_mode":true,"campfire_choices":[{"floor":7,"key":"REST"}],"neow_cost":"NONE","seed_source_timestamp":1540878814687888,"circlet_count":0,"master_deck":["Strike_R","Strike_R","Strike_R","Defend_R","Defend_R","Defend_R","Defend_R","Bash","Searing Blow","True Grit","Iron Wave","Feed","Regret","Dual Wield"],"relics":["Empty Cage","PreservedInsect","Question Card","Dream Catcher","Bag of Preparation"],"potions_floor_usage":[10,12,12],"damage_taken":[{"damage":4,"enemies":"2 Louse","floor":1,"turns":4},{"damage":5,"enemies":"Small Slimes","floor":2,"turns":3},{"damage":5,"enemies":"Jaw Worm","floor":3,"turns":3},{"damage":24,"enemies":"Gremlin Nob","floor":6,"turns":4},{"damage":49,"enemies":"Lagavulin","floor":10,"turns":9},{"damage":15,"enemies":"Exordium Thugs","floor":12,"turns":4}],"seed_played":"-7982407000933815173","potions_obtained":[{"floor":1,"key":"BloodPotion"},{"floor":2,"key":"Swift Potion"},{"floor":6,"key":"LiquidBronze"}],"is_trial":false,"path_per_floor":["M","M","M","$","?","E","R","$","T","E","?"],"character_chosen":"IRONCLAD","items_purchased":["Feed"],"campfire_rested":1,"item_purchase_floors":[4],"current_hp_per_floor":[76,71,66,66,66,45,69,69,69,20,12,8],"gold":154,"neow_bonus":"BOSS_RELIC","is_prod":false,"is_daily":false,"chose_seed":false,"campfire_upgraded":0,"win_rate":0,"timestamp":1537979525,"path_taken":["M","M","M","$","?","E","R","?","T","E","?","M"],"build_version":"2018-09-20","purchased_purges":0,"victory":false,"max_hp_per_floor":[80,80,80,80,80,83,83,83,83,83,83,86],"card_choices":[{"not_picked":["Iron Wave","Bloodletting"],"picked":"Searing Blow","floor":1},{"not_picked":["Metallicize","Wild Strike"],"picked":"True Grit","floor":2},{"not_picked":["Anger","Perfected Strike"],"picked":"Iron Wave","floor":3},{"not_picked":["Burning Pact","Body Slam","Thunderclap"],"picked":"SKIP","floor":6},{"not_picked":["Seeing Red","Fire Breathing","Burning Pact"],"picked":"Dual Wield","floor":10}],"player_experience":273958,"relics_obtained":[{"floor":6,"key":"Question Card"},{"floor":9,"key":"Dream Catcher"},{"floor":10,"key":"Bag of Preparation"}],"event_choices":[{"event_name":"Big Fish","player_choice":"Box","floor":5,"damage_taken":0},{"event_name":"Wheel of Change","player_choice":"Damage","floor":11,"damage_taken":0}],"is_beta":false,"boss_relics":[],"items_purged_floors":[],"is_endless":false,"potions_floor_spawned":[1,2,6],"killed_by":"Exordium Thugs","ascension_level":3}