{"gold_per_floor":[117,128,37,112,132,162,162,189,214,214,289,289],"floor_reached":12,"playtime":1228,"items_purged":[],"score":120,"play_id":"c959d7af-b51c-4fa7-97d3-709c5d434a24","local_time":"20190601095019","is_ascension_mode":true,"campfire_choices":[{"floor":7,"key":"REST"}],"neow_cost":"NONE","seed_source_timestamp":808103496350618,"circlet_count":0,"master_deck":["Defend_G+1","Defend_G","Defend_G","Defend_G+1","Defend_G","Strike_G","Strike_G","Strike_G","Strike_G","Strike_G","Survivor","Neutralize","Cloak And Dagger","Calculated Gamble","Footwork","PiercingWail","PiercingWail","Backstab","Bullet Time"],"relics":["Fusion Hammer","Art of War","War Paint","Bag of Preparation","Toxic Egg 2"],"potions_floor_usage":[6,12],"damage_taken":[{"damage":1,"enemies":"2 Louse","floor":1,"turns":3},{"damage":0,"enemies":"Jaw Worm","floor":2,"turns":4},{"damage":0,"enemies":"Small Slimes","floor":5,"turns":4},{"damage":19,"enemies":"Lagavulin","floor":6,"turns":16},{"damage":13,"enemies":"3 Sentries","floor":8,"turns":15},{"damage":71,"enemies":"Gremlin Nob","floor":12,"turns":6}],"seed_played":"-7743993616293900250","potions_obtained":[{"floor":1,"key":"EssenceOfSteel"},{"floor":8,"key":"GhostInAJar"}],"is_trial":false,"path_per_floor":["M","M","$","?","M","E","R","E","T","?","?","E"],"character_chosen":"THE_SILENT","items_purchased":["Footwork","PiercingWail"],"campfire_rested":1,"item_purchase_floors":[3,3],"current_hp_per_floor":[62,62,62,51,51,32,53,40,40,40,33,0],"gold":289,"neow_bonus":"BOSS_RELIC","is_prod":false,"is_daily":false,"chose_seed":false,"campfire_upgraded":0,"win_rate":0,"timestamp":1559397019,"path_taken":["M","M","$","?","M","E","R","E","T","?","?","E"],"build_version":"2019-01-23","purchased_purges":0,"victory":false,"max_hp_per_floor":[70,70,70,70,70,70,70,70,70,70,70,70],"card_choices":[{"not_picked":["Calculated Gamble","Quick Slash"],"picked":"Cloak And Dagger","floor":1},{"not_picked":["Prepared","Dagger Spray"],"picked":"Calculated Gamble","floor":2},{"not_picked":["Finisher","Skewer"],"picked":"PiercingWail","floor":5},{"not_picked":["Quick Slash","Poisoned Stab"],"picked":"Backstab","floor":6},{"not_picked":["Flying Knee","PiercingWail"],"picked":"Bullet Time","floor":8}],"player_experience":1432477,"relics_obtained":[{"floor":6,"key":"Art of War"},{"floor":8,"key":"War Paint"},{"floor":9,"key":"Bag of Preparation"}],"event_choices":[{"damage_healed":0,"gold_gain":75,"player_choice":"Gather Gold","damage_taken":11,"max_hp_gain":0,"max_hp_loss":0,"event_name":"World of Goop","floor":4,"gold_loss":0},{"damage_healed":0,"gold_gain":0,"player_choice":"Searched \u00271\u0027 times","damage_taken":0,"relics_obtained":["Toxic Egg 2"],"max_hp_gain":0,"max_hp_loss":0,"event_name":"Dead Adventurer","floor":10,"gold_loss":0},{"damage_healed":0,"gold_gain":75,"player_choice":"Touch","damage_taken":7,"max_hp_gain":0,"max_hp_loss":0,"event_name":"FaceTrader","floor":11,"gold_loss":0}],"is_beta":false,"boss_relics":[],"items_purged_floors":[],"is_endless":false,"potions_floor_spawned":[1,8],"killed_by":"Gremlin Nob","ascension_level":8}