{"gold_per_floor":[110,110,3,14,24,52,152,165,165,180,144,168,168,227,227,327,327,342,342,358,358,190,224,224,238,265,277,289,321,346,369,381,497,509,553,576,601,661,688,700,745,767,779,791,803,845,871,918,930,942],"floor_reached":51,"playtime":6618,"items_purged":[],"score":784,"play_id":"7df28740-d510-4e72-8db1-f4cca588f21c","local_time":"20190603144103","is_ascension_mode":false,"campfire_choices":[{"floor":13.0,"key":"REST"},{"floor":15.0,"key":"REST"},{"floor":24.0,"key":"REST"},{"floor":32.0,"key":"REST"},{"floor":40,"key":"REST"},{"floor":45,"key":"REST"},{"floor":49,"key":"REST"}],"neow_cost":"NONE","seed_source_timestamp":0,"circlet_count":0,"master_deck":["Strike_R","Strike_R","Strike_R","Strike_R","Defend_R","Defend_R","Defend_R","Defend_R","Bash","Thunderclap","Uppercut+1","Seeing Red","Pommel Strike","Metallicize","Rampage","Ghostly Armor+1","Pommel Strike","Spot Weakness+1","Cleave","Reaper","Feed","Shrug It Off+1","Shrug It Off+1","Battle Trance+1","Apotheosis+1","Heavy Blade","Armaments+1","Shockwave+1","Limit Break+1","Impervious+1","Armaments+1","Uppercut+1","Parasite","Uppercut","Battle Trance+1","Iron Wave+1","Fire Breathing","Spot Weakness+1","Disarm+1","Impervious+1","Flame Barrier+1","Heavy Blade+1"],"special_seed":0,"relics":["Black Blood","Red Skull","Toxic Egg 2","Matryoshka","Odd Mushroom","Mummified Hand","Snecko Eye","Strawberry","MawBank","Self Forming Clay","Champion Belt","Lantern","Bag of Marbles","PreservedInsect","Dream Catcher","Whetstone"],"potions_floor_usage":[38,38],"damage_taken":[{"damage":2.0,"enemies":"2 Louse","floor":1.0,"turns":5.0},{"damage":0.0,"enemies":"Cultist","floor":4.0,"turns":3.0},{"damage":3.0,"enemies":"Jaw Worm","floor":5.0,"turns":3.0},{"damage":31.0,"enemies":"Lagavulin","floor":6.0,"turns":11.0},{"damage":13.0,"enemies":"3 Louse","floor":8.0,"turns":5.0},{"damage":11.0,"enemies":"Large Slime","floor":10.0,"turns":5.0},{"damage":8.0,"enemies":"The Mushroom Lair","floor":12.0,"turns":3.0},{"damage":32.0,"enemies":"Lagavulin Event","floor":14.0,"turns":5.0},{"damage":65.0,"enemies":"Slime Boss","floor":16.0,"turns":10.0},{"damage":22.0,"enemies":"Spheric Guardian","floor":18.0,"turns":4.0},{"damage":15.0,"enemies":"Shell Parasite","floor":20.0,"turns":5.0},{"damage":40.0,"enemies":"Gremlin Leader","floor":23.0,"turns":5.0},{"damage":3.0,"enemies":"Snecko","floor":25.0,"turns":5.0},{"damage":23.0,"enemies":"Shelled Parasite and Fungi","floor":29.0,"turns":7.0},{"damage":11.0,"enemies":"Centurion and Healer","floor":30.0,"turns":6.0},{"damage":21.0,"enemies":"Snake Plant","floor":31.0,"turns":3.0},{"damage":37.0,"enemies":"Collector","floor":33.0,"turns":8.0},{"damage":15.0,"enemies":"3 Shapes","floor":35.0,"turns":6.0},{"damage":42,"enemies":"3 Darklings","floor":36,"turns":8},{"damage":13,"enemies":"Writhing Mass","floor":37,"turns":6},{"damage":44,"enemies":"2 Orb Walkers","floor":38,"turns":5},{"damage":35,"enemies":"4 Shapes","floor":39,"turns":13},{"damage":42,"enemies":"Nemesis","floor":41,"turns":9},{"damage":27,"enemies":"Transient","floor":42,"turns":5},{"damage":10,"enemies":"Reptomancer","floor":46,"turns":5},{"damage":15,"enemies":"Maw","floor":47,"turns":8},{"damage":49,"enemies":"Giant Head","floor":48,"turns":10},{"damage":8,"enemies":"Donu and Deca","floor":50,"turns":9}],"seed_played":"-3026600113283437864","potions_obtained":[{"floor":6.0,"key":"Energy Potion"},{"floor":8.0,"key":"Explosive Potion"},{"floor":10.0,"key":"Explosive Potion"},{"floor":30.0,"key":"Block Potion"},{"floor":38,"key":"LiquidBronze"},{"floor":41,"key":"GamblersBrew"}],"is_trial":false,"path_per_floor":["M","?","$","M","M","E","?","M","T","M","$","?","R","?","R","B",null,"M","?","M","?","$","E","R","M","T","$","?","M","M","M","R","B",null,"M","M","M","?","M","R","E","M","T","?","R","E","M","E","R","B",null],"character_chosen":"IRONCLAD","items_purchased":["Uppercut","Seeing Red","Spot Weakness+1","Apotheosis+1"],"campfire_rested":7,"item_purchase_floors":[3,3,11,22],"current_hp_per_floor":[80,80,80,80,80,55,55,48,48,43,43,41,65,39,63,8,80,67,67,73,73,73,46,73,76,76,76,76,61,60,45,72,81,93,96,78,93,73,57,85,57,50,50,50,78,78,80,47,75,90],"gold":954,"neow_bonus":"RANDOM_COMMON_RELIC","is_prod":false,"is_daily":false,"chose_seed":false,"campfire_upgraded":0,"win_rate":0.0,"timestamp":1559569263,"path_taken":["M","?","$","M","M","E","?","?","T","M","$","?","R","?","R","BOSS","M","?","M","?","$","E","R","M","T","?","?","M","?","M","R","BOSS","M","M","?","?","M","R","E","M","T","?","R","E","M","E","R","BOSS"],"build_version":"2019-01-23","purchased_purges":0,"victory":true,"max_hp_per_floor":[80,80,80,80,80,80,80,80,80,80,80,80,80,80,80,80,80,83,83,86,86,86,93,93,93,93,93,93,93,93,93,93,93,93,96,96,96,96,96,96,96,96,96,96,96,96,96,96,96,96],"card_choices":[{"not_picked":["Headbutt","Power Through"],"picked":"Thunderclap","floor":1.0},{"not_picked":["Wild Strike","Body Slam"],"picked":"Pommel Strike","floor":4.0},{"not_picked":["Bloodletting","Infernal Blade"],"picked":"Metallicize","floor":5.0},{"not_picked":["Hemokinesis","Feel No Pain"],"picked":"Rampage","floor":6.0},{"not_picked":["Warcry+1","Heavy Blade"],"picked":"Ghostly Armor+1","floor":8.0},{"not_picked":["Clothesline","Rage+1"],"picked":"Pommel Strike","floor":10.0},{"not_picked":["Shrug It Off+1","Hemokinesis"],"picked":"Cleave","floor":12.0},{"not_picked":["Uppercut","Warcry+1"],"picked":"Reaper","floor":14.0},{"not_picked":["Dark Embrace","Bludgeon"],"picked":"Feed","floor":16.0},{"not_picked":["Clothesline","Pommel Strike"],"picked":"Shrug It Off+1","floor":18.0},{"not_picked":["Thunderclap","Infernal Blade+1"],"picked":"Shrug It Off+1","floor":20.0},{"not_picked":["Juggernaut","Twin Strike"],"picked":"Heavy Blade","floor":23.0},{"not_picked":["Rampage","Twin Strike"],"picked":"Armaments+1","floor":25.0},{"not_picked":["Pummel","Reckless Charge"],"picked":"Shockwave+1","floor":29.0},{"not_picked":["Thunderclap","Pummel","Sword Boomerang"],"picked":"SKIP","floor":30.0},{"not_picked":["True Grit+1","Combust"],"picked":"Limit Break+1","floor":31.0},{"not_picked":["Reaper","Immolate"],"picked":"Impervious+1","floor":33.0},{"not_picked":["Bloodletting+1","Warcry+1"],"picked":"Armaments+1","floor":35},{"not_picked":["Twin Strike+1","Flex+1"],"picked":"Uppercut","floor":36},{"not_picked":["Intimidate+1","True Grit+1"],"picked":"Uppercut","floor":37},{"not_picked":["Whirlwind+1","Perfected Strike"],"picked":"Battle Trance+1","floor":38},{"not_picked":["Anger+1","Body Slam+1"],"picked":"Iron Wave+1","floor":39},{"not_picked":["Armaments+1","Bloodletting+1"],"picked":"Fire Breathing","floor":41},{"not_picked":["Power Through+1","Armaments+1"],"picked":"Spot Weakness+1","floor":42},{"not_picked":["Evolve+1","Flex+1"],"picked":"Disarm+1","floor":46},{"not_picked":["Twin Strike","Sever Soul"],"picked":"Impervious+1","floor":47},{"not_picked":["Second Wind+1","Flex+1"],"picked":"Flame Barrier+1","floor":48},{"not_picked":["Fire Breathing+1","Sever Soul"],"picked":"Heavy Blade+1","floor":49}],"player_experience":12403,"relics_obtained":[{"floor":6.0,"key":"Toxic Egg 2"},{"floor":9.0,"key":"Matryoshka"},{"floor":12.0,"key":"Odd Mushroom"},{"floor":23.0,"key":"Strawberry"},{"floor":26.0,"key":"MawBank"},{"floor":26.0,"key":"Self Forming Clay"},{"floor":38,"key":"Champion Belt"},{"floor":41,"key":"Lantern"},{"floor":43,"key":"Bag of Marbles"},{"floor":43,"key":"PreservedInsect"},{"floor":46,"key":"Dream Catcher"},{"floor":48,"key":"Whetstone"}],"event_choices":[{"damage_healed":0.0,"max_hp_gain":0.0,"max_hp_loss":0.0,"gold_gain":0.0,"event_name":"Golden Wing","player_choice":"Ignored","floor":2.0,"gold_loss":0.0,"damage_taken":0.0},{"damage_healed":0.0,"max_hp_gain":0.0,"max_hp_loss":0.0,"gold_gain":100.0,"event_name":"Golden Shrine","player_choice":"Pray","floor":7.0,"gold_loss":0.0,"damage_taken":0.0},{"damage_healed":0.0,"max_hp_gain":0.0,"max_hp_loss":0.0,"gold_gain":0.0,"event_name":"Mushrooms","player_choice":"Fought Mushrooms","floor":12.0,"gold_loss":0.0,"damage_taken":0.0},{"damage_healed":0.0,"max_hp_gain":0.0,"max_hp_loss":0.0,"gold_gain":0.0,"event_name":"Dead Adventurer","player_choice":"Searched \u00272\u0027 times","floor":14.0,"gold_loss":0.0,"damage_taken":0.0,"relics_obtained":["Mummified Hand"]},{"damage_healed":0.0,"max_hp_gain":0.0,"max_hp_loss":0.0,"gold_gain":0.0,"event_name":"Ghosts","player_choice":"Ignored","floor":19.0,"gold_loss":0.0,"damage_taken":0.0},{"damage_healed":0.0,"max_hp_gain":0.0,"max_hp_loss":0.0,"gold_gain":0.0,"event_name":"The Library","player_choice":"Read","floor":21.0,"gold_loss":0.0,"damage_taken":0.0,"cards_obtained":["Battle Trance"]},{"damage_healed":0.0,"max_hp_gain":0.0,"max_hp_loss":0.0,"gold_gain":0.0,"event_name":"The Mausoleum","player_choice":"Ignored","floor":28.0,"gold_loss":0.0,"damage_taken":0.0},{"damage_healed":0,"gold_gain":0,"player_choice":"Fight","damage_taken":0,"max_hp_gain":0,"max_hp_loss":0,"event_name":"Mysterious Sphere","floor":38,"gold_loss":0},{"cards_removed":["Strike_R"],"damage_healed":0,"gold_gain":0,"player_choice":"Removed Attack","damage_taken":0,"max_hp_gain":0,"max_hp_loss":0,"event_name":"Falling","floor":44,"gold_loss":0}],"is_beta":false,"boss_relics":[{"not_picked":["Mark of Pain","White Beast Statue"],"picked":"Snecko Eye"},{"not_picked":["Orrery","Calling Bell"],"picked":"Black Blood"}],"items_purged_floors":[],"is_endless":false,"potions_floor_spawned":[6,8,10,12,14,20,30,36,38,41,46,47],"ascension_level":0}