{"gold_per_floor":[116,128,9,9,28,55,55,90,90,110,135,135,148,182,182,258,258,276,92,106,206,222,254,254,254,254,254,286,286,309,322,322,395,395,415,464,195,211,211],"floor_reached":39,"playtime":3876,"items_purged":["Strike_G","Setup"],"score":994,"play_id":"79e1da84-1405-4734-b2cb-7607839e3569","local_time":"20190529162700","is_ascension_mode":true,"campfire_choices":[{"data":"Corpse Explosion","floor":7,"key":"SMITH"},{"floor":15,"key":"REST"},{"data":"Strike_G","floor":24,"key":"PURGE"},{"data":"Backstab","floor":27,"key":"SMITH"},{"floor":29,"key":"DIG"},{"data":"Cloak And Dagger","floor":32,"key":"SMITH"}],"neow_cost":"NONE","seed_source_timestamp":45521478533301,"circlet_count":0,"master_deck":["AscendersBane","Survivor","Neutralize+1","Masterful Stab","Deadly Poison+1","Backstab+1","Corpse Explosion+1","Backflip","Leg Sweep","Cloak And Dagger","Infinite Blades","Adrenaline","Predator","PiercingWail","Acrobatics","Escape Plan","PiercingWail","Cloak And Dagger+1","Malaise","Poisoned Stab","Crippling Poison","Blur","Venomology","Sucker Punch","Blur","Noxious Fumes","Cloak And Dagger","Well Laid Plans"],"relics":["Ring of the Snake","Peace Pipe","Kunai","Gremlin Horn","Blood Vial","War Paint","Coffee Dripper","Bag of Marbles","Shovel","Pantograph","StoneCalendar","Centennial Puzzle","Matryoshka","Omamori","Potion Belt","Pandora\u0027s Box","Ice Cream"],"potions_floor_usage":[4,6,14,16,23,33,33,36,39],"damage_taken":[{"damage":0,"enemies":"Small Slimes","floor":1,"turns":4},{"damage":0,"enemies":"Cultist","floor":2,"turns":4},{"damage":0,"enemies":"Jaw Worm","floor":5,"turns":2},{"damage":2,"enemies":"Gremlin Nob","floor":6,"turns":3},{"damage":10,"enemies":"Lagavulin","floor":8,"turns":5},{"damage":0,"enemies":"Blue Slaver","floor":10,"turns":4},{"damage":5,"enemies":"3 Sentries","floor":11,"turns":2},{"damage":5,"enemies":"Exordium Thugs","floor":13,"turns":3},{"damage":24,"enemies":"Gremlin Nob","floor":14,"turns":4},{"damage":41,"enemies":"Slime Boss","floor":16,"turns":14},{"damage":14,"enemies":"Chosen","floor":18,"turns":5},{"damage":0,"enemies":"2 Thieves","floor":20,"turns":2},{"damage":9,"enemies":"Colosseum Slavers","floor":21,"turns":3},{"damage":4,"enemies":"Colosseum Nobs","floor":21,"turns":3},{"damage":5,"enemies":"Shelled Parasite and Fungi","floor":22,"turns":8},{"damage":6,"enemies":"Book of Stabbing","floor":23,"turns":6},{"damage":0,"enemies":"Gremlin Leader","floor":28,"turns":6},{"damage":5,"enemies":"Chosen and Byrds","floor":31,"turns":7},{"damage":49,"enemies":"Collector","floor":33,"turns":10},{"damage":1,"enemies":"3 Darklings","floor":35,"turns":4},{"damage":26,"enemies":"2 Orb Walkers","floor":36,"turns":4},{"damage":0,"enemies":"3 Shapes","floor":38,"turns":5},{"damage":49,"enemies":"Transient","floor":39,"turns":6}],"seed_played":"-2679115442556562882","potions_obtained":[{"floor":2,"key":"FearPotion"},{"floor":4,"key":"Fruit Juice"},{"floor":4,"key":"Strength Potion"},{"floor":8,"key":"GhostInAJar"},{"floor":10,"key":"Fire Potion"},{"floor":18,"key":"Block Potion"},{"floor":21,"key":"EssenceOfSteel"},{"floor":23,"key":"SkillPotion"},{"floor":35,"key":"Poison Potion"},{"floor":38,"key":"Ancient Potion"}],"is_trial":false,"path_per_floor":["M","M","$","?","M","E","R","E","T","M","E","?","M","E","R","B",null,"M","$","M","?","M","E","R","?","T","R","E","R","T","M","R","B",null,"M","?","$","M","M"],"character_chosen":"THE_SILENT","items_purchased":["Backstab","Bag of Marbles","PiercingWail","Well Laid Plans","GhostInAJar"],"campfire_rested":1,"item_purchase_floors":[3,19,19,37,37],"current_hp_per_floor":[59,59,59,64,64,62,62,52,52,52,47,47,44,22,43,4,54,42,42,44,35,32,28,28,28,28,28,30,30,30,27,27,5,55,56,32,32,34,0],"gold":211,"neow_bonus":"UPGRADE_CARD","is_prod":false,"is_daily":false,"chose_seed":false,"campfire_upgraded":3,"win_rate":0,"timestamp":1559161620,"path_taken":["M","M","$","?","M","E","R","E","T","?","E","?","M","E","R","BOSS","M","$","M","?","M","E","R","?","T","R","E","R","?","M","R","BOSS","M","?","$","M","M"],"build_version":"2019-01-23","purchased_purges":2,"victory":false,"max_hp_per_floor":[66,66,66,71,71,71,71,71,71,71,71,71,71,71,71,71,71,71,71,71,71,71,71,71,71,71,71,71,71,71,71,71,71,71,71,71,71,71,71],"card_choices":[{"not_picked":["Outmaneuver","Quick Slash"],"picked":"Masterful Stab","floor":1},{"not_picked":["Sucker Punch","Backflip"],"picked":"Deadly Poison","floor":2},{"not_picked":["Catalyst","Bane"],"picked":"Corpse Explosion","floor":5},{"not_picked":["Outmaneuver","Deflect"],"picked":"Backflip","floor":6},{"not_picked":["Tactician","Accuracy"],"picked":"Leg Sweep","floor":8},{"not_picked":["Accuracy","Sucker Punch","Flying Knee"],"picked":"SKIP","floor":10},{"not_picked":["Sucker Punch","Skewer"],"picked":"Cloak And Dagger","floor":11},{"not_picked":["Dagger Throw","Terror"],"picked":"Infinite Blades","floor":13},{"not_picked":["Quick Slash","Finisher","Night Terror"],"picked":"SKIP","floor":14},{"not_picked":["Venomology","Night Terror"],"picked":"Adrenaline","floor":16},{"not_picked":["Infinite Blades+1","Distraction"],"picked":"Predator","floor":18},{"not_picked":["Dodge and Roll","Riddle With Holes+1"],"picked":"Acrobatics","floor":20},{"not_picked":["Calculated Gamble","Dodge and Roll"],"picked":"Escape Plan","floor":21},{"not_picked":["Cloak And Dagger","Leg Sweep"],"picked":"PiercingWail","floor":22},{"not_picked":["Finisher","Prepared","Bane"],"picked":"SKIP","floor":23},{"not_picked":["Eviscerate","Dagger Spray","Deflect"],"picked":"SKIP","floor":28},{"not_picked":["Sucker Punch","Flying Knee"],"picked":"Cloak And Dagger","floor":31},{"not_picked":["Corpse Explosion","Die Die Die"],"picked":"Malaise","floor":33},{"not_picked":["Expertise","Outmaneuver+1","Choke+1"],"picked":"SKIP","floor":35},{"not_picked":["Finisher","Sucker Punch"],"picked":"Cloak And Dagger","floor":36},{"not_picked":["Eviscerate","Bane","Venomology"],"picked":"SKIP","floor":38},{"not_picked":["Eviscerate","Bane","Venomology"],"picked":"SKIP","floor":38}],"player_experience":1348537,"relics_obtained":[{"floor":6,"key":"Peace Pipe"},{"floor":8,"key":"Kunai"},{"floor":9,"key":"Gremlin Horn"},{"floor":11,"key":"Blood Vial"},{"floor":14,"key":"War Paint"},{"floor":21,"key":"Shovel"},{"floor":21,"key":"Pantograph"},{"floor":23,"key":"StoneCalendar"},{"floor":28,"key":"Centennial Puzzle"},{"floor":29,"key":"Matryoshka"},{"floor":30,"key":"Omamori"},{"floor":30,"key":"Potion Belt"},{"floor":36,"key":"Ice Cream"}],"event_choices":[{"damage_healed":0,"gold_gain":0,"player_choice":"Got Potions","damage_taken":0,"max_hp_gain":0,"max_hp_loss":0,"event_name":"Lab","floor":4,"gold_loss":0},{"damage_healed":0,"gold_gain":0,"player_choice":"Ignored","damage_taken":0,"max_hp_gain":0,"max_hp_loss":0,"event_name":"Shining Light","floor":12,"gold_loss":0},{"damage_healed":0,"gold_gain":0,"player_choice":"Fight","damage_taken":0,"max_hp_gain":0,"max_hp_loss":0,"event_name":"Colosseum","floor":21,"gold_loss":0},{"damage_healed":0,"gold_gain":0,"player_choice":"Fought Nobs","damage_taken":0,"max_hp_gain":0,"max_hp_loss":0,"event_name":"Colosseum","floor":21,"gold_loss":0},{"damage_healed":0,"gold_gain":0,"player_choice":"Ignored","damage_taken":0,"max_hp_gain":0,"max_hp_loss":0,"event_name":"The Mausoleum","floor":25,"gold_loss":0},{"damage_healed":0,"gold_gain":0,"player_choice":"Fight","damage_taken":0,"max_hp_gain":0,"max_hp_loss":0,"event_name":"Mysterious Sphere","floor":36,"gold_loss":0}],"is_beta":false,"boss_relics":[{"not_picked":["Eternal Feather","Astrolabe"],"picked":"Coffee Dripper"},{"not_picked":["WristBlade","Black Star"],"picked":"Pandora\u0027s Box"}],"items_purged_floors":[3,37],"is_endless":false,"potions_floor_spawned":[2,5,8,10,18,21,23,28,35,38],"killed_by":"Transient","ascension_level":20}