{"gold_per_floor":[110,124,142,153,153,181,181,214,214,214,231,231,257,257,257,351,351,374,374,76,90,90,90,121,121,121,135,158,158,202,252,252,346,346,346],"floor_reached":35,"playtime":3118,"items_purged":["Strike_B"],"score":1026,"play_id":"b9546d74-3531-4638-a88a-dac56dd4cc3e","local_time":"20190531153019","is_ascension_mode":true,"campfire_choices":[{"data":"Sunder","floor":7,"key":"SMITH"},{"floor":10,"key":"REST"},{"data":"Coolheaded","floor":12,"key":"SMITH"},{"data":"Coolheaded","floor":15,"key":"SMITH"},{"floor":23,"key":"REST"},{"floor":29,"key":"REST"},{"floor":32,"key":"REST"}],"neow_cost":"NONE","seed_source_timestamp":22085621464534,"circlet_count":0,"master_deck":["AscendersBane","Strike_B","Strike_B","Strike_B","Defend_B","Defend_B","Defend_B","Defend_B","Zap","Dualcast","Coolheaded+1","Sunder+1","Gash","Coolheaded+1","Conserve Battery+1","Chill","Gash","All For One","Hologram","Blizzard","Go for the Eyes","Pain","Loop","Coolheaded","Echo Form","Meteor Strike"],"relics":["Cracked Core","NeowsBlessing","Cables","Regal Pillow","Pocketwatch","Golden Idol","Philosopher\u0027s Stone","Membership Card","Gambling Chip","WarpedTongs","Matryoshka","Art of War","Fusion Hammer"],"potions_floor_usage":[6,8,24,24,30],"damage_taken":[{"damage":0,"enemies":"Jaw Worm","floor":1,"turns":1},{"damage":0,"enemies":"Cultist","floor":2,"turns":1},{"damage":0,"enemies":"2 Louse","floor":3,"turns":1},{"damage":16,"enemies":"Blue Slaver","floor":4,"turns":4},{"damage":13,"enemies":"3 Sentries","floor":6,"turns":11},{"damage":31,"enemies":"Gremlin Nob","floor":8,"turns":4},{"damage":5,"enemies":"Red Slaver","floor":11,"turns":3},{"damage":6,"enemies":"Lagavulin","floor":13,"turns":6},{"damage":0,"enemies":"The Guardian","floor":16,"turns":13},{"damage":3,"enemies":"Spheric Guardian","floor":18,"turns":3},{"damage":19,"enemies":"Shell Parasite","floor":21,"turns":4},{"damage":25,"enemies":"Slavers","floor":24,"turns":9},{"damage":21,"enemies":"Centurion and Healer","floor":27,"turns":12},{"damage":13,"enemies":"Snake Plant","floor":28,"turns":6},{"damage":36,"enemies":"Gremlin Leader","floor":30,"turns":8},{"damage":21,"enemies":"Champ","floor":33,"turns":27},{"damage":53,"enemies":"3 Darklings","floor":35,"turns":4}],"seed_played":"-3464892963677561644","potions_obtained":[{"floor":3,"key":"SkillPotion"},{"floor":6,"key":"SpeedPotion"},{"floor":13,"key":"SkillPotion"},{"floor":16,"key":"Poison Potion"},{"floor":24,"key":"PowerPotion"},{"floor":30,"key":"FocusPotion"}],"is_trial":false,"path_per_floor":["M","M","M","M","?","E","R","E","T","R","M","R","E","?","R","B",null,"M","?","$","M","?","R","E","?","T","M","M","R","E","?","R","B",null,"M"],"character_chosen":"DEFECT","items_purchased":["Membership Card","Blizzard"],"campfire_rested":4,"item_purchase_floors":[20,20],"current_hp_per_floor":[64,64,64,48,48,35,35,4,4,40,35,35,29,29,29,29,55,52,52,52,33,33,64,39,39,39,18,5,39,3,3,37,16,52,0],"gold":346,"neow_bonus":"THREE_ENEMY_KILL","is_prod":false,"is_daily":false,"chose_seed":false,"campfire_upgraded":3,"win_rate":0,"timestamp":1559331019,"path_taken":["M","M","M","M","?","E","R","E","T","R","?","R","E","?","R","BOSS","M","?","$","?","?","R","E","?","T","M","?","R","E","?","R","BOSS","M"],"build_version":"2019-01-23","purchased_purges":1,"victory":false,"max_hp_per_floor":[71,71,71,71,71,71,71,71,71,71,71,71,71,64,64,64,64,64,64,64,64,64,64,64,64,64,64,64,64,64,64,64,64,64,64],"card_choices":[{"not_picked":["Redo","Capacitor"],"picked":"Coolheaded","floor":1},{"not_picked":["Lockon","Coolheaded"],"picked":"Sunder","floor":2},{"not_picked":["Rip and Tear","Rebound"],"picked":"Gash","floor":3},{"not_picked":["Sunder","Rebound"],"picked":"Coolheaded","floor":4},{"not_picked":["Rebound","Force Field"],"picked":"Conserve Battery","floor":6},{"not_picked":["Rebound","Redo","Lockon"],"picked":"SKIP","floor":8},{"not_picked":["Sweeping Beam","Barrage"],"picked":"Chill","floor":11},{"not_picked":["Coolheaded","Turbo"],"picked":"Gash","floor":13},{"not_picked":["Rainbow","Meteor Strike"],"picked":"All For One","floor":16},{"not_picked":["Ball Lightning","Tempest"],"picked":"Hologram","floor":18},{"not_picked":["Reprogram","Cold Snap"],"picked":"Go for the Eyes","floor":21},{"not_picked":["Force Field","Barrage","Redo"],"picked":"SKIP","floor":24},{"not_picked":["Force Field","Barrage","Redo"],"picked":"SKIP","floor":24},{"not_picked":["Heatsinks","Barrage"],"picked":"Loop","floor":27},{"not_picked":["Barrage+1","White Noise"],"picked":"Coolheaded","floor":28},{"not_picked":["Reinforced Body","Compile Driver"],"picked":"Echo Form","floor":30},{"not_picked":["Fission","Echo Form"],"picked":"Meteor Strike","floor":33}],"player_experience":1352413,"relics_obtained":[{"floor":6,"key":"Cables"},{"floor":8,"key":"Regal Pillow"},{"floor":13,"key":"Pocketwatch"},{"floor":24,"key":"Gambling Chip"},{"floor":26,"key":"Matryoshka"},{"floor":30,"key":"Art of War"}],"event_choices":[{"damage_healed":0,"gold_gain":0,"player_choice":"0 cards matched","damage_taken":0,"max_hp_gain":0,"max_hp_loss":0,"event_name":"Match and Keep!","floor":5,"gold_loss":0,"cards_obtained":[]},{"damage_healed":0,"gold_gain":0,"player_choice":"Lose Max HP","damage_taken":0,"relics_obtained":["Golden Idol"],"max_hp_gain":0,"max_hp_loss":7,"event_name":"Golden Idol","floor":14,"gold_loss":0},{"damage_healed":0,"gold_gain":0,"player_choice":"Upgraded","damage_taken":0,"max_hp_gain":0,"max_hp_loss":0,"event_name":"Upgrade Shrine","floor":19,"gold_loss":0,"cards_upgraded":["Conserve Battery"]},{"damage_healed":0,"gold_gain":0,"player_choice":"Ignored","damage_taken":0,"max_hp_gain":0,"max_hp_loss":0,"event_name":"The Mausoleum","floor":22,"gold_loss":0},{"damage_healed":0,"gold_gain":0,"player_choice":"Rummage","damage_taken":0,"relics_obtained":["WarpedTongs"],"max_hp_gain":0,"max_hp_loss":0,"event_name":"Accursed Blacksmith","floor":25,"gold_loss":0,"cards_obtained":["Pain"]},{"damage_healed":0,"gold_gain":50,"player_choice":"Stole From Cult","damage_taken":0,"max_hp_gain":0,"max_hp_loss":0,"event_name":"Nest","floor":31,"gold_loss":0}],"is_beta":false,"boss_relics":[{"not_picked":["Velvet Choker","Sozu"],"picked":"Philosopher\u0027s Stone"},{"not_picked":["Pandora\u0027s Box","Black Star"],"picked":"Fusion Hammer"}],"items_purged_floors":[20],"is_endless":false,"potions_floor_spawned":[3,6,13,16,24,30],"killed_by":"3 Darklings","ascension_level":20}