{"gold_per_floor":[112,112,129,147,39,39,39,39,39,39,59,59,59,25,25,120,120,135,109,121,1,1],"floor_reached":22,"playtime":1063,"items_purged":["Strike_B"],"score":185,"play_id":"d9e4c35f-6270-4051-9728-230f0253b114","local_time":"20181101095023","is_ascension_mode":true,"campfire_choices":[{"data":"Capacitor","floor":6,"key":"SMITH"},{"data":"Glacier","floor":8,"key":"SMITH"},{"floor":12,"key":"REST"},{"floor":15,"key":"REST"}],"neow_cost":"NONE","seed_source_timestamp":3509437736535,"circlet_count":0,"master_deck":["Strike_B","Strike_B","Strike_B","Defend_B","Defend_B","Defend_B","Defend_B","Zap","Dualcast","Fusion+1","Redo","Glacier+1","Capacitor+1","Aggregate","Blizzard","Machine Learning","Go for the Eyes+1","Barrage","Rebound","Skim","Ball Lightning"],"relics":["Cracked Core","Bird Faced Urn","Cables","White Beast Statue"],"potions_floor_usage":[11,19,20,22,22],"damage_taken":[{"damage":9,"enemies":"2 Louse","floor":1,"turns":3},{"damage":1,"enemies":"Cultist","floor":3,"turns":3},{"damage":0,"enemies":"Small Slimes","floor":4,"turns":4},{"damage":10,"enemies":"Looter","floor":11,"turns":3},{"damage":12,"enemies":"Exordium Thugs","floor":14,"turns":7},{"damage":60,"enemies":"Slime Boss","floor":16,"turns":13},{"damage":16,"enemies":"Chosen","floor":18,"turns":8},{"damage":38,"enemies":"2 Thieves","floor":19,"turns":5},{"damage":15,"enemies":"Centurion and Healer","floor":20,"turns":7},{"damage":25,"enemies":"3 Cultists","floor":22,"turns":4}],"seed_played":"-5073775650969249071","potions_obtained":[{"floor":1,"key":"Strength Potion"},{"floor":14,"key":"Energy Potion"},{"floor":18,"key":"Weak Potion"},{"floor":19,"key":"Energy Potion"},{"floor":20,"key":"AttackPotion"}],"is_trial":false,"path_per_floor":["M","?","M","M","$","R","$","R","T","?","M","R","$","M","R","B",null,"M","M","M","$"],"character_chosen":"DEFECT","items_purchased":["Capacitor","Skim","Ball Lightning"],"campfire_rested":2,"item_purchase_floors":[5,21,21],"current_hp_per_floor":[73,73,72,72,72,72,72,72,72,60,50,74,74,64,82,22,82,66,32,21,21,0],"gold":1,"neow_bonus":"TEN_PERCENT_HP_BONUS","is_prod":false,"is_daily":false,"chose_seed":false,"campfire_upgraded":2,"win_rate":0,"timestamp":1541037023,"path_taken":["M","?","?","?","$","R","?","R","T","?","?","R","?","M","R","BOSS","M","M","M","$","?"],"build_version":"2018-10-25v2","purchased_purges":1,"victory":false,"max_hp_per_floor":[82,82,82,82,82,82,82,82,82,82,82,82,82,82,82,82,82,82,82,82,82,82],"card_choices":[{"not_picked":["Double Energy","Ball Lightning"],"picked":"Fusion","floor":1},{"not_picked":["Turbo","Steam Power"],"picked":"Redo","floor":3},{"not_picked":["Cold Snap","Turbo"],"picked":"Glacier","floor":4},{"not_picked":["Gash","Lockon"],"picked":"Aggregate","floor":11},{"not_picked":["Sweeping Beam","Turbo"],"picked":"Blizzard","floor":14},{"not_picked":["Fission","Buffer"],"picked":"Machine Learning","floor":16},{"not_picked":["Lockon","Conserve Battery"],"picked":"Go for the Eyes+1","floor":18},{"not_picked":["Conserve Battery","Heatsinks"],"picked":"Barrage","floor":19},{"not_picked":["Sweeping Beam+1","Go for the Eyes+1"],"picked":"Rebound","floor":20}],"player_experience":404352,"relics_obtained":[{"floor":9,"key":"Bird Faced Urn"}],"event_choices":[{"damage_healed":0,"gold_gain":0,"player_choice":"Upgraded","damage_taken":0,"max_hp_gain":0,"max_hp_loss":0,"event_name":"Upgrade Shrine","floor":2,"gold_loss":0,"cards_upgraded":["Fusion"]},{"damage_healed":0,"gold_gain":0,"player_choice":"Success","damage_taken":12,"relics_obtained":["Cables"],"max_hp_gain":0,"max_hp_loss":0,"event_name":"Scrap Ooze","floor":10,"gold_loss":0}],"is_beta":false,"boss_relics":[{"not_picked":["Runic Dome","Velvet Choker"],"picked":"White Beast Statue"}],"items_purged_floors":[5],"is_endless":false,"potions_floor_spawned":[1,14,18,19,20],"killed_by":"3 Cultists","ascension_level":1}