{"gold_per_floor":[110,69,81,97,97,97,116,116,142,142,142,174,102,116,116,220,220,231,246,257,257,257,257,270,270,270,270,280,307,325,26,26,130,130,148,148,168,184,184,184,184,195,274,288,288,298,310,360,360,360],"floor_reached":50,"playtime":2244,"items_purged":[],"score":489,"play_id":"e5e58b01-8c0a-458b-9ca6-07d93794abdf","local_time":"20180817182624","is_ascension_mode":true,"campfire_choices":[{"floor":6,"key":"REST"},{"data":"Loop","floor":8,"key":"SMITH"},{"data":"Genetic Algorithm","floor":10,"key":"SMITH"},{"floor":15,"key":"REST"},{"floor":23,"key":"REST"},{"floor":25,"key":"REST"},{"floor":27,"key":"REST"},{"floor":32,"key":"REST"},{"data":"Capacitor","floor":40,"key":"SMITH"},{"floor":45,"key":"REST"},{"floor":49,"key":"REST"}],"neow_cost":"","seed_source_timestamp":161420158193134,"circlet_count":0,"master_deck":["Strike_B+1","Defend_B+1","Defend_B+1","Defend_B+1","Zap","Dualcast","Genetic Algorithm+1","Hello World","Loop+1","Cold Snap","Sunder+1","Darkness","Ball Lightning+1","Echo Form","Core Surge+1","Fusion+1","Sweeping Beam+1","Recycle+1","White Noise+1","Hologram","Capacitor+1","Blizzard+1","Compile Driver","Barrage+1","Stack","Multi-Cast","Consume","Defragment+1","Glacier","Coolheaded+1","BootSequence+1","Lockon","Stack+1"],"relics":["Cracked Core","Boot","Happy Flower","Astrolabe","Whetstone","Pen Nib","Mercury Hourglass","Sozu","SsserpentHead","Question Card"],"potions_floor_usage":[12,16,29,29,30,30],"damage_taken":[{"damage":6,"enemies":"Cultist","floor":1,"turns":3},{"damage":9,"enemies":"2 Louse","floor":3,"turns":4},{"damage":0,"enemies":"Small Slimes","floor":4,"turns":4},{"damage":4,"enemies":"2 Fungi Beasts","floor":7,"turns":4},{"damage":15,"enemies":"Lagavulin","floor":12,"turns":5},{"damage":13,"enemies":"Large Slime","floor":14,"turns":4},{"damage":49,"enemies":"The Guardian","floor":16,"turns":9},{"damage":13,"enemies":"Chosen","floor":18,"turns":4},{"damage":23,"enemies":"3 Byrds","floor":19,"turns":4},{"damage":18,"enemies":"Shelled Parasite and Fungi","floor":20,"turns":7},{"damage":22,"enemies":"Snecko","floor":24,"turns":5},{"damage":10,"enemies":"Chosen and Byrds","floor":28,"turns":5},{"damage":23,"enemies":"Book of Stabbing","floor":29,"turns":4},{"damage":14,"enemies":"Centurion and Healer","floor":30,"turns":4},{"damage":29,"enemies":"Collector","floor":33,"turns":8},{"damage":32,"enemies":"3 Shapes","floor":35,"turns":3},{"damage":13,"enemies":"Orb Walker","floor":37,"turns":4},{"damage":16,"enemies":"Maw","floor":38,"turns":7},{"damage":11,"enemies":"3 Darklings","floor":42,"turns":5},{"damage":48,"enemies":"Spire Growth","floor":44,"turns":6},{"damage":8,"enemies":"4 Shapes","floor":46,"turns":3},{"damage":1,"enemies":"Flame Bruiser 2 Orb","floor":47,"turns":7},{"damage":45,"enemies":"Awakened One","floor":50,"turns":3}],"seed_played":"-8546328662498785181","potions_obtained":[{"floor":7,"key":"Fire Potion"},{"floor":12,"key":"PowerPotion"},{"floor":16,"key":"Strength Potion"},{"floor":18,"key":"LiquidBronze"},{"floor":19,"key":"Block Potion"},{"floor":29,"key":"GamblersBrew"}],"is_trial":false,"path_per_floor":["M","$","M","M","?","R","M","R","T","R","?","E","$","M","R","B",null,"M","M","M","?","?","R","M","R","T","R","M","E","M","$","R","B",null,"M","?","M","M","?","R","?","M","T","M","R","M","M","?","R"],"character_chosen":"DEFECT","items_purchased":["Hello World","Darkness","Mercury Hourglass","Stack"],"campfire_rested":8,"item_purchase_floors":[2,13,31,31],"current_hp_per_floor":[69,69,60,60,65,75,71,71,71,71,71,56,56,43,65,16,75,62,39,21,21,21,43,28,50,50,72,62,39,25,25,47,18,75,43,43,30,14,66,66,66,55,55,7,26,18,17,17,36,0],"gold":360,"neow_bonus":"","is_prod":false,"is_daily":false,"chose_seed":false,"campfire_upgraded":3,"win_rate":0,"timestamp":1534501584,"path_taken":["M","$","M","M","?","R","M","R","T","R","?","E","$","M","R","BOSS","M","M","M","?","?","R","M","R","T","R","M","E","?","$","R","BOSS","M","?","M","?","?","R","?","M","T","M","R","M","M","?","R","BOSS"],"build_version":"2018-08-16","purchased_purges":0,"victory":false,"max_hp_per_floor":[75,75,75,75,75,75,75,75,75,75,75,75,75,75,75,75,75,75,75,75,75,75,75,75,75,75,75,75,75,75,75,75,75,75,75,75,75,75,66,66,66,66,66,66,66,66,66,66,66,66],"card_choices":[{"not_picked":["Hologram","Turbo"],"picked":"Genetic Algorithm","floor":1},{"not_picked":["Sweeping Beam","Doom and Gloom"],"picked":"Loop","floor":3},{"not_picked":["Compile Driver","Steam Power"],"picked":"Rebound","floor":4},{"not_picked":["Coolheaded","Hologram"],"picked":"Cold Snap","floor":7},{"not_picked":["Hyperbeam","Compile Driver"],"picked":"Sunder","floor":12},{"not_picked":["Darkness","Cold Snap"],"picked":"Ball Lightning","floor":14},{"not_picked":["Hyperbeam","Buffer"],"picked":"Echo Form","floor":16},{"not_picked":["Go for the Eyes","Barrage"],"picked":"Recycle+1","floor":18},{"not_picked":["Sunder+1","Auto Shields+1"],"picked":"White Noise+1","floor":19},{"not_picked":["Coolheaded","Sweeping Beam"],"picked":"Hologram","floor":20},{"not_picked":["Blizzard","Beam Cell+1"],"picked":"Capacitor","floor":24},{"not_picked":["Barrage","Sweeping Beam"],"picked":"Blizzard+1","floor":28},{"not_picked":["Rainbow","Double Energy"],"picked":"Compile Driver","floor":29},{"not_picked":["Chill","Reprogram"],"picked":"Barrage+1","floor":30},{"not_picked":["Machine Learning","Fission"],"picked":"Multi-Cast","floor":33},{"not_picked":["Cold Snap+1","Storm"],"picked":"Consume","floor":35},{"not_picked":["FTL+1","Darkness+1"],"picked":"Defragment+1","floor":37},{"not_picked":["Streamline+1","Gash"],"picked":"Glacier","floor":38},{"not_picked":["Cold Snap+1","Go for the Eyes"],"picked":"Coolheaded+1","floor":42},{"not_picked":["Capacitor","Steam+1","Chill"],"picked":"BootSequence+1","floor":44},{"not_picked":["Fusion","Darkness","Ball Lightning"],"picked":"Lockon","floor":46},{"not_picked":["Sweeping Beam+1","Static Discharge+1","Chill+1"],"picked":"Stack+1","floor":47}],"player_experience":286079,"relics_obtained":[{"floor":9,"key":"Boot"},{"floor":12,"key":"Happy Flower"},{"floor":26,"key":"Whetstone"},{"floor":29,"key":"Pen Nib"},{"floor":43,"key":"Question Card"}],"event_choices":[{"event_name":"Bonfire Elementals","player_choice":"COMMON","floor":5,"damage_taken":0},{"event_name":"The Cleric","player_choice":"Leave","floor":11,"damage_taken":0},{"event_name":"Cursed Tome","player_choice":"Ignored","floor":21,"damage_taken":0},{"event_name":"Back to Basics","player_choice":"Simplicity","floor":22,"damage_taken":0},{"event_name":"Mysterious Sphere","player_choice":"Ignore","floor":36,"damage_taken":0},{"event_name":"The Moai Head","player_choice":"Heal","floor":39,"damage_taken":0},{"event_name":"FaceTrader","player_choice":"Trade","floor":41,"damage_taken":0},{"event_name":"Falling","player_choice":"Removed Attack","floor":48,"damage_taken":0}],"is_beta":false,"boss_relics":[{"not_picked":["Ectoplasm","Cursed Key"],"picked":"Astrolabe"},{"not_picked":["Eternal Feather","Fusion Hammer"],"picked":"Sozu"}],"items_purged_floors":[],"is_endless":false,"potions_floor_spawned":[7,12,16,18,19,29,42,44,47],"killed_by":"Awakened One","ascension_level":1}