{"gold_per_floor":[116,127,28,42,42,74,74,74,74,94,111,136,153,2,2,100,130,145,70],"floor_reached":19,"playtime":2922,"items_purged":["Normality"],"score":179,"play_id":"05ba6ebb-8004-43cf-a94e-7a3b4c8fa1f6","local_time":"20180703140211","is_ascension_mode":false,"campfire_choices":[{"floor":7,"key":"REST"},{"floor":15,"key":"REST"}],"neow_cost":"","seed_source_timestamp":654900243283455,"circlet_count":0,"master_deck":["Strike_B","Strike_B","Strike_B+1","Strike_B","Defend_B","Defend_B","Defend_B","Defend_B","Zap","Dualcast","Coolheaded+1","Melter+1","Flash of Steel","Steam Power","Self Repair","Barrage","Beam Cell","Fission","Skim","Sweeping Beam","Creative AI","Cold Snap","Genetic Algorithm"],"relics":["Cracked Core","Mummified Hand","Bag of Marbles","Question Card","Juzu Bracelet","Tiny House"],"potions_floor_usage":[12,16,16],"damage_taken":[{"damage":0,"enemies":"Cultist","floor":1,"turns":3},{"damage":6,"enemies":"Jaw Worm","floor":2,"turns":3},{"damage":0,"enemies":"2 Louse","floor":4,"turns":2},{"damage":28,"enemies":"Lagavulin","floor":6,"turns":6},{"damage":11,"enemies":"Blue Slaver","floor":10,"turns":4},{"damage":3,"enemies":"Looter","floor":11,"turns":3},{"damage":15,"enemies":"3 Sentries","floor":12,"turns":6},{"damage":12,"enemies":"Large Slime","floor":13,"turns":6},{"damage":53,"enemies":"Slime Boss","floor":16,"turns":9},{"damage":53,"enemies":"Chosen","floor":18,"turns":8},{"damage":39,"enemies":"2 Thieves","floor":19,"turns":3}],"seed_played":"-582495605926963250","potions_obtained":[{"floor":4,"key":"Poison Potion"},{"floor":10,"key":"AttackPotion"},{"floor":16,"key":"FearPotion"},{"floor":17,"key":"SteroidPotion"}],"is_trial":false,"path_per_floor":["M","M","$","M","?","E","R","?","T","M","M","E","M","$","R","B",null,"M"],"character_chosen":"DEFECT","items_purchased":["Flash of Steel","Sweeping Beam","Fire Potion"],"campfire_rested":2,"item_purchase_floors":[3,14,14],"current_hp_per_floor":[75,69,69,69,69,41,63,48,48,44,48,40,35,35,57,11,80,34,0],"gold":70,"neow_bonus":"","is_prod":false,"is_daily":false,"chose_seed":false,"campfire_upgraded":0,"win_rate":0.0,"timestamp":1530597731,"path_taken":["M","?","$","M","?","E","R","?","T","M","M","E","M","$","R","BOSS","M","M"],"build_version":"2018-06-28","purchased_purges":1,"victory":false,"max_hp_per_floor":[75,75,75,75,75,75,75,75,75,75,75,75,75,75,75,75,80,80,80],"card_choices":[{"not_picked":["Redo","Compile Driver"],"picked":"Coolheaded","floor":1},{"not_picked":["Consume","Barrage"],"picked":"Melter","floor":2},{"not_picked":["Conserve Battery","Hologram"],"picked":"Steam Power","floor":4},{"not_picked":["Stack","Hologram"],"picked":"Self Repair","floor":6},{"not_picked":["Heatsinks","Biased Cognition","Hologram"],"picked":"Barrage","floor":10},{"not_picked":["Skim","White Noise","Gash"],"picked":"Beam Cell","floor":11},{"not_picked":["Redo","Consume","Gash"],"picked":"Fission","floor":12},{"not_picked":["Hologram","Capacitor","Beam Cell"],"picked":"Skim","floor":13},{"not_picked":["Thunder Strike","Amplify","Fission"],"picked":"Creative AI","floor":16},{"not_picked":["Beam Cell","Sweeping Beam","Hologram"],"picked":"Cold Snap","floor":17},{"not_picked":["Stack","Beam Cell","Conserve Battery"],"picked":"Genetic Algorithm","floor":18}],"player_experience":4670,"relics_obtained":[{"floor":6,"key":"Bag of Marbles"},{"floor":9,"key":"Question Card"},{"floor":12,"key":"Juzu Bracelet"}],"event_choices":[{"event_name":"Accursed Blacksmith","player_choice":"Rummage","floor":5,"damage_taken":0},{"event_name":"Shining Light","player_choice":"Entered Light","floor":8,"damage_taken":0}],"boss_relics":[{"not_picked":["Ectoplasm","Nuclear Battery"],"picked":"Tiny House"}],"items_purged_floors":[14],"is_endless":false,"potions_floor_spawned":[4,10,16],"killed_by":"2 Thieves","ascension_level":0}