{"gold_per_floor":[109,120,135,310,83,83,112,112,112,112,112,36,36,71,71,169,169,188,199,199,219,236,236,252,252,252,270,288,313,313,341,341,440,440,458,148,168,21,0,0,30,30,30,68,80,103,126,163,175,187],"floor_reached":50,"playtime":2627,"items_purged":["Doubt"],"score":765,"play_id":"ff88f5bc-338d-45fc-8591-be3ee4f81115","local_time":"20180803045815","is_ascension_mode":true,"campfire_choices":[{"data":"Blade Dance","floor":6,"key":"SMITH"},{"data":"Deflect","floor":8,"key":"SMITH"},{"floor":10,"key":"REST"},{"data":"Finisher","floor":15,"key":"SMITH"},{"floor":23,"key":"REST"},{"floor":25,"key":"REST"},{"floor":30,"key":"REST"},{"floor":32,"key":"REST"},{"data":"Blade Dance","floor":40,"key":"SMITH"},{"data":"Envenom","floor":42,"key":"SMITH"},{"floor":49,"key":"REST"}],"neow_cost":"NONE","seed_source_timestamp":293727985087596,"circlet_count":0,"master_deck":["Defend_G+1","Defend_G","Defend_G","Defend_G+1","Strike_G","Strike_G","Survivor","Neutralize","Malaise+1","Finisher+1","Endless Agony+1","Backstab","Blade Dance+1","Slice","Slice","Dramatic Entrance","Deflect+1","Finisher+1","Quick Slash+1","Blade Dance+1","Slice+1","Endless Agony","Escape Plan+1","Endless Agony+1","Sucker Punch+1","All Out Attack+1","Sucker Punch+1","Slice+1","Flying Knee+1","Envenom+1","Slice+1","Accuracy","Acrobatics","Acrobatics+1","Dagger Spray+1","Slice+1","Endless Agony+1","Dagger Spray+1"],"relics":["Astrolabe","Letter Opener","Singing Bowl","Pantograph","Dream Catcher","Lizard Tail","Molten Egg 2","Vajra","Art of War","Orrery","Kunai","Bronze Scales","Red Mask","War Paint","MawBank","Question Card","Dodecahedron"],"potions_floor_usage":[14,21,22,22,29,31,33,47,48],"damage_taken":[{"damage":1,"enemies":"Cultist","floor":1,"turns":3},{"damage":0,"enemies":"Small Slimes","floor":2,"turns":1},{"damage":0,"enemies":"2 Louse","floor":3,"turns":2},{"damage":26,"enemies":"Lagavulin","floor":7,"turns":7},{"damage":4,"enemies":"3 Sentries","floor":14,"turns":5},{"damage":21,"enemies":"Slime Boss","floor":16,"turns":8},{"damage":13,"enemies":"Shell Parasite","floor":18,"turns":5},{"damage":3,"enemies":"2 Thieves","floor":19,"turns":3},{"damage":5,"enemies":"3 Cultists","floor":21,"turns":4},{"damage":35,"enemies":"Snecko","floor":22,"turns":8},{"damage":4,"enemies":"Centurion and Healer","floor":24,"turns":4},{"damage":0,"enemies":"Snake Plant","floor":27,"turns":1},{"damage":19,"enemies":"Sentry and Sphere","floor":28,"turns":4},{"damage":14,"enemies":"Book of Stabbing","floor":29,"turns":5},{"damage":2,"enemies":"Gremlin Leader","floor":31,"turns":4},{"damage":53,"enemies":"Collector","floor":33,"turns":10},{"damage":0,"enemies":"3 Shapes","floor":35,"turns":2},{"damage":0,"enemies":"Flame Bruiser 1 Orb","floor":37,"turns":3},{"damage":22,"enemies":"Giant Head","floor":41,"turns":7},{"damage":37,"enemies":"Nemesis","floor":44,"turns":5},{"damage":26,"enemies":"3 Darklings","floor":46,"turns":3},{"damage":8,"enemies":"4 Shapes","floor":47,"turns":2},{"damage":3,"enemies":"2 Orb Walkers","floor":48,"turns":3},{"damage":95,"enemies":"Awakened One","floor":50,"turns":9}],"seed_played":"-1816797951170430360","potions_obtained":[{"floor":1,"key":"SpeedPotion"},{"floor":2,"key":"SkillPotion"},{"floor":7,"key":"LiquidBronze"},{"floor":19,"key":"Poison Potion"},{"floor":21,"key":"SkillPotion"},{"floor":24,"key":"Dexterity Potion"},{"floor":29,"key":"Strength Potion"},{"floor":35,"key":"SteroidPotion"},{"floor":44,"key":"PowerPotion"},{"floor":47,"key":"PowerPotion"}],"is_trial":false,"path_per_floor":["M","M","M","?","$","R","E","R","T","R","?","$","?","E","R","B",null,"M","M","?","M","M","R","M","R","T","M","M","E","R","E","R","B",null,"M","$","M","$","?","R","E","R","T","E","?","M","M","E","R"],"character_chosen":"THE_SILENT","items_purchased":["Slice","Dramatic Entrance","Finisher","Kunai","Acrobatics","Bronze Scales"],"campfire_rested":6,"item_purchase_floors":[5,5,12,36,36,38],"current_hp_per_floor":[69,69,69,69,69,69,43,43,43,64,64,64,52,50,50,53,74,61,58,44,41,6,30,26,52,52,52,33,19,43,41,65,30,91,91,91,91,91,91,91,69,69,69,32,32,8,48,45,73,0],"gold":187,"neow_bonus":"BOSS_RELIC","is_prod":false,"is_daily":false,"chose_seed":false,"campfire_upgraded":5,"win_rate":0,"timestamp":1533297495,"path_taken":["M","?","M","?","$","R","E","R","T","R","?","$","?","E","R","BOSS","M","M","?","M","M","R","M","R","T","?","M","E","R","E","R","BOSS","M","$","M","$","?","R","E","R","T","E","?","M","M","E","R","BOSS"],"build_version":"2018-08-02","purchased_purges":1,"victory":false,"max_hp_per_floor":[70,70,70,70,70,70,70,70,70,70,70,70,70,72,72,74,74,74,74,79,81,81,81,81,83,83,83,83,83,83,83,83,83,91,91,91,91,91,91,91,91,91,91,91,91,93,95,95,95,95],"card_choices":[{"not_picked":["Flechettes","Acrobatics"],"picked":"Backstab","floor":1},{"not_picked":["Deadly Poison","Backflip"],"picked":"Blade Dance","floor":2},{"not_picked":["Flying Knee","Underhanded Strike"],"picked":"Slice","floor":3},{"not_picked":["Bouncing Flask","Acrobatics"],"picked":"Deflect","floor":7},{"not_picked":["Caltrops","Dagger Throw","Deflect"],"picked":"Singing Bowl","floor":14},{"not_picked":["Malaise","Corpse Explosion","Storm of Steel"],"picked":"Singing Bowl","floor":16},{"not_picked":["Outmaneuver","Prepared"],"picked":"Quick Slash+1","floor":18},{"not_picked":["Quick Slash","Terror"],"picked":"Blade Dance","floor":19},{"not_picked":["Concentrate","Dagger Throw+1","Flechettes"],"picked":"Singing Bowl","floor":21},{"not_picked":["Malaise","Cloak And Dagger"],"picked":"Slice+1","floor":22},{"not_picked":["Outmaneuver+1","Bane"],"picked":"Endless Agony","floor":23},{"not_picked":["Blur","Flying Knee"],"picked":"Escape Plan+1","floor":24},{"not_picked":["Quick Slash+1","Footwork","Backflip"],"picked":"Singing Bowl","floor":25},{"not_picked":["PiercingWail","Underhanded Strike+1"],"picked":"Endless Agony+1","floor":27},{"not_picked":["Dagger Throw+1","Backflip"],"picked":"Sucker Punch+1","floor":28},{"not_picked":["Tools of the Trade","Backflip"],"picked":"All Out Attack+1","floor":29},{"not_picked":["Flying Knee+1","Catalyst"],"picked":"Sucker Punch+1","floor":30},{"not_picked":["Crippling Poison","Bullet Time"],"picked":"Slice+1","floor":31},{"not_picked":["Tactician+1","Bane+1"],"picked":"Flying Knee+1","floor":32},{"not_picked":["Adrenaline","Storm of Steel"],"picked":"Envenom","floor":33},{"not_picked":["Deflect","Deadly Poison","Flying Knee+1"],"picked":"Singing Bowl","floor":34},{"not_picked":["Dodge and Roll+1","Masterful Stab+1","Reflex+1"],"picked":"Singing Bowl","floor":34},{"not_picked":["Acrobatics","Setup+1"],"picked":"Slice+1","floor":34},{"not_picked":["Caltrops","Poisoned Stab+1","Masterful Stab+1"],"picked":"Singing Bowl","floor":34},{"not_picked":["Crippling Poison+1","Cloak And Dagger","PiercingWail+1"],"picked":"Singing Bowl","floor":34},{"not_picked":["Eviscerate+1","Bane+1"],"picked":"Accuracy","floor":35},{"not_picked":["Unload+1","Prepared+1"],"picked":"Acrobatics+1","floor":37},{"not_picked":["Quick Slash+1","Distraction"],"picked":"Dagger Spray+1","floor":41},{"not_picked":["Dagger Spray+1","Flying Knee+1"],"picked":"Slice+1","floor":44},{"not_picked":["Bane+1","Poisoned Stab+1","Outmaneuver","Dagger Throw+1"],"picked":"Singing Bowl","floor":46},{"not_picked":["Underhanded Strike+1","Setup","Concentrate","Dagger Throw+1"],"picked":"Singing Bowl","floor":47},{"not_picked":["Quick Slash+1","Noxious Fumes","Concentrate+1"],"picked":"Endless Agony+1","floor":48},{"not_picked":["Blur","Caltrops+1","Dodge and Roll"],"picked":"Dagger Spray+1","floor":49}],"player_experience":230603,"relics_obtained":[{"floor":7,"key":"Letter Opener"},{"floor":9,"key":"Singing Bowl"},{"floor":14,"key":"Dream Catcher"},{"floor":26,"key":"Molten Egg 2"},{"floor":29,"key":"Vajra"},{"floor":31,"key":"Art of War"},{"floor":41,"key":"War Paint"},{"floor":43,"key":"MawBank"},{"floor":44,"key":"Question Card"},{"floor":48,"key":"Dodecahedron"}],"event_choices":[{"event_name":"Liars Game","player_choice":"agreed","floor":4,"damage_taken":0},{"event_name":"The Cleric","player_choice":"Leave","floor":11,"damage_taken":0},{"event_name":"Scrap Ooze","player_choice":"success","floor":13,"damage_taken":12},{"event_name":"Forgotten Altar","player_choice":"Shed Blood","floor":20,"damage_taken":0},{"event_name":"Tomb of Lord Red Mask","player_choice":"Paid","floor":39,"damage_taken":0},{"event_name":"Falling","player_choice":"Removed Skill","floor":45,"damage_taken":0}],"is_beta":false,"boss_relics":[{"not_picked":["Philosopher\u0027s Stone","Pandora\u0027s Box"],"picked":"Lizard Tail"},{"not_picked":["Snecko Eye","Sozu"],"picked":"Orrery"}],"items_purged_floors":[5],"is_endless":false,"potions_floor_spawned":[1,2,7,19,21,24,29,35,44,47],"killed_by":"Awakened One","ascension_level":3}