{"gold_per_floor":[144,144,144,189,234,234,334,379,379,424,469,538,583,628,628,928,928,973,973,1018,357,402,402,402,402,427,114,159,159,159,204,204,504,504,549,549,594,639,119,209,254,299,354,399,399,444,489,534,534,534],"floor_reached":51,"playtime":5064,"items_purged":["Fusion"],"score":829,"play_id":"d60e0873-3070-4ccb-9fe7-fdca1cc30b17","local_time":"20180702070811","daily_mods":["Insanity","Midas","Vintage"],"is_ascension_mode":false,"campfire_choices":[{"floor":6,"key":"REST"},{"floor":15,"key":"REST"},{"floor":23,"key":"REST"},{"floor":25,"key":"REST"},{"data":"1","floor":32,"key":"LIFT"},{"data":"2","floor":45,"key":"LIFT"},{"data":"3","floor":49,"key":"LIFT"}],"neow_cost":"","seed_source_timestamp":0,"circlet_count":0,"master_deck":["Compile Driver","FTL","Barrage","Hologram","Electrodynamics","White Noise","Self Repair","Seek","Blizzard+1","Chaos","Rebound","Auto Shields","Tempest","Loop","Heatsinks","Rebound","Lockon","Go for the Eyes","Darkness","Double Energy","Leap","Doom and Gloom","Biased Cognition","Defend_B","Darkness","Rebound","Fission","Thunder Strike","Lockon","Force Field","Buffer","Barrage","Amplify+1","Coolheaded","Lockon","Biased Cognition","Blizzard+1","Thunder Strike","Sunder+1","Meteor Strike","Core Surge","Auto Shields","Streamline","Reinforced Body","Reboot","Ball Lightning+1","Barrage+1","BootSequence","Chill","Go for the Eyes+1","Scrape+1","Jack Of All Trades","Bandage Up","Apotheosis","Dramatic Entrance+1","Master of Strategy","Melter+1","Necronomicurse","Dramatic Entrance+1","Thunder Strike+1","Blizzard+1","Skim+1","Dramatic Entrance+1","All For One+1","Good Instincts","Mind Blast+1","Good Instincts","Dramatic Entrance+1","Steam+1"],"special_seed":17714,"relics":["Cracked Core","Lantern","Anchor","Pear","The Courier","Gremlin Horn","Strawberry","Mercury Hourglass","Molten Egg 2","Ornamental Fan","Bottled Lightning","Orrery","Whetstone","Potion Belt","Orichalcum","Necronomicon","Oddly Smooth Stone","Girya","Centennial Puzzle","Bottled Flame","Bottled Tornado","Astrolabe","Sundial","Regal Pillow","Darkstone Periapt","Letter Opener","Meat on the Bone","Bag of Marbles","Tiny Chest","Kunai","Bronze Scales","Peace Pipe","Blood Vial"],"potions_floor_usage":[],"damage_taken":[{"damage":9,"enemies":"Jaw Worm","floor":1,"turns":2},{"damage":15,"enemies":"Small Slimes","floor":4,"turns":3},{"damage":6,"enemies":"Cultist","floor":5,"turns":3},{"damage":0,"enemies":"2 Fungi Beasts","floor":8,"turns":2},{"damage":11,"enemies":"Exordium Thugs","floor":10,"turns":4},{"damage":2,"enemies":"Large Slime","floor":11,"turns":4},{"damage":2,"enemies":"3 Louse","floor":13,"turns":2},{"damage":0,"enemies":"Lots of Slimes","floor":14,"turns":1},{"damage":26,"enemies":"Slime Boss","floor":16,"turns":5},{"damage":6,"enemies":"Spheric Guardian","floor":18,"turns":3},{"damage":0,"enemies":"2 Thieves","floor":20,"turns":3},{"damage":24,"enemies":"Snecko","floor":22,"turns":5},{"damage":0,"enemies":"Centurion and Healer","floor":28,"turns":5},{"damage":3,"enemies":"Chosen and Byrds","floor":31,"turns":4},{"damage":44,"enemies":"Automaton","floor":33,"turns":7},{"damage":0,"enemies":"3 Darklings","floor":35,"turns":2},{"damage":0,"enemies":"Orb Walker","floor":37,"turns":1},{"damage":0,"enemies":"3 Darklings","floor":38,"turns":2},{"damage":0,"enemies":"Nemesis","floor":40,"turns":1},{"damage":1,"enemies":"Sphere and 2 Shapes","floor":41,"turns":1},{"damage":0,"enemies":"Maw","floor":42,"turns":4},{"damage":0,"enemies":"3 Darklings","floor":44,"turns":1},{"damage":0,"enemies":"Sphere and 2 Shapes","floor":46,"turns":1},{"damage":0,"enemies":"Maw","floor":47,"turns":1},{"damage":0,"enemies":"3 Darklings","floor":48,"turns":1},{"damage":32,"enemies":"Awakened One","floor":50,"turns":5}],"seed_played":"9042137749875392319","potions_obtained":[{"floor":4,"key":"Explosive Potion"},{"floor":8,"key":"SpeedPotion"},{"floor":11,"key":"Ancient Potion"},{"floor":16,"key":"Fire Potion"},{"floor":22,"key":"Poison Potion"},{"floor":28,"key":"Dexterity Potion"},{"floor":40,"key":"Regen Potion"},{"floor":41,"key":"Fire Potion"},{"floor":47,"key":"SkillPotion"}],"is_trial":false,"path_per_floor":["M","?","?","M","M","R","?","M","T","M","M","?","M","M","R","B",null,"M","?","M","$","M","R","?","R","T","$","M","?","?","M","R","B",null,"M","?","M","M","$","E","M","M","T","M","R","M","M","M","R","B"],"character_chosen":"DEFECT","items_purchased":["Jack Of All Trades","Bandage Up","Apotheosis","Dramatic Entrance+1","Master of Strategy","Melter+1","Dramatic Entrance+1","Girya","Dramatic Entrance+1","All For One+1","Good Instincts","Mind Blast+1","Good Instincts","Dramatic Entrance+1"],"campfire_rested":4,"item_purchase_floors":[21,21,21,21,21,21,27,27,39,39,39,39,39,39],"current_hp_per_floor":[66,66,51,43,47,72,72,72,72,68,66,66,64,64,91,65,92,86,86,86,86,76,92,76,92,92,92,92,74,74,89,89,49,97,97,97,97,97,97,97,96,97,97,97,97,97,97,97,97,76],"gold":534,"neow_bonus":"","is_prod":false,"is_daily":true,"chose_seed":false,"campfire_upgraded":0,"win_rate":0,"timestamp":1530540491,"path_taken":["M","?","?","M","M","R","?","M","T","M","?","?","?","M","R","BOSS","M","?","M","$","M","R","?","R","T","$","M","?","?","?","R","BOSS","M","?","M","M","$","E","M","M","T","M","R","M","?","M","R","BOSS"],"build_version":"2018-06-28","purchased_purges":1,"victory":true,"max_hp_per_floor":[75,75,75,75,85,85,85,85,85,92,92,92,92,92,92,92,92,92,92,92,92,92,92,92,92,92,92,92,97,97,97,97,97,97,97,97,97,97,97,97,97,97,97,97,97,97,97,97,97,97],"card_choices":[{"not_picked":["Creative AI","Buffer"],"picked":"Reboot","floor":16},{"not_picked":["Coolheaded","Stack"],"picked":"Ball Lightning+1","floor":17},{"not_picked":["Leap","Capacitor"],"picked":"Barrage+1","floor":17},{"not_picked":["Gash+1","Leap"],"picked":"BootSequence","floor":17},{"not_picked":["Auto Shields","Go for the Eyes+1"],"picked":"Chill","floor":17},{"not_picked":["Turbo","Conserve Battery"],"picked":"Go for the Eyes+1","floor":17},{"not_picked":["Thunder Strike+1","Compile Driver+1"],"picked":"Steam+1","floor":40}],"player_experience":35586,"relics_obtained":[{"floor":1,"key":"Lantern"},{"floor":4,"key":"Anchor"},{"floor":5,"key":"Pear"},{"floor":8,"key":"The Courier"},{"floor":9,"key":"Gremlin Horn"},{"floor":10,"key":"Strawberry"},{"floor":11,"key":"Mercury Hourglass"},{"floor":13,"key":"Molten Egg 2"},{"floor":14,"key":"Ornamental Fan"},{"floor":16,"key":"Bottled Lightning"},{"floor":18,"key":"Whetstone"},{"floor":20,"key":"Potion Belt"},{"floor":22,"key":"Orichalcum"},{"floor":24,"key":"Necronomicon"},{"floor":26,"key":"Oddly Smooth Stone"},{"floor":28,"key":"Centennial Puzzle"},{"floor":31,"key":"Bottled Flame"},{"floor":33,"key":"Bottled Tornado"},{"floor":35,"key":"Sundial"},{"floor":37,"key":"Regal Pillow"},{"floor":38,"key":"Darkstone Periapt"},{"floor":40,"key":"Letter Opener"},{"floor":41,"key":"Meat on the Bone"},{"floor":42,"key":"Bag of Marbles"},{"floor":43,"key":"Tiny Chest"},{"floor":44,"key":"Kunai"},{"floor":46,"key":"Bronze Scales"},{"floor":47,"key":"Peace Pipe"},{"floor":48,"key":"Blood Vial"}],"event_choices":[{"event_name":"Living Wall","player_choice":"Forget","floor":2,"damage_taken":0},{"event_name":"Shining Light","player_choice":"Entered Light","floor":3,"damage_taken":0},{"event_name":"Golden Shrine","player_choice":"Pray","floor":7,"damage_taken":0},{"event_name":"Golden Wing","player_choice":"Gained Gold","floor":12,"damage_taken":0},{"event_name":"The Library","player_choice":"Read","floor":19,"damage_taken":0},{"event_name":"Cursed Tome","player_choice":"Obtained Book","floor":24,"damage_taken":0},{"event_name":"Forgotten Altar","player_choice":"Shed Blood","floor":29,"damage_taken":0},{"event_name":"Beggar","player_choice":"Ignored","floor":30,"damage_taken":0},{"event_name":"Falling","player_choice":"Removed Power","floor":36,"damage_taken":0}],"boss_relics":[{"not_picked":["Ectoplasm","Inserter"],"picked":"Orrery"},{"not_picked":["Black Star","Calling Bell"],"picked":"Astrolabe"}],"items_purged_floors":[21],"is_endless":false,"potions_floor_spawned":[4,8,11,16,22,28,40,41,42,46,47],"ascension_level":0}