{"gold_per_floor":[112,132,47,61,136,136,162,174,219,219,238,203,17,37,37,37],"floor_reached":16,"playtime":458,"items_purged":["Strike_B"],"score":204,"play_id":"c547de2a-581d-4489-8862-cb042fc0fd75","local_time":"20190127180703","is_ascension_mode":true,"campfire_choices":[{"data":"Sunder","floor":6,"key":"SMITH"},{"data":"Zap","floor":10,"key":"SMITH"},{"floor":15,"key":"REST"}],"neow_cost":"NONE","seed_source_timestamp":1556257190231945,"circlet_count":0,"master_deck":["AscendersBane","Strike_B","Strike_B","Strike_B","Defend_B","Defend_B","Defend_B","Defend_B","Zap+1","Dualcast","Melter","Auto Shields","Sunder+1","Leap","Gash","Hologram","Cold Snap","Streamline"],"relics":["Cracked Core","The Courier","PreservedInsect","DataDisk"],"potions_floor_usage":[7],"damage_taken":[{"damage":1,"enemies":"2 Louse","floor":1,"turns":3},{"damage":7,"enemies":"Jaw Worm","floor":2,"turns":3},{"damage":0,"enemies":"Cultist","floor":4,"turns":2},{"damage":23,"enemies":"Lagavulin","floor":7,"turns":7},{"damage":0,"enemies":"3 Louse","floor":8,"turns":4},{"damage":7,"enemies":"Lots of Slimes","floor":11,"turns":4},{"damage":28,"enemies":"Gremlin Gang","floor":14,"turns":5},{"damage":35,"enemies":"Slime Boss","floor":16,"turns":6}],"seed_played":"-3479783418358435178","potions_obtained":[{"floor":2,"key":"SpeedPotion"},{"floor":4,"key":"Ancient Potion"},{"floor":14,"key":"LiquidBronze"}],"is_trial":false,"path_per_floor":["M","M","$","M","?","R","E","M","T","R","M","?","$","M","R","B"],"character_chosen":"DEFECT","items_purchased":["Sunder","DataDisk"],"campfire_rested":1,"item_purchase_floors":[3,13],"current_hp_per_floor":[70,63,63,63,52,52,29,29,29,29,22,41,41,13,36,1],"gold":37,"neow_bonus":"TEN_PERCENT_HP_BONUS","is_prod":false,"is_daily":false,"chose_seed":false,"campfire_upgraded":2,"win_rate":0,"timestamp":1548637623,"path_taken":["M","M","$","M","?","R","E","M","T","R","M","?","$","M","R","BOSS"],"build_version":"2019-01-23","purchased_purges":1,"victory":false,"max_hp_per_floor":[78,78,78,78,78,78,78,78,78,78,78,78,78,78,78,78],"card_choices":[{"not_picked":["Redo","Heatsinks"],"picked":"Melter","floor":1},{"not_picked":["Beam Cell","Compile Driver"],"picked":"Auto Shields","floor":2},{"not_picked":["Reprogram","Rebound"],"picked":"Leap","floor":4},{"not_picked":["Hologram","Leap"],"picked":"Gash","floor":7},{"not_picked":["Auto Shields","Rebound"],"picked":"Hologram","floor":8},{"not_picked":["Meteor Strike","Force Field"],"picked":"Cold Snap","floor":11},{"not_picked":["Rebound","Steam"],"picked":"Streamline","floor":14}],"player_experience":1274216,"relics_obtained":[{"floor":7,"key":"The Courier"},{"floor":9,"key":"PreservedInsect"}],"event_choices":[{"damage_healed":0,"gold_gain":75,"player_choice":"Gather Gold","damage_taken":11,"max_hp_gain":0,"max_hp_loss":0,"event_name":"World of Goop","floor":5,"gold_loss":0},{"damage_healed":19,"gold_gain":0,"player_choice":"Healed","damage_taken":0,"max_hp_gain":0,"max_hp_loss":0,"event_name":"The Cleric","floor":12,"gold_loss":35}],"is_beta":true,"boss_relics":[],"items_purged_floors":[13],"is_endless":false,"potions_floor_spawned":[2,4,14],"killed_by":"Slime Boss","ascension_level":20}