{"gold_per_floor":[115,45,45,145,155,171,197,197,197,214,229,229,74,89,89,193,193,210,228,228,246,246],"floor_reached":22,"playtime":956,"items_purged":["Strike_G"],"score":197,"play_id":"b0df8dbb-8ad3-40c1-b958-638ae69274af","local_time":"20181107163730","is_ascension_mode":true,"campfire_choices":[{"data":"Neutralize","floor":8,"key":"SMITH"},{"data":"Noxious Fumes","floor":12,"key":"SMITH"},{"data":"Caltrops","floor":15,"key":"SMITH"}],"neow_cost":"NONE","seed_source_timestamp":971105676158150,"circlet_count":0,"master_deck":["Defend_G","Defend_G","Defend_G","Defend_G","Defend_G","Survivor","Neutralize+1","Caltrops+1","Infinite Blades","Dash","Deflect","Noxious Fumes+1","Infinite Blades","Predator","Corpse Explosion","Deadly Poison+1","Phantasmal Killer+1","Tools of the Trade+1","Dodge and Roll+1","Crippling Poison"],"relics":["Ring of the Snake","Kunai","Astrolabe"],"potions_floor_usage":[7,16,16,19],"damage_taken":[{"damage":0,"enemies":"2 Louse","floor":1,"turns":3},{"damage":7,"enemies":"Small Slimes","floor":5,"turns":5},{"damage":1,"enemies":"Cultist","floor":6,"turns":4},{"damage":23,"enemies":"Gremlin Nob","floor":7,"turns":6},{"damage":1,"enemies":"Looter","floor":10,"turns":3},{"damage":2,"enemies":"Exordium Thugs","floor":11,"turns":5},{"damage":2,"enemies":"Blue Slaver","floor":14,"turns":4},{"damage":20,"enemies":"Slime Boss","floor":16,"turns":7},{"damage":0,"enemies":"Chosen","floor":18,"turns":5},{"damage":21,"enemies":"2 Thieves","floor":19,"turns":4},{"damage":20,"enemies":"Snake Plant","floor":21,"turns":5},{"damage":15,"enemies":"Colosseum Slavers","floor":22,"turns":4}],"seed_played":"4626814053621315610","potions_obtained":[{"floor":6,"key":"Block Potion"},{"floor":7,"key":"Fire Potion"},{"floor":10,"key":"SpeedPotion"},{"floor":11,"key":"Poison Potion"},{"floor":19,"key":"FearPotion"}],"is_trial":false,"path_per_floor":["M","$","?","?","M","M","E","R","T","M","M","R","$","M","R","B",null,"M","M","?","M","?"],"character_chosen":"THE_SILENT","items_purchased":["Caltrops","Predator"],"campfire_rested":0,"item_purchase_floors":[2,13],"current_hp_per_floor":[70,70,75,75,68,67,44,44,44,43,41,41,41,39,39,19,75,75,54,54,34,19],"gold":246,"neow_bonus":"REMOVE_CARD","is_prod":false,"is_daily":false,"chose_seed":false,"campfire_upgraded":3,"win_rate":0,"timestamp":1541633850,"path_taken":["M","$","?","?","?","M","E","R","T","M","M","R","$","M","R","BOSS","M","M","?","?","?"],"build_version":"2018-11-06","purchased_purges":1,"victory":false,"max_hp_per_floor":[70,70,75,75,75,75,75,75,75,75,75,75,75,75,75,75,75,75,75,75,75,75],"card_choices":[{"not_picked":["Backflip","Calculated Gamble","Acrobatics"],"picked":"SKIP","floor":1},{"not_picked":["Expertise","Acrobatics"],"picked":"Infinite Blades","floor":5},{"not_picked":["Blade Dance","Flying Knee"],"picked":"Dash","floor":6},{"not_picked":["Outmaneuver","Dash"],"picked":"Deflect","floor":7},{"not_picked":["Blade Dance","Deadly Poison"],"picked":"Noxious Fumes","floor":10},{"not_picked":["Dagger Throw","Escape Plan"],"picked":"Infinite Blades","floor":11},{"not_picked":["Eviscerate","Skewer","Dagger Spray"],"picked":"SKIP","floor":14},{"not_picked":["Glass Knife","Bullet Time"],"picked":"Corpse Explosion","floor":16},{"not_picked":["Sucker Punch+1","Deflect"],"picked":"Dodge and Roll+1","floor":18},{"not_picked":["Slice","Tactician"],"picked":"Crippling Poison","floor":19},{"not_picked":["Riddle With Holes","Setup","Deadly Poison"],"picked":"SKIP","floor":21}],"player_experience":1124436,"relics_obtained":[{"floor":7,"key":"Kunai"}],"event_choices":[{"damage_healed":0,"gold_gain":0,"player_choice":"Donut","damage_taken":0,"max_hp_gain":5,"max_hp_loss":0,"event_name":"Big Fish","floor":3,"gold_loss":0},{"damage_healed":0,"gold_gain":100,"player_choice":"Pray","damage_taken":0,"max_hp_gain":0,"max_hp_loss":0,"event_name":"Golden Shrine","floor":4,"gold_loss":0},{"damage_healed":0,"gold_gain":0,"player_choice":"Ignored","damage_taken":0,"max_hp_gain":0,"max_hp_loss":0,"event_name":"N\u0027loth","floor":20,"gold_loss":0},{"damage_healed":0,"gold_gain":0,"player_choice":"Fight","damage_taken":0,"max_hp_gain":0,"max_hp_loss":0,"event_name":"Colosseum","floor":22,"gold_loss":0}],"is_beta":true,"boss_relics":[{"not_picked":["Lizard Tail","Calling Bell"],"picked":"Astrolabe"}],"items_purged_floors":[13],"is_endless":false,"potions_floor_spawned":[6,7,10,11,19],"killed_by":"Colosseum Slavers","ascension_level":1}