{"gold_per_floor":[116,133,133,133,58,83,83,98,175,203,214,214,225,225,225,329,329,344,344,141,141,157,157,186,22,22,78,78,94,94,125,125,228,228,242,260,39,54,72,72],"floor_reached":40,"playtime":2284,"items_purged":["Strike_B","Regret","Defend_B","Pain"],"score":609,"play_id":"ac27ed6a-eac2-415b-a1b2-5c05299f24ba","local_time":"20190125182606","is_ascension_mode":true,"campfire_choices":[{"data":"Ball Lightning","floor":7,"key":"SMITH"},{"floor":12,"key":"REST"},{"data":"Dualcast","floor":15,"key":"SMITH"},{"floor":23,"key":"REST"},{"data":"Creative AI","floor":28,"key":"SMITH"},{"floor":32,"key":"REST"}],"neow_cost":"NONE","seed_source_timestamp":186424455037232,"circlet_count":0,"master_deck":["Defend_B","Defend_B","Defend_B","Zap+1","Dualcast+1","Ball Lightning+1","Defragment+1","Go for the Eyes","White Noise+1","Hologram+1","Reboot+1","Fusion+1","White Noise+1","Coolheaded+1","Reboot+1","Creative AI+1","Redo+1","Steam+1","Self Repair","Loop","Redo+1","Fission+1","Steam+1","Hologram+1","Heatsinks","Coolheaded+1"],"relics":["Cracked Core","Regal Pillow","Toxic Egg 2","PreservedInsect","Philosopher\u0027s Stone","Dodecahedron","Mummified Hand","Bottled Tornado","Tiny Chest","WarpedTongs","Bag of Marbles","Nuclear Battery"],"potions_floor_usage":[6,10,10,24,24,31,33,33,40],"damage_taken":[{"damage":0,"enemies":"Cultist","floor":1,"turns":3},{"damage":0,"enemies":"2 Louse","floor":2,"turns":2},{"damage":20,"enemies":"Lagavulin","floor":6,"turns":5},{"damage":10,"enemies":"Small Slimes","floor":8,"turns":3},{"damage":10,"enemies":"Gremlin Nob","floor":10,"turns":3},{"damage":20,"enemies":"Exordium Thugs","floor":11,"turns":3},{"damage":17,"enemies":"2 Fungi Beasts","floor":13,"turns":3},{"damage":26,"enemies":"The Guardian","floor":16,"turns":8},{"damage":6,"enemies":"Chosen","floor":18,"turns":3},{"damage":5,"enemies":"Shell Parasite","floor":22,"turns":3},{"damage":10,"enemies":"Slavers","floor":24,"turns":2},{"damage":12,"enemies":"Book of Stabbing","floor":27,"turns":4},{"damage":0,"enemies":"Snecko","floor":29,"turns":3},{"damage":16,"enemies":"Gremlin Leader","floor":31,"turns":4},{"damage":20,"enemies":"Automaton","floor":33,"turns":5},{"damage":34,"enemies":"3 Shapes","floor":35,"turns":4},{"damage":20,"enemies":"3 Darklings","floor":36,"turns":4},{"damage":19,"enemies":"Sphere and 2 Shapes","floor":38,"turns":3},{"damage":0,"enemies":"Transient","floor":39,"turns":5},{"damage":39,"enemies":"Reptomancer","floor":40,"turns":2}],"seed_played":"-6878399242279875945","potions_obtained":[{"floor":2,"key":"EssenceOfSteel"},{"floor":6,"key":"Poison Potion"},{"floor":8,"key":"LiquidBronze"},{"floor":16,"key":"Ancient Potion"},{"floor":18,"key":"LiquidBronze"},{"floor":27,"key":"FearPotion"},{"floor":29,"key":"Explosive Potion"},{"floor":31,"key":"FearPotion"},{"floor":38,"key":"SkillPotion"}],"is_trial":false,"path_per_floor":["M","M","?","?","$","E","R","M","T","E","M","R","M","?","R","B",null,"M","?","$","?","M","R","E","$","T","E","R","M","?","E","R","B",null,"M","M","$","M","M","E"],"character_chosen":"DEFECT","items_purchased":["White Noise+1","Coolheaded+1","Self Repair","Heatsinks"],"campfire_rested":3,"item_purchase_floors":[20,20,25,37],"current_hp_per_floor":[82,82,82,82,82,62,62,52,52,42,22,61,44,28,28,2,82,76,76,76,76,71,82,72,72,72,67,67,74,74,65,82,69,82,55,42,42,30,37,0],"gold":72,"neow_bonus":"TEN_PERCENT_HP_BONUS","is_prod":false,"is_daily":false,"chose_seed":false,"campfire_upgraded":3,"win_rate":0,"timestamp":1548437166,"path_taken":["M","M","?","?","$","E","R","?","T","E","M","R","M","?","R","BOSS","M","?","$","?","M","R","E","$","T","E","R","M","?","E","R","BOSS","M","M","$","M","M","E"],"build_version":"2019-01-23","purchased_purges":4,"victory":false,"max_hp_per_floor":[82,82,82,82,82,82,82,82,82,82,82,82,82,82,82,82,82,82,82,82,82,82,82,82,82,82,82,82,82,82,82,82,82,82,82,82,82,82,82,82],"card_choices":[{"not_picked":["Cold Snap","Barrage"],"picked":"Ball Lightning","floor":1},{"not_picked":["Beam Cell","Aggregate"],"picked":"Defragment","floor":2},{"not_picked":["Reprogram","Coolheaded"],"picked":"Go for the Eyes","floor":6},{"not_picked":["Coolheaded+1","Hologram+1"],"picked":"White Noise+1","floor":8},{"not_picked":["Buffer","Rebound","Compile Driver"],"picked":"SKIP","floor":10},{"not_picked":["Compile Driver","Go for the Eyes"],"picked":"Hologram+1","floor":11},{"not_picked":["Rebound","Lockon","Consume+1"],"picked":"SKIP","floor":13},{"not_picked":["Hyperbeam","Creative AI"],"picked":"Reboot+1","floor":16},{"not_picked":["Sunder","Sweeping Beam+1"],"picked":"Fusion+1","floor":18},{"not_picked":["Go for the Eyes+1","Conserve Battery+1"],"picked":"Redo+1","floor":22},{"not_picked":["Recycle+1","Beam Cell"],"picked":"Steam+1","floor":24},{"not_picked":["Leap+1","Multi-Cast+1"],"picked":"Loop","floor":27},{"not_picked":["Rebound","BootSequence+1"],"picked":"Redo+1","floor":29},{"not_picked":["Streamline","Rebound+1"],"picked":"Fission+1","floor":31},{"not_picked":["Double Energy+1","Darkness+1"],"picked":"Steam+1","floor":35},{"not_picked":["Rip and Tear","Cold Snap+1"],"picked":"Hologram+1","floor":36},{"not_picked":["Stack+1","BootSequence+1","Undo+1"],"picked":"SKIP","floor":38},{"not_picked":["Skim+1","Static Discharge+1"],"picked":"Coolheaded+1","floor":39}],"player_experience":78809,"relics_obtained":[{"floor":6,"key":"Toxic Egg 2"},{"floor":10,"key":"PreservedInsect"},{"floor":24,"key":"Mummified Hand"},{"floor":26,"key":"Bottled Tornado"},{"floor":27,"key":"Tiny Chest"},{"floor":31,"key":"Bag of Marbles"}],"event_choices":[{"damage_healed":0,"gold_gain":0,"player_choice":"Box","damage_taken":0,"relics_obtained":["Regal Pillow"],"max_hp_gain":0,"max_hp_loss":0,"event_name":"Big Fish","floor":3,"gold_loss":0,"cards_obtained":["Regret"]},{"cards_removed":["Strike_B"],"damage_healed":0,"gold_gain":0,"player_choice":"Offered Basic","damage_taken":0,"max_hp_gain":0,"max_hp_loss":0,"event_name":"Bonfire Elementals","floor":4,"gold_loss":0},{"damage_healed":0,"gold_gain":0,"player_choice":"Entered Light","damage_taken":16,"max_hp_gain":0,"max_hp_loss":0,"event_name":"Shining Light","floor":14,"gold_loss":0,"cards_upgraded":["Zap","Defragment"]},{"damage_healed":0,"gold_gain":0,"player_choice":"Opened","damage_taken":0,"relics_obtained":["Dodecahedron"],"max_hp_gain":0,"max_hp_loss":0,"event_name":"The Mausoleum","floor":19,"gold_loss":0},{"damage_healed":0,"gold_gain":0,"cards_transformed":["Strike_B","Strike_B"],"player_choice":"Became Test Subject","damage_taken":0,"max_hp_gain":0,"max_hp_loss":0,"event_name":"Drug Dealer","floor":21,"gold_loss":0,"cards_obtained":["Reboot","Creative AI"]},{"damage_healed":0,"gold_gain":0,"player_choice":"Rummage","damage_taken":0,"relics_obtained":["WarpedTongs"],"max_hp_gain":0,"max_hp_loss":0,"event_name":"Accursed Blacksmith","floor":30,"gold_loss":0,"cards_obtained":["Pain"]}],"is_beta":false,"boss_relics":[{"not_picked":["Runic Dome","Ectoplasm"],"picked":"Philosopher\u0027s Stone"},{"not_picked":["Black Star","Busted Crown"],"picked":"Nuclear Battery"}],"items_purged_floors":[5,20,25,37],"is_endless":false,"potions_floor_spawned":[2,6,8,16,18,27,29,31,38],"killed_by":"Reptomancer","ascension_level":2}