{"path_per_floor":["M","$","?","M","$","R","E","M","T","R","M","?","M","E","R"],"character_chosen":"IRONCLAD","items_purchased":[],"gold_per_floor":[113,38,38,56,56,56,85,104,104,104,119,119,139,179,179,179],"floor_reached":16,"campfire_rested":1,"playtime":680,"current_hp_per_floor":[62,62,67,65,65,65,52,56,56,56,51,51,60,24,48,1],"items_purged":["Decay"],"gold":179,"score":193,"play_id":"9365eae9-4fce-4aa2-9051-bfdc731e38e3","local_time":"20180425233208","is_prod":false,"is_daily":false,"chose_seed":false,"is_ascension_mode":true,"campfire_upgraded":2,"timestamp":1524720728,"path_taken":["M","$","?","M","$","R","E","M","T","R","M","?","M","E","R","BOSS"],"build_version":"2018-04-19","seed_source_timestamp":1054393105349628,"purchased_purges":1,"victory":false,"master_deck":["Strike_R","Strike_R","Strike_R","Defend_R","Defend_R","Defend_R","Defend_R","Bash+1","AscendersBane","Shrug It Off","Headbutt","Intimidate","Spot Weakness+1","Reckless Charge","Shrug It Off","Injury","Twin Strike","Dark Embrace"],"max_hp_per_floor":[75,75,80,80,80,80,80,80,80,80,80,80,80,80,80,80],"relics":["Burning Blood","Gambling Chip","Blue Candle","Golden Idol","Prayer Wheel"],"card_choices":[{"not_picked":["Clash","Dual Wield"],"picked":"Intimidate","floor":1},{"not_picked":["Hemokinesis","Battle Trance"],"picked":"Spot Weakness","floor":7},{"not_picked":["Infernal Blade","Iron Wave"],"picked":"Reckless Charge","floor":8},{"not_picked":["Battle Trance","Combust"],"picked":"Shrug It Off","floor":11},{"not_picked":["Uppercut","Rage"],"picked":"Twin Strike","floor":13},{"not_picked":["Body Slam","Entrench"],"picked":"Dark Embrace","floor":14}],"player_experience":410901,"potions_floor_usage":[11,13],"damage_taken":[{"damage":12,"enemies":"Jaw Worm","floor":1,"turns":2},{"damage":8,"enemies":"Small Slimes","floor":4,"turns":5},{"damage":19,"enemies":"3 Sentries","floor":7,"turns":9},{"damage":2,"enemies":"2 Louse","floor":8,"turns":2},{"damage":11,"enemies":"Gremlin Gang","floor":11,"turns":5},{"damage":6,"enemies":"3 Louse","floor":13,"turns":4},{"damage":42,"enemies":"Lagavulin","floor":14,"turns":7},{"damage":47,"enemies":"Slime Boss","floor":16,"turns":9}],"event_choices":[{"event_name":"Big Fish","player_choice":"Donut","floor":3,"damage_taken":0},{"event_name":"Golden Idol","player_choice":"Take Wound","floor":12,"damage_taken":0}],"boss_relics":[],"potions_floor_spawned":[4,8,14],"seed_played":"4217856442848655169","killed_by":"Slime Boss","ascension_level":15,"is_trial":false}