{"gold_per_floor":[213,226,30,42,61,91,91,106,106,141,156,169,169,187,187,286,286,303,323,338,26,26,26,44,79,79,89,89],"floor_reached":28,"playtime":1587,"items_purged":["Strike_B"],"score":384,"play_id":"753f50b4-033e-47d6-b2a4-f51a7a70178a","local_time":"20190216160256","is_ascension_mode":true,"campfire_choices":[{"data":"Zap","floor":7.0,"key":"SMITH"},{"floor":13.0,"key":"REST"},{"data":"Go for the Eyes","floor":15,"key":"SMITH"},{"floor":23,"key":"REST"}],"neow_cost":"NONE","seed_source_timestamp":24529391662575,"circlet_count":0,"master_deck":["AscendersBane","Strike_B","Strike_B","Strike_B","Defend_B","Defend_B","Defend_B","Defend_B","Zap+1","Dualcast","Static Discharge","Leap","Compile Driver","Conserve Battery","Sweeping Beam","Cold Snap","Conserve Battery","Coolheaded","White Noise","Reinforced Body","Go for the Eyes+1","Creative AI","Barrage+1","Sunder+1","Loop","Defragment+1","Sunder+1","Coolheaded+1"],"special_seed":0,"relics":["Cracked Core","Oddly Smooth Stone","Bottled Tornado","The Courier","Potion Belt","Runic Pyramid","Shuriken","Blood Vial","Du-Vu Doll","Meat on the Bone"],"potions_floor_usage":[16,16,25,25,28,28],"damage_taken":[{"damage":1.0,"enemies":"Cultist","floor":1.0,"turns":3.0},{"damage":9.0,"enemies":"Jaw Worm","floor":2.0,"turns":3.0},{"damage":6.0,"enemies":"Small Slimes","floor":4.0,"turns":6.0},{"damage":7.0,"enemies":"3 Louse","floor":5.0,"turns":3.0},{"damage":22.0,"enemies":"Lagavulin","floor":6.0,"turns":8.0},{"damage":2.0,"enemies":"Looter","floor":8.0,"turns":4.0},{"damage":16.0,"enemies":"3 Sentries","floor":10.0,"turns":6.0},{"damage":0.0,"enemies":"2 Fungi Beasts","floor":11.0,"turns":3.0},{"damage":0.0,"enemies":"Red Slaver","floor":12.0,"turns":3.0},{"damage":10.0,"enemies":"Exordium Wildlife","floor":14.0,"turns":7.0},{"damage":7,"enemies":"The Guardian","floor":16,"turns":14},{"damage":11,"enemies":"3 Byrds","floor":18,"turns":4},{"damage":10,"enemies":"Chosen","floor":19,"turns":5},{"damage":5,"enemies":"Centurion and Healer","floor":20,"turns":9},{"damage":14,"enemies":"Sentry and Sphere","floor":24,"turns":6},{"damage":32,"enemies":"Slavers","floor":25,"turns":5},{"damage":0,"enemies":"Chosen and Byrds","floor":27,"turns":4},{"damage":43,"enemies":"Gremlin Leader","floor":28,"turns":7}],"seed_played":"1423244529254461857","potions_obtained":[{"floor":1.0,"key":"SteroidPotion"},{"floor":2.0,"key":"AttackPotion"},{"floor":8.0,"key":"FearPotion"},{"floor":11.0,"key":"SneckoOil"},{"floor":12.0,"key":"Regen Potion"},{"floor":14.0,"key":"Strength Potion"},{"floor":18,"key":"AttackPotion"},{"floor":20,"key":"Strength Potion"},{"floor":24,"key":"Explosive Potion"}],"is_trial":false,"path_per_floor":["M","M","$","M","M","E","R","M","T","E","M","M","R","M","R","B",null,"M","M","M","$","T","R","M","E","T","M","E"],"character_chosen":"DEFECT","items_purchased":["Oddly Smooth Stone","Compile Driver","Shuriken","Loop"],"campfire_rested":2,"item_purchase_floors":[3,3,21,21],"current_hp_per_floor":[67,58,58,52,45,23,23,21,21,5,5,5,27,32,32,25,63,52,42,37,37,37,59,47,17,17,31,0],"gold":89,"neow_bonus":"HUNDRED_GOLD","is_prod":false,"is_daily":false,"chose_seed":false,"campfire_upgraded":2,"win_rate":0,"timestamp":1550340176,"path_taken":["M","M","$","M","M","E","R","M","T","E","?","M","R","M","R","BOSS","M","M","?","$","?","R","M","E","T","M","E"],"build_version":"2019-01-23","purchased_purges":1,"victory":false,"max_hp_per_floor":[75,75,75,75,75,75,75,75,75,75,75,75,75,75,75,75,75,75,75,75,75,75,75,75,75,75,75,75],"card_choices":[{"not_picked":["Blizzard","Heatsinks"],"picked":"Static Discharge","floor":1.0},{"not_picked":["Scrape","Streamline"],"picked":"Leap","floor":2.0},{"not_picked":["Hologram","Streamline"],"picked":"Conserve Battery","floor":4.0},{"not_picked":["Multi-Cast","Rebound"],"picked":"Sweeping Beam","floor":5.0},{"not_picked":["Redo","Coolheaded"],"picked":"Cold Snap","floor":6.0},{"not_picked":["Tempest","Scrape"],"picked":"Conserve Battery","floor":8.0},{"not_picked":["Buffer","Conserve Battery"],"picked":"Coolheaded","floor":10.0},{"not_picked":["Aggregate","Compile Driver"],"picked":"White Noise","floor":11.0},{"not_picked":["Gash","Chill"],"picked":"Reinforced Body","floor":12.0},{"not_picked":["Force Field","Turbo"],"picked":"Go for the Eyes","floor":14.0},{"not_picked":["Amplify","Hyperbeam"],"picked":"Creative AI","floor":16},{"not_picked":["Recycle","Sweeping Beam"],"picked":"Barrage+1","floor":18},{"not_picked":["Melter+1","Redo"],"picked":"Sunder+1","floor":19},{"not_picked":["Doom and Gloom","Self Repair+1","Undo"],"picked":"SKIP","floor":20},{"not_picked":["Cold Snap+1","Capacitor+1"],"picked":"Defragment+1","floor":24},{"not_picked":["Hello World","Fission"],"picked":"Sunder+1","floor":25},{"not_picked":["Static Discharge","Hologram"],"picked":"Coolheaded+1","floor":27}],"player_experience":339457,"relics_obtained":[{"floor":6.0,"key":"Bottled Tornado"},{"floor":9.0,"key":"The Courier"},{"floor":10.0,"key":"Potion Belt"},{"floor":22,"key":"Blood Vial"},{"floor":25,"key":"Du-Vu Doll"},{"floor":26,"key":"Meat on the Bone"}],"event_choices":[],"is_beta":false,"boss_relics":[{"not_picked":["Pandora\u0027s Box","Ectoplasm"],"picked":"Runic Pyramid"}],"items_purged_floors":[21],"is_endless":false,"potions_floor_spawned":[1,2,8,11,12,14,18,20,24],"killed_by":"Gremlin Leader","ascension_level":10}