{"gold_per_floor":[115,115,125,50,50,50,84,84,141,141,157,157,170,170,170,266,266,281,299,299,86,8,8],"floor_reached":23,"playtime":1962,"items_purged":["Strike_B"],"score":224,"play_id":"18cc4ffa-ffd6-42f9-a995-692c66963df5","local_time":"20190201012159","is_ascension_mode":true,"campfire_choices":[{"data":"Strike_B","floor":6,"key":"PURGE"},{"data":"Defragment","floor":8,"key":"SMITH"},{"data":"Defend_B","floor":10,"key":"PURGE"},{"data":"Defragment","floor":12,"key":"SMITH"},{"floor":15,"key":"REST"}],"neow_cost":"NONE","seed_source_timestamp":730105155886163,"circlet_count":0,"master_deck":["Strike_B+1","Defend_B","Defend_B","Defend_B","Zap","Dualcast","Force Field","Ball Lightning","Defragment+1","Defragment+1","Tempest","Echo Form","Ball Lightning","Leap","Thunder Strike","Seek","Loop"],"relics":["Eternal Feather","Peace Pipe","Whetstone","Tiny Chest","Dream Catcher","Nuclear Battery"],"potions_floor_usage":[7,11,16,19],"damage_taken":[{"damage":0,"enemies":"Small Slimes","floor":1,"turns":3},{"damage":1,"enemies":"Cultist","floor":3,"turns":4},{"damage":40,"enemies":"3 Sentries","floor":7,"turns":8},{"damage":0,"enemies":"Jaw Worm","floor":11,"turns":3},{"damage":32,"enemies":"Exordium Thugs","floor":13,"turns":4},{"damage":10,"enemies":"The Guardian","floor":16,"turns":8},{"damage":39,"enemies":"3 Byrds","floor":18,"turns":3},{"damage":2,"enemies":"Shell Parasite","floor":19,"turns":4},{"damage":36,"enemies":"Slavers","floor":23,"turns":2}],"seed_played":"-8104115870407767687","potions_obtained":[{"floor":3,"key":"LiquidBronze"},{"floor":7,"key":"Weak Potion"},{"floor":13,"key":"Weak Potion"},{"floor":18,"key":"SkillPotion"}],"is_trial":false,"path_per_floor":["M","?","M","$","T","R","E","R","T","R","M","R","M","?","R","B",null,"M","M","?","$","$","E"],"character_chosen":"DEFECT","items_purchased":["Thunder Strike","Seek","Loop"],"campfire_rested":1,"item_purchase_floors":[21,21,22],"current_hp_per_floor":[75,75,74,74,74,75,35,41,41,47,47,53,21,3,31,21,75,36,34,34,34,34,0],"gold":8,"neow_bonus":"BOSS_RELIC","is_prod":false,"is_daily":false,"chose_seed":false,"campfire_upgraded":2,"win_rate":0,"timestamp":1548980519,"path_taken":["M","?","M","$","?","R","E","R","T","R","M","R","M","?","R","BOSS","M","M","?","?","$","E"],"build_version":"2019-01-23","purchased_purges":1,"victory":false,"max_hp_per_floor":[75,75,75,75,75,75,75,75,75,75,75,75,75,75,75,75,75,75,75,75,75,75,75],"card_choices":[{"not_picked":["Steam","Streamline"],"picked":"Force Field","floor":1},{"not_picked":["Stack","Gash"],"picked":"Ball Lightning","floor":3},{"not_picked":["Streamline","Scrape"],"picked":"Defragment","floor":7},{"not_picked":["Auto Shields","Chaos"],"picked":"Defragment","floor":11},{"not_picked":["Scrape","Rip and Tear"],"picked":"Tempest","floor":13},{"not_picked":["Buffer","Rainbow"],"picked":"Echo Form","floor":16},{"not_picked":["Stack+1","Redo+1"],"picked":"Ball Lightning","floor":18},{"not_picked":["Rip and Tear","Turbo"],"picked":"Leap","floor":19}],"player_experience":110465,"relics_obtained":[{"floor":5,"key":"Peace Pipe"},{"floor":7,"key":"Whetstone"},{"floor":9,"key":"Tiny Chest"}],"event_choices":[{"damage_healed":0,"gold_gain":0,"player_choice":"Full Heal","damage_taken":0,"max_hp_gain":0,"max_hp_loss":0,"event_name":"Wheel of Change","floor":2,"gold_loss":0},{"damage_healed":0,"gold_gain":0,"player_choice":"Success","damage_taken":18,"relics_obtained":["Dream Catcher"],"max_hp_gain":0,"max_hp_loss":0,"event_name":"Scrap Ooze","floor":14,"gold_loss":0},{"cards_removed":["Strike_B"],"damage_healed":0,"gold_gain":0,"player_choice":"Purged","damage_taken":0,"max_hp_gain":0,"max_hp_loss":0,"event_name":"Purifier","floor":20,"gold_loss":0}],"is_beta":false,"boss_relics":[{"not_picked":["Pandora\u0027s Box","Fusion Hammer"],"picked":"Nuclear Battery"}],"items_purged_floors":[4],"is_endless":false,"potions_floor_spawned":[3,7,13,18],"killed_by":"Slavers","ascension_level":4}