{"gold_per_floor":[112,37,37,37,54,54,80,80,80,80,155,168,168,199,199,304,304,292,309,319,79,79,79],"floor_reached":23,"playtime":1220,"items_purged":["Strike_B","Decay"],"score":266,"play_id":"de0a153c-6de2-4f54-85c0-90a836985b9e","local_time":"20190201031844","is_ascension_mode":true,"campfire_choices":[{"data":"Reboot","floor":6,"key":"SMITH"},{"data":"Loop","floor":8,"key":"SMITH"},{"data":"Streamline","floor":13,"key":"SMITH"},{"data":"Ball Lightning","floor":15,"key":"SMITH"}],"neow_cost":"NONE","seed_source_timestamp":737869558606624,"circlet_count":0,"master_deck":["Strike_B","Strike_B","Defend_B","Defend_B","Defend_B","Defend_B","Zap","Dualcast","Ball Lightning+1","Reboot+1","Melter","Loop+1","Cold Snap","Streamline+1","Reinforced Body","Biased Cognition","Clumsy","Injury","Consume+1","Glacier+1","Go for the Eyes","Seek"],"relics":["White Beast Statue","Pen Nib","Centennial Puzzle","Ancient Tea Set","Question Card","Calling Bell","Boot","Bird Faced Urn","Sundial","Regal Pillow"],"potions_floor_usage":[14,14,14,16,20,20,20],"damage_taken":[{"damage":9,"enemies":"Jaw Worm","floor":1,"turns":4},{"damage":0,"enemies":"2 Louse","floor":5,"turns":2},{"damage":30,"enemies":"3 Sentries","floor":7,"turns":8},{"damage":0,"enemies":"Cultist","floor":12,"turns":4},{"damage":0,"enemies":"Gremlin Nob","floor":14,"turns":2},{"damage":6,"enemies":"Hexaghost","floor":16,"turns":9},{"damage":31,"enemies":"2 Thieves","floor":18,"turns":4},{"damage":0,"enemies":"Chosen","floor":19,"turns":6},{"damage":22,"enemies":"Centurion and Healer","floor":20,"turns":7},{"damage":38,"enemies":"Gremlin Leader","floor":23,"turns":6}],"seed_played":"8317050175735269050","potions_obtained":[{"floor":1,"key":"Poison Potion"},{"floor":5,"key":"GamblersBrew"},{"floor":7,"key":"Weak Potion"},{"floor":12,"key":"Poison Potion"},{"floor":14,"key":"Weak Potion"},{"floor":16,"key":"Ancient Potion"},{"floor":18,"key":"Explosive Potion"},{"floor":19,"key":"FearPotion"},{"floor":20,"key":"FearPotion"}],"is_trial":false,"path_per_floor":["M","$","?","?","M","R","E","R","T","?","?","M","R","E","R","B",null,"M","M","M","$","?","E"],"character_chosen":"DEFECT","items_purchased":["Seek"],"campfire_rested":0,"item_purchase_floors":[21],"current_hp_per_floor":[66,66,63,63,63,63,33,33,33,26,15,15,15,15,15,9,75,44,48,30,30,30,0],"gold":79,"neow_bonus":"BOSS_RELIC","is_prod":false,"is_daily":false,"chose_seed":false,"campfire_upgraded":4,"win_rate":0,"timestamp":1548987524,"path_taken":["M","$","?","?","?","R","E","R","T","?","?","?","R","E","R","BOSS","M","M","M","$","?","E"],"build_version":"2019-01-23","purchased_purges":2,"victory":false,"max_hp_per_floor":[75,75,75,75,75,75,75,75,75,75,75,75,75,75,75,75,75,75,75,75,75,75,75],"card_choices":[{"not_picked":["Beam Cell","Streamline"],"picked":"Ball Lightning","floor":1},{"not_picked":["Skim","Sweeping Beam"],"picked":"Loop","floor":5},{"not_picked":["Conserve Battery","Blizzard"],"picked":"Cold Snap","floor":7},{"not_picked":["Stack","Steam"],"picked":"Streamline","floor":12},{"not_picked":["Heatsinks","Doom and Gloom"],"picked":"Reinforced Body","floor":14},{"not_picked":["Core Surge","Reboot","Machine Learning"],"picked":"Biased Cognition","floor":16},{"not_picked":["Coolheaded+1","Hologram","Sweeping Beam+1"],"picked":"Consume+1","floor":18},{"not_picked":["Go for the Eyes","Undo+1","Streamline+1"],"picked":"Glacier+1","floor":19},{"not_picked":["Conserve Battery+1","Double Energy+1","Turbo+1"],"picked":"Go for the Eyes","floor":20}],"player_experience":117886,"relics_obtained":[{"floor":7,"key":"Centennial Puzzle"},{"floor":9,"key":"Ancient Tea Set"},{"floor":14,"key":"Question Card"},{"floor":17,"key":"Boot"},{"floor":17,"key":"Bird Faced Urn"},{"floor":17,"key":"Sundial"}],"event_choices":[{"damage_healed":0,"gold_gain":0,"player_choice":"Success","damage_taken":3,"relics_obtained":["Pen Nib"],"max_hp_gain":0,"max_hp_loss":0,"event_name":"Scrap Ooze","floor":3,"gold_loss":0},{"damage_healed":0,"gold_gain":0,"player_choice":"2 cards matched","damage_taken":0,"max_hp_gain":0,"max_hp_loss":0,"event_name":"Match and Keep!","floor":4,"gold_loss":0,"cards_obtained":["Reboot","Melter"]},{"cards_removed":["Strike_B"],"damage_healed":0,"gold_gain":0,"player_choice":"Card Removal","damage_taken":7,"max_hp_gain":0,"max_hp_loss":0,"event_name":"Golden Wing","floor":10,"gold_loss":0},{"damage_healed":0,"gold_gain":75,"player_choice":"Gather Gold","damage_taken":11,"max_hp_gain":0,"max_hp_loss":0,"event_name":"World of Goop","floor":11,"gold_loss":0},{"damage_healed":0,"gold_gain":0,"player_choice":"Gave Potion","damage_taken":0,"relics_obtained":["Regal Pillow"],"max_hp_gain":0,"max_hp_loss":0,"event_name":"WeMeetAgain","floor":22,"gold_loss":0}],"is_beta":false,"boss_relics":[{"not_picked":["Philosopher\u0027s Stone","Ectoplasm"],"picked":"Calling Bell"}],"items_purged_floors":[2,21],"is_endless":false,"potions_floor_spawned":[1,5,7,12,14,16,18,19,20],"killed_by":"Gremlin Leader","ascension_level":4}