{"gold_per_floor":[114,114,137,137,137,137,176,190,190,226,206,245,245,229,229,229],"floor_reached":16,"playtime":617,"items_purged":[],"score":218,"play_id":"c6aa9c3b-15b7-404d-a307-88a7cffe2594","local_time":"20181201142643","is_ascension_mode":true,"campfire_choices":[{"data":"Flechettes","floor":6,"key":"SMITH"},{"floor":13,"key":"REST"},{"data":"Noxious Fumes","floor":15,"key":"SMITH"}],"neow_cost":"NONE","seed_source_timestamp":1541215864477997,"circlet_count":0,"master_deck":["AscendersBane","Defend_G","Defend_G","Defend_G","Defend_G","Defend_G","Strike_G","Strike_G","Strike_G","Strike_G","Strike_G","Survivor","Neutralize","Flechettes+1","Noxious Fumes+1","Bouncing Flask","Poisoned Stab","Backstab","Dodge and Roll"],"relics":["Ring of the Snake","Vajra","Golden Idol","Calipers","Darkstone Periapt","Centennial Puzzle","Mummified Hand"],"potions_floor_usage":[7,10,10,12],"damage_taken":[{"damage":8,"enemies":"Jaw Worm","floor":1,"turns":5},{"damage":2,"enemies":"Small Slimes","floor":3,"turns":5},{"damage":25,"enemies":"3 Sentries","floor":7,"turns":8},{"damage":0,"enemies":"2 Louse","floor":8,"turns":3},{"damage":2,"enemies":"Gremlin Nob","floor":10,"turns":3},{"damage":19,"enemies":"Lagavulin","floor":12,"turns":6},{"damage":11,"enemies":"Exordium Thugs","floor":14,"turns":4},{"damage":9,"enemies":"Hexaghost","floor":16,"turns":9}],"seed_played":"-1287130874399019304","potions_obtained":[{"floor":1,"key":"Poison Potion"},{"floor":7,"key":"AttackPotion"},{"floor":8,"key":"Ancient Potion"},{"floor":11,"key":"Poison Potion"},{"floor":14,"key":"FearPotion"}],"is_trial":false,"path_per_floor":["M","?","M","?","?","R","E","M","T","E","?","E","R","M","R","B"],"character_chosen":"THE_SILENT","items_purchased":[],"campfire_rested":1,"item_purchase_floors":[],"current_hp_per_floor":[51,51,49,54,54,54,29,29,29,27,27,8,27,16,16,7],"gold":229,"neow_bonus":"RANDOM_COMMON_RELIC","is_prod":false,"is_daily":false,"chose_seed":false,"campfire_upgraded":2,"win_rate":0,"timestamp":1543699603,"path_taken":["M","?","M","?","?","R","E","M","T","E","?","E","R","M","R","BOSS"],"build_version":"2018-11-15","purchased_purges":0,"victory":false,"max_hp_per_floor":[66,60,60,65,65,65,65,65,65,65,65,65,65,65,65,65],"card_choices":[{"not_picked":["Setup","Poisoned Stab"],"picked":"Flechettes","floor":1},{"not_picked":["Underhanded Strike","Dagger Throw"],"picked":"Noxious Fumes","floor":3},{"not_picked":["Well Laid Plans","Outmaneuver"],"picked":"Bouncing Flask","floor":7},{"not_picked":["Deflect","Flying Knee","Blade Dance"],"picked":"SKIP","floor":8},{"not_picked":["Prepared","Deflect"],"picked":"Poisoned Stab","floor":10},{"not_picked":["Bouncing Flask","Deadly Poison"],"picked":"Backstab","floor":12},{"not_picked":["Calculated Gamble","Quick Slash"],"picked":"Dodge and Roll","floor":14}],"player_experience":1139464,"relics_obtained":[{"floor":7,"key":"Calipers"},{"floor":9,"key":"Darkstone Periapt"},{"floor":10,"key":"Centennial Puzzle"},{"floor":12,"key":"Mummified Hand"}],"event_choices":[{"damage_healed":0,"gold_gain":0,"player_choice":"Lose Max HP","damage_taken":0,"relics_obtained":["Golden Idol"],"max_hp_gain":0,"max_hp_loss":6,"event_name":"Golden Idol","floor":2,"gold_loss":0},{"damage_healed":0,"gold_gain":0,"player_choice":"Donut","damage_taken":0,"max_hp_gain":5,"max_hp_loss":0,"event_name":"Big Fish","floor":4,"gold_loss":0},{"damage_healed":0,"gold_gain":0,"player_choice":"Ignored","damage_taken":0,"max_hp_gain":0,"max_hp_loss":0,"event_name":"Liars Game","floor":5,"gold_loss":0},{"damage_healed":0,"gold_gain":0,"player_choice":"Bought 1 Potion","damage_taken":0,"max_hp_gain":0,"max_hp_loss":0,"event_name":"The Woman in Blue","floor":11,"gold_loss":0}],"is_beta":true,"boss_relics":[],"items_purged_floors":[],"is_endless":false,"potions_floor_spawned":[1,7,8,14],"killed_by":"Hexaghost","ascension_level":17}