{"gold_per_floor":[112,112,27,27,27,27,43,43,43,81,81,117,117,140,140,235,235,175,175,57,57,57,57,57,57,57,57,57,57,1,1],"floor_reached":31,"playtime":755,"items_purged":["Strike_B"],"score":596,"play_id":"db340046-37ae-43c8-957b-5153b43bd693","local_time":"20181205225931","is_ascension_mode":true,"campfire_choices":[{"data":"Consume","floor":6,"key":"SMITH"},{"data":"Streamline","floor":8,"key":"SMITH"},{"data":"Doom and Gloom","floor":15,"key":"SMITH"},{"data":"Zap","floor":25,"key":"SMITH"}],"neow_cost":"NONE","seed_source_timestamp":1917445806976107,"circlet_count":0,"master_deck":["AscendersBane","Strike_B+1","Strike_B","Strike_B","Defend_B","Defend_B","Defend_B","Defend_B","Zap+1","Dualcast+1","Consume+1","Streamline+1","FTL","Doom and Gloom+1","Electrodynamics","Hologram","Auto Shields","Ghostly","Ghostly","Ghostly"],"relics":["Cracked Core","NeowsBlessing","Golden Idol","Singing Bowl","Juzu Bracelet","Ectoplasm","Regal Pillow","Prayer Wheel","Tiny Chest","Pantograph"],"potions_floor_usage":[16,18,28,31],"damage_taken":[{"damage":0,"enemies":"Cultist","floor":1,"turns":1},{"damage":0,"enemies":"Jaw Worm","floor":7,"turns":1},{"damage":0,"enemies":"Gremlin Nob","floor":10,"turns":1},{"damage":40,"enemies":"3 Sentries","floor":12,"turns":8},{"damage":9,"enemies":"2 Louse","floor":14,"turns":2},{"damage":2,"enemies":"Slime Boss","floor":16,"turns":6},{"damage":23,"enemies":"2 Thieves","floor":18,"turns":3},{"damage":11,"enemies":"Colosseum Slavers","floor":21,"turns":2},{"damage":19,"enemies":"Gremlin Leader","floor":23,"turns":5},{"damage":44,"enemies":"Slavers","floor":28,"turns":3},{"damage":0,"enemies":"Book of Stabbing","floor":31,"turns":4}],"seed_played":"-3779841092657881745","potions_obtained":[{"floor":12,"key":"SteroidPotion"},{"floor":14,"key":"Explosive Potion"},{"floor":16,"key":"SneckoOil"},{"floor":23,"key":"SkillPotion"}],"is_trial":false,"path_per_floor":["M","?","$","?","?","R","M","R","T","E","?","E","?","M","R","B",null,"M","?","$","?","?","E","?","R","T","?","E","?","$","E"],"character_chosen":"DEFECT","items_purchased":["Consume","Auto Shields","SkillPotion"],"campfire_rested":0,"item_purchase_floors":[3,20,30],"current_hp_per_floor":[64,64,64,45,45,45,45,45,45,45,45,5,26,17,17,15,52,29,29,29,18,64,47,47,47,47,47,5,5,5,5],"gold":1,"neow_bonus":"THREE_ENEMY_KILL","is_prod":false,"is_daily":false,"chose_seed":false,"campfire_upgraded":4,"win_rate":0,"timestamp":1544075971,"path_taken":["M","?","$","?","?","R","M","R","T","E","?","E","?","M","R","BOSS","M","?","$","?","?","E","?","R","T","?","E","?","$","E"],"build_version":"2018-12-05","purchased_purges":1,"victory":false,"max_hp_per_floor":[71,64,64,64,64,64,64,64,64,64,64,64,64,64,64,64,64,64,64,64,64,64,66,66,66,66,66,68,34,34,34],"card_choices":[{"not_picked":["Barrage","Fusion","Aggregate"],"picked":"SKIP","floor":1},{"not_picked":["Force Field","Barrage"],"picked":"Streamline","floor":7},{"not_picked":["Hologram","Conserve Battery"],"picked":"FTL","floor":10},{"not_picked":["Recycle","Coolheaded"],"picked":"White Noise","floor":12},{"not_picked":["Streamline","Barrage"],"picked":"Doom and Gloom","floor":14},{"not_picked":["Multi-Cast","Thunder Strike"],"picked":"Electrodynamics","floor":16},{"not_picked":["Compile Driver","Skim"],"picked":"Hologram","floor":18},{"not_picked":["Redo","Lockon","Stack"],"picked":"Singing Bowl","floor":23},{"not_picked":["Storm","Barrage","Multi-Cast"],"picked":"Singing Bowl","floor":28}],"player_experience":1174841,"relics_obtained":[{"floor":10,"key":"Singing Bowl"},{"floor":12,"key":"Juzu Bracelet"},{"floor":23,"key":"Prayer Wheel"},{"floor":26,"key":"Tiny Chest"},{"floor":28,"key":"Pantograph"}],"event_choices":[{"damage_healed":0,"gold_gain":0,"player_choice":"Lose Max HP","damage_taken":0,"relics_obtained":["Golden Idol"],"max_hp_gain":0,"max_hp_loss":7,"event_name":"Golden Idol","floor":2,"gold_loss":0},{"damage_healed":0,"gold_gain":0,"player_choice":"Entered Light","damage_taken":19,"max_hp_gain":0,"max_hp_loss":0,"event_name":"Shining Light","floor":4,"gold_loss":0,"cards_upgraded":["Strike_B","Dualcast"]},{"damage_healed":0,"gold_gain":0,"player_choice":"Leave","damage_taken":0,"max_hp_gain":0,"max_hp_loss":0,"event_name":"The Cleric","floor":5,"gold_loss":0},{"damage_healed":0,"gold_gain":0,"player_choice":"Ignored","damage_taken":0,"max_hp_gain":0,"max_hp_loss":0,"event_name":"Liars Game","floor":11,"gold_loss":0},{"damage_healed":21,"gold_gain":0,"player_choice":"Banana","damage_taken":0,"max_hp_gain":0,"max_hp_loss":0,"event_name":"Big Fish","floor":13,"gold_loss":0},{"damage_healed":0,"gold_gain":0,"player_choice":"Gave Potion","damage_taken":0,"relics_obtained":["Regal Pillow"],"max_hp_gain":0,"max_hp_loss":0,"event_name":"WeMeetAgain","floor":19,"gold_loss":0},{"damage_healed":0,"gold_gain":0,"player_choice":"Fight","damage_taken":0,"max_hp_gain":0,"max_hp_loss":0,"event_name":"Colosseum","floor":21,"gold_loss":0},{"damage_healed":0,"gold_gain":0,"player_choice":"Fled From Nobs","damage_taken":0,"max_hp_gain":0,"max_hp_loss":0,"event_name":"Colosseum","floor":21,"gold_loss":0},{"cards_removed":["White Noise"],"damage_healed":46,"gold_gain":0,"player_choice":"Offered Uncommon","damage_taken":0,"max_hp_gain":0,"max_hp_loss":0,"event_name":"Bonfire Elementals","floor":22,"gold_loss":0},{"damage_healed":0,"gold_gain":0,"player_choice":"Ignored","damage_taken":0,"max_hp_gain":0,"max_hp_loss":0,"event_name":"Vampires","floor":24,"gold_loss":0},{"damage_healed":0,"gold_gain":0,"player_choice":"Ignored","damage_taken":0,"max_hp_gain":0,"max_hp_loss":0,"event_name":"The Mausoleum","floor":27,"gold_loss":0},{"damage_healed":0,"gold_gain":0,"player_choice":"Became a Ghost","damage_taken":0,"max_hp_gain":0,"max_hp_loss":34,"event_name":"Ghosts","floor":29,"gold_loss":0,"cards_obtained":["Ghostly","Ghostly","Ghostly"]}],"is_beta":true,"boss_relics":[{"not_picked":["Nuclear Battery","Eternal Feather"],"picked":"Ectoplasm"}],"items_purged_floors":[20],"is_endless":false,"potions_floor_spawned":[12,14,16,21,23],"killed_by":"Book of Stabbing","ascension_level":20}