{"gold_per_floor":[111,127,127,145,145,145,180,180,180,200,37,54,54,88,88,162,162,177,192,192,206,306,339,339,339],"floor_reached":25,"playtime":1260,"items_purged":["Strike_B"],"score":508,"play_id":"958c9cee-98f4-41ea-8480-fc0455318a6c","local_time":"20190218113118","is_ascension_mode":true,"campfire_choices":[{"data":"Zap","floor":6,"key":"SMITH"},{"data":"Lockon","floor":8,"key":"SMITH"},{"data":"Doom and Gloom","floor":13,"key":"SMITH"},{"data":"Conserve Battery","floor":15,"key":"SMITH"},{"floor":24,"key":"REST"}],"neow_cost":"NONE","seed_source_timestamp":403279421910300,"circlet_count":0,"master_deck":["AscendersBane","Strike_B","Strike_B+1","Strike_B","Defend_B","Defend_B","Defend_B","Defend_B","Zap+1","Dualcast","Ball Lightning+1","BootSequence","BootSequence","Lockon+1","Core Surge","Doom and Gloom+1","Conserve Battery+1","Cold Snap","Echo Form","Hologram","Reinforced Body","Biased Cognition","Chill","Buffer"],"relics":["Cracked Core","Potion Belt","Pear","Cables","Odd Mushroom","StoneCalendar","Sozu","Shovel","Symbiotic Virus","Omamori"],"potions_floor_usage":[7,10,14,16,19,22],"damage_taken":[{"damage":19,"enemies":"Small Slimes","floor":1,"turns":5},{"damage":0,"enemies":"2 Louse","floor":2,"turns":3},{"damage":2,"enemies":"Jaw Worm","floor":4,"turns":3},{"damage":25,"enemies":"3 Sentries","floor":7,"turns":7},{"damage":5,"enemies":"The Mushroom Lair","floor":10,"turns":4},{"damage":0,"enemies":"Large Slime","floor":12,"turns":3},{"damage":0,"enemies":"Gremlin Nob","floor":14,"turns":2},{"damage":4,"enemies":"Hexaghost","floor":16,"turns":7},{"damage":0,"enemies":"Spheric Guardian","floor":18,"turns":3},{"damage":1,"enemies":"3 Byrds","floor":19,"turns":3},{"damage":14,"enemies":"Snake Plant","floor":21,"turns":3},{"damage":6,"enemies":"Colosseum Slavers","floor":22,"turns":6},{"damage":16,"enemies":"Colosseum Nobs","floor":22,"turns":4},{"damage":23,"enemies":"Gremlin Leader","floor":23,"turns":7},{"damage":33,"enemies":"Book of Stabbing","floor":25,"turns":4}],"seed_played":"5965459543703109193","potions_obtained":[{"floor":4,"key":"Swift Potion"},{"floor":7,"key":"SkillPotion"},{"floor":10,"key":"Swift Potion"},{"floor":12,"key":"Block Potion"},{"floor":14,"key":"Fire Potion"},{"floor":16,"key":"SteroidPotion"}],"is_trial":false,"path_per_floor":["M","M","?","M","?","R","E","R","T","?","$","M","R","E","R","B",null,"M","M","?","M","?","E","R","E"],"character_chosen":"DEFECT","items_purchased":["Doom and Gloom"],"campfire_rested":1,"item_purchase_floors":[11],"current_hp_per_floor":[45,45,24,22,45,45,30,30,30,25,25,25,25,25,25,21,66,66,65,65,51,29,6,30,0],"gold":339,"neow_bonus":"RANDOM_COMMON_RELIC","is_prod":false,"is_daily":false,"chose_seed":false,"campfire_upgraded":4,"win_rate":0,"timestamp":1550514678,"path_taken":["M","M","?","M","?","R","E","R","T","?","$","M","R","E","R","BOSS","M","M","?","M","?","E","R","E"],"build_version":"2019-02-06","purchased_purges":1,"victory":false,"max_hp_per_floor":[71,71,71,71,71,71,81,81,81,81,81,81,81,81,81,81,81,81,81,81,81,81,81,81,81],"card_choices":[{"not_picked":["Self Repair","Redo"],"picked":"Ball Lightning","floor":1},{"not_picked":["Capacitor","Conserve Battery"],"picked":"BootSequence","floor":2},{"not_picked":["Stack","Streamline"],"picked":"BootSequence","floor":4},{"not_picked":["Tempest","Beam Cell"],"picked":"Lockon","floor":7},{"not_picked":["Steam","BootSequence"],"picked":"Core Surge","floor":10},{"not_picked":["Rebound","Streamline"],"picked":"Conserve Battery","floor":12},{"not_picked":["Ball Lightning","Rebound"],"picked":"Cold Snap","floor":14},{"not_picked":["Multi-Cast","Fission"],"picked":"Echo Form","floor":16},{"not_picked":["Melter","Sweeping Beam"],"picked":"Hologram","floor":18},{"not_picked":["Steam Power","Conserve Battery"],"picked":"Reinforced Body","floor":19},{"not_picked":["Heatsinks","Turbo+1"],"picked":"Chill","floor":21},{"not_picked":["FTL","Ball Lightning"],"picked":"Buffer","floor":23}],"player_experience":1338180,"relics_obtained":[{"floor":7,"key":"Pear"},{"floor":9,"key":"Cables"},{"floor":10,"key":"Odd Mushroom"},{"floor":14,"key":"StoneCalendar"},{"floor":22,"key":"Shovel"},{"floor":22,"key":"Symbiotic Virus"},{"floor":23,"key":"Omamori"}],"event_choices":[{"damage_healed":0,"gold_gain":0,"player_choice":"Entered Light","damage_taken":21,"max_hp_gain":0,"max_hp_loss":0,"event_name":"Shining Light","floor":3,"gold_loss":0,"cards_upgraded":["Strike_B","Ball Lightning"]},{"damage_healed":23,"gold_gain":0,"player_choice":"Banana","damage_taken":0,"max_hp_gain":0,"max_hp_loss":0,"event_name":"Big Fish","floor":5,"gold_loss":0},{"damage_healed":0,"gold_gain":0,"player_choice":"Fought Mushrooms","damage_taken":0,"max_hp_gain":0,"max_hp_loss":0,"event_name":"Mushrooms","floor":10,"gold_loss":0},{"damage_healed":0,"gold_gain":0,"player_choice":"Read","damage_taken":0,"max_hp_gain":0,"max_hp_loss":0,"event_name":"The Library","floor":20,"gold_loss":0,"cards_obtained":["Biased Cognition"]},{"damage_healed":0,"gold_gain":0,"player_choice":"Fight","damage_taken":0,"max_hp_gain":0,"max_hp_loss":0,"event_name":"Colosseum","floor":22,"gold_loss":0},{"damage_healed":0,"gold_gain":0,"player_choice":"Fought Nobs","damage_taken":0,"max_hp_gain":0,"max_hp_loss":0,"event_name":"Colosseum","floor":22,"gold_loss":0}],"is_beta":true,"boss_relics":[{"not_picked":["Pandora\u0027s Box","Busted Crown"],"picked":"Sozu"}],"items_purged_floors":[11],"is_endless":false,"potions_floor_spawned":[4,7,10,12,14,16,18,21,23],"killed_by":"Book of Stabbing","ascension_level":20}