{"gold_per_floor":[217,233,113,125,141,141,168,168,217,72,86,86,99,133,133,229,229,242,242,261,274,27,60,72,72,72,72,90,107,120,133,133,230,230,248,348,423,443,443],"floor_reached":39,"playtime":3534,"items_purged":["Strike_R","Pain"],"score":417,"play_id":"d0eaf331-c571-46f2-bd86-6aa83c57b17e","local_time":"20190203004812","is_ascension_mode":false,"campfire_choices":[{"data":"True Grit","floor":6,"key":"SMITH"},{"floor":12,"key":"REST"},{"data":"Metallicize","floor":15,"key":"SMITH"},{"floor":25,"key":"REST"},{"data":"Body Slam","floor":27,"key":"SMITH"},{"data":"Body Slam","floor":32,"key":"SMITH"}],"neow_cost":"NONE","seed_source_timestamp":26408951989500,"circlet_count":0,"master_deck":["Strike_R","Strike_R","Defend_R","Defend_R","Defend_R","Defend_R","Bash","Sentinel","Armaments","True Grit+1","Carnage","Infernal Blade","Flame Barrier+1","Metallicize+1","Shrug It Off","Shrug It Off","Demon Form","Thunderclap","Ghostly Armor+1","Pommel Strike","Sentinel+1","Body Slam+1","Shrug It Off","Power Through","True Grit","Body Slam+1","Reaper","Feel No Pain","Cleave+1","Uppercut+1"],"relics":["Burning Blood","Letter Opener","PreservedInsect","Orichalcum","Bronze Scales","Empty Cage","WarpedTongs","Happy Flower","Calipers","Shuriken","Runic Cube","Girya"],"potions_floor_usage":[14,16,23,23,24,33,33,38,39],"damage_taken":[{"damage":6,"enemies":"Cultist","floor":1,"turns":3},{"damage":2,"enemies":"Small Slimes","floor":2,"turns":3},{"damage":0,"enemies":"2 Louse","floor":4,"turns":3},{"damage":9,"enemies":"Blue Slaver","floor":5,"turns":3},{"damage":34,"enemies":"Gremlin Nob","floor":7,"turns":5},{"damage":0,"enemies":"Red Slaver","floor":11,"turns":6},{"damage":2,"enemies":"Looter","floor":13,"turns":4},{"damage":3,"enemies":"3 Sentries","floor":14,"turns":4},{"damage":53,"enemies":"Hexaghost","floor":16,"turns":14},{"damage":4,"enemies":"Shell Parasite","floor":18,"turns":7},{"damage":18,"enemies":"Spheric Guardian","floor":20,"turns":5},{"damage":12,"enemies":"Snecko","floor":21,"turns":6},{"damage":21,"enemies":"Gremlin Leader","floor":23,"turns":8},{"damage":4,"enemies":"3 Cultists","floor":24,"turns":6},{"damage":6,"enemies":"Shelled Parasite and Fungi","floor":28,"turns":5},{"damage":7,"enemies":"Sentry and Sphere","floor":29,"turns":6},{"damage":4,"enemies":"Cultist and Chosen","floor":30,"turns":6},{"damage":0,"enemies":"3 Cultists","floor":31,"turns":6},{"damage":25,"enemies":"Collector","floor":33,"turns":13},{"damage":1,"enemies":"Orb Walker","floor":35,"turns":5},{"damage":12,"enemies":"Mind Bloom Boss Battle","floor":36,"turns":14},{"damage":6,"enemies":"3 Shapes","floor":38,"turns":5},{"damage":86,"enemies":"2 Orb Walkers","floor":39,"turns":8}],"seed_played":"-5481109831107771016","potions_obtained":[{"floor":1,"key":"FairyPotion"},{"floor":5,"key":"SteroidPotion"},{"floor":11,"key":"SteroidPotion"},{"floor":14,"key":"EssenceOfSteel"},{"floor":21,"key":"AttackPotion"},{"floor":23,"key":"Energy Potion"},{"floor":30,"key":"Dexterity Potion"},{"floor":31,"key":"Strength Potion"},{"floor":33,"key":"Block Potion"},{"floor":35,"key":"FearPotion"}],"is_trial":false,"path_per_floor":["M","M","$","M","M","R","E","?","T","$","M","R","M","E","R","B",null,"M","?","M","M","$","E","M","R","T","R","M","M","M","M","R","B",null,"M","?","?","M","?"],"character_chosen":"IRONCLAD","items_purchased":["True Grit","Orichalcum","Happy Flower"],"campfire_rested":2,"item_purchase_floors":[3,10,22],"current_hp_per_floor":[80,80,80,80,77,77,49,49,49,49,55,79,80,80,80,33,80,80,80,68,62,62,47,49,73,73,73,73,72,74,80,80,61,80,80,74,66,66,0],"gold":443,"neow_bonus":"HUNDRED_GOLD","is_prod":false,"is_daily":false,"chose_seed":false,"campfire_upgraded":4,"win_rate":0.0,"timestamp":1549183692,"path_taken":["M","?","$","M","M","R","E","?","T","$","?","R","M","E","R","BOSS","M","?","M","M","$","E","?","R","T","R","M","M","?","M","R","BOSS","M","?","?","?","?"],"build_version":"2019-01-23","purchased_purges":2,"victory":false,"max_hp_per_floor":[80,80,80,80,80,80,80,80,80,80,80,80,80,80,80,80,80,80,80,80,80,80,80,80,80,80,80,80,80,80,80,80,80,80,80,80,80,80,80],"card_choices":[{"not_picked":["Sever Soul","Wild Strike"],"picked":"Sentinel","floor":1},{"not_picked":["Dual Wield","Twin Strike"],"picked":"Armaments","floor":2},{"not_picked":["Corruption","Heavy Blade"],"picked":"Carnage","floor":4},{"not_picked":["Rampage","Flex"],"picked":"Infernal Blade","floor":5},{"not_picked":["Reaper","Sentinel"],"picked":"Flame Barrier","floor":7},{"not_picked":["Perfected Strike","Sword Boomerang"],"picked":"Metallicize","floor":11},{"not_picked":["Heavy Blade","Havoc"],"picked":"Shrug It Off","floor":13},{"not_picked":["Rage","Twin Strike"],"picked":"Shrug It Off","floor":14},{"not_picked":["Limit Break","Bludgeon"],"picked":"Demon Form","floor":16},{"not_picked":["Anger","Seeing Red"],"picked":"Thunderclap","floor":18},{"not_picked":["Inflame","Headbutt+1"],"picked":"Ghostly Armor+1","floor":20},{"not_picked":["Perfected Strike+1","Shrug It Off+1"],"picked":"Pommel Strike","floor":21},{"not_picked":["Blood for Blood","Seeing Red"],"picked":"Sentinel+1","floor":23},{"not_picked":["Shrug It Off","Reckless Charge"],"picked":"Body Slam","floor":24},{"not_picked":["Hemokinesis","Limit Break"],"picked":"Shrug It Off","floor":28},{"not_picked":["Clash","Reckless Charge"],"picked":"Power Through","floor":29},{"not_picked":["Fire Breathing","Flex+1"],"picked":"True Grit","floor":30},{"not_picked":["Heavy Blade","Disarm"],"picked":"Body Slam","floor":31},{"not_picked":["Brutality","Double Tap"],"picked":"Reaper","floor":33},{"not_picked":["Sword Boomerang+1","Burning Pact+1"],"picked":"Feel No Pain","floor":35},{"not_picked":["Disarm+1","Pummel+1"],"picked":"Cleave+1","floor":36},{"not_picked":["Thunderclap+1","Armaments"],"picked":"Uppercut+1","floor":38}],"player_experience":63429,"relics_obtained":[{"floor":7,"key":"Letter Opener"},{"floor":9,"key":"PreservedInsect"},{"floor":14,"key":"Bronze Scales"},{"floor":23,"key":"Calipers"},{"floor":26,"key":"Shuriken"},{"floor":36,"key":"Girya"}],"event_choices":[{"damage_healed":0,"gold_gain":0,"player_choice":"Upgraded","damage_taken":0,"max_hp_gain":0,"max_hp_loss":0,"event_name":"Upgrade Shrine","floor":8,"gold_loss":0,"cards_upgraded":["Flame Barrier"]},{"damage_healed":0,"gold_gain":0,"player_choice":"Rummage","damage_taken":0,"relics_obtained":["WarpedTongs"],"max_hp_gain":0,"max_hp_loss":0,"event_name":"Accursed Blacksmith","floor":19,"gold_loss":0,"cards_obtained":["Pain"]},{"damage_healed":0,"gold_gain":0,"player_choice":"Fight","damage_taken":0,"max_hp_gain":0,"max_hp_loss":0,"event_name":"MindBloom","floor":36,"gold_loss":0},{"damage_healed":0,"gold_gain":75,"player_choice":"Touch","damage_taken":8,"max_hp_gain":0,"max_hp_loss":0,"event_name":"FaceTrader","floor":37,"gold_loss":0},{"damage_healed":0,"gold_gain":0,"player_choice":"Fight","damage_taken":0,"max_hp_gain":0,"max_hp_loss":0,"event_name":"Mysterious Sphere","floor":39,"gold_loss":0}],"is_beta":false,"boss_relics":[{"not_picked":["Snecko Eye","Velvet Choker"],"picked":"Empty Cage"},{"not_picked":["Coffee Dripper","Lizard Tail"],"picked":"Runic Cube"}],"items_purged_floors":[3,22],"is_endless":false,"potions_floor_spawned":[1,5,11,14,21,23,30,31,33,35],"killed_by":"2 Orb Walkers","ascension_level":0}