{"gold_per_floor":[368,368,25,25,25,25,25,68,95,95],"floor_reached":10,"playtime":188,"items_purged":[],"score":124,"play_id":"31a411aa-56bc-4972-9ed2-efa23106a8b3","local_time":"20190219210439","is_ascension_mode":true,"campfire_choices":[{"data":"Biased Cognition","floor":6,"key":"SMITH"}],"neow_cost":"PERCENT_DAMAGE","seed_source_timestamp":525152094014400,"circlet_count":0,"master_deck":["AscendersBane","Strike_B","Strike_B","Strike_B","Strike_B","Defend_B","Defend_B","Defend_B","Defend_B","Zap","Dualcast","Chill","Biased Cognition+1","Echo Form"],"relics":["Cracked Core","Golden Idol","DataDisk","The Courier","Emotion Chip","Potion Belt"],"potions_floor_usage":[10],"damage_taken":[{"damage":14,"enemies":"Small Slimes","floor":1,"turns":4},{"damage":41,"enemies":"Gremlin Nob","floor":8,"turns":5},{"damage":9,"enemies":"Jaw Worm","floor":10,"turns":3}],"seed_played":"-4103775281067941516","potions_obtained":[{"floor":8,"key":"Energy Potion"}],"is_trial":false,"path_per_floor":["M","?","$","?","?","R","$","E","T","M"],"character_chosen":"DEFECT","items_purchased":["Biased Cognition","DataDisk"],"campfire_rested":0,"item_purchase_floors":[3,3],"current_hp_per_floor":[32,32,32,53,48,48,48,7,7,0],"gold":95,"neow_bonus":"TWO_FIFTY_GOLD","is_prod":false,"is_daily":false,"chose_seed":false,"campfire_upgraded":1,"win_rate":0,"timestamp":1550635479,"path_taken":["M","?","$","?","?","R","$","E","T","M"],"build_version":"2019-02-06","purchased_purges":0,"victory":false,"max_hp_per_floor":[71,64,64,64,64,64,64,64,64,64],"card_choices":[{"not_picked":["Compile Driver","Streamline"],"picked":"Chill","floor":1},{"not_picked":["Redo","Stack"],"picked":"Echo Form","floor":8}],"player_experience":1355851,"relics_obtained":[{"floor":8,"key":"Emotion Chip"},{"floor":9,"key":"Potion Belt"}],"event_choices":[{"damage_healed":0,"gold_gain":0,"player_choice":"Lose Max HP","damage_taken":0,"relics_obtained":["Golden Idol"],"max_hp_gain":0,"max_hp_loss":7,"event_name":"Golden Idol","floor":2,"gold_loss":0},{"damage_healed":21,"gold_gain":0,"player_choice":"Banana","damage_taken":0,"max_hp_gain":0,"max_hp_loss":0,"event_name":"Big Fish","floor":4,"gold_loss":0},{"damage_healed":0,"gold_gain":0,"player_choice":"Success","damage_taken":5,"relics_obtained":["The Courier"],"max_hp_gain":0,"max_hp_loss":0,"event_name":"Scrap Ooze","floor":5,"gold_loss":0}],"is_beta":true,"boss_relics":[],"items_purged_floors":[],"is_endless":false,"potions_floor_spawned":[8],"killed_by":"Jaw Worm","ascension_level":20}