{"gold_per_floor":[115,115,126,139,158,170,184,198,198,225,225],"floor_reached":11,"playtime":1149,"items_purged":[],"score":79,"play_id":"afe293c3-31c5-4b32-b184-4387faa850ac","local_time":"20190123181824","is_ascension_mode":false,"campfire_choices":[],"neow_cost":"NONE","seed_source_timestamp":14289252323545,"circlet_count":0,"master_deck":["Defend_G","Defend_G","Defend_G","Defend_G","Defend_G","Strike_G","Strike_G","Strike_G","Strike_G","Strike_G","Survivor","Neutralize","Outmaneuver","Blade Dance","Neutralize","Crippling Poison","Caltrops","Eviscerate","Acrobatics","Finisher","Tactician","Flying Knee"],"relics":["Ring of the Snake","Tingsha","Potion Belt"],"potions_floor_usage":[6,7],"damage_taken":[{"damage":0,"enemies":"Jaw Worm","floor":1,"turns":5},{"damage":0,"enemies":"Cultist","floor":3,"turns":4},{"damage":1,"enemies":"2 Louse","floor":4,"turns":2},{"damage":15,"enemies":"Lots of Slimes","floor":5,"turns":3},{"damage":14,"enemies":"Large Slime","floor":6,"turns":9},{"damage":4,"enemies":"Gremlin Gang","floor":7,"turns":4},{"damage":12,"enemies":"3 Louse","floor":8,"turns":4},{"damage":26,"enemies":"3 Sentries","floor":10,"turns":8}],"seed_played":"-3168006145221524069","potions_obtained":[{"floor":1,"key":"Explosive Potion"},{"floor":4,"key":"Energy Potion"},{"floor":5,"key":"Block Potion"},{"floor":6,"key":"Energy Potion"},{"floor":10,"key":"Explosive Potion"}],"is_trial":false,"path_per_floor":["?","M","M","?"],"character_chosen":"THE_SILENT","items_purchased":[],"campfire_rested":0,"item_purchase_floors":[],"current_hp_per_floor":[77,77,77,76,61,47,43,31,31,5,0],"gold":225,"neow_bonus":"TEN_PERCENT_HP_BONUS","is_prod":false,"is_daily":false,"chose_seed":false,"campfire_upgraded":0,"win_rate":0.0,"timestamp":1548263904,"path_taken":["M","?","?","M","M","M","?","M","T","E","?"],"build_version":"2019-01-23","purchased_purges":0,"victory":false,"max_hp_per_floor":[77,77,77,77,77,77,77,77,77,77,77],"card_choices":[{"not_picked":["Eviscerate","Deadly Poison"],"picked":"Outmaneuver","floor":1},{"not_picked":["Dagger Spray","Poisoned Stab"],"picked":"Crippling Poison","floor":3},{"not_picked":["Dagger Spray","Distraction"],"picked":"Caltrops","floor":4},{"not_picked":["Backflip","Quick Slash"],"picked":"Eviscerate","floor":5},{"not_picked":["Dodge and Roll","Deflect"],"picked":"Acrobatics","floor":6},{"not_picked":["Predator","Flying Knee"],"picked":"Finisher","floor":7},{"not_picked":["Outmaneuver","Blade Dance"],"picked":"Tactician","floor":8},{"not_picked":["Quick Slash","Dagger Spray"],"picked":"Flying Knee","floor":10}],"player_experience":2864,"relics_obtained":[{"floor":9,"key":"Tingsha"},{"floor":10,"key":"Potion Belt"}],"event_choices":[{"damage_healed":0,"gold_gain":0,"player_choice":"2 cards matched","damage_taken":0,"max_hp_gain":0,"max_hp_loss":0,"event_name":"Match and Keep!","floor":2,"gold_loss":0,"cards_obtained":["Blade Dance","Neutralize"]}],"is_beta":false,"boss_relics":[],"items_purged_floors":[],"is_endless":false,"potions_floor_spawned":[1,4,5,6,10],"ascension_level":0}