{"gold_per_floor":[113,126,201,12,12,47,47,62,86,101,115,115,134,20,20,125,125,145,170,195,195,67,67],"floor_reached":23,"playtime":803,"items_purged":["Strike_B"],"score":214,"play_id":"24adb365-3a47-4bc1-baa5-8738d370c4d4","local_time":"20190216211114","is_ascension_mode":false,"campfire_choices":[{"data":"White Noise","floor":7,"key":"SMITH"},{"floor":15,"key":"REST"}],"neow_cost":"NONE","seed_source_timestamp":24429873889200,"circlet_count":0,"master_deck":["Zap","Dualcast","Auto Shields","Melter+1","White Noise+1","Capacitor+1","Lockon","Redo","Ball Lightning","Redo","Hologram","Storm","Melter","Buffer","Doom and Gloom","Creative AI","Melter","Sunder","Streamline","Compile Driver","Go for the Eyes","Conserve Battery","Self Repair","Leap"],"relics":["Cracked Core","NeowsBlessing","Lantern","Whetstone","Dream Catcher","Pandora\u0027s Box","Pen Nib","Red Mask","Prayer Wheel"],"potions_floor_usage":[16,20],"damage_taken":[{"damage":0,"enemies":"Small Slimes","floor":1,"turns":1},{"damage":0,"enemies":"Jaw Worm","floor":2,"turns":1},{"damage":0,"enemies":"Lagavulin","floor":6,"turns":1},{"damage":0,"enemies":"Cultist","floor":8,"turns":3},{"damage":9,"enemies":"Blue Slaver","floor":10,"turns":3},{"damage":8,"enemies":"Red Slaver","floor":11,"turns":2},{"damage":5,"enemies":"Exordium Wildlife","floor":13,"turns":3},{"damage":23,"enemies":"Hexaghost","floor":16,"turns":7},{"damage":19,"enemies":"2 Thieves","floor":18,"turns":4},{"damage":42,"enemies":"Masked Bandits","floor":20,"turns":4},{"damage":14,"enemies":"Slavers","floor":23,"turns":1}],"seed_played":"-2305821804152848977","potions_obtained":[{"floor":6,"key":"Strength Potion"},{"floor":11,"key":"Energy Potion"},{"floor":13,"key":"Ancient Potion"}],"is_trial":false,"path_per_floor":["M","M","?","$","?","E","R","M","T","M","M","?","M","$","R","B",null,"M","T","?","?","$","E"],"character_chosen":"DEFECT","items_purchased":["Lantern","White Noise","Storm","Self Repair","Leap"],"campfire_rested":1,"item_purchase_floors":[4,4,14,22,22],"current_hp_per_floor":[75,75,64,64,64,64,64,64,64,55,47,47,42,42,64,41,75,56,56,14,14,14,0],"gold":67,"neow_bonus":"THREE_ENEMY_KILL","is_prod":false,"is_daily":false,"chose_seed":false,"campfire_upgraded":1,"win_rate":0.0,"timestamp":1550380274,"path_taken":["M","M","?","$","?","E","R","?","T","M","M","?","?","$","R","BOSS","M","?","?","?","$","E"],"build_version":"2019-01-23","purchased_purges":1,"victory":false,"max_hp_per_floor":[75,75,75,75,75,75,75,75,75,75,75,75,75,75,75,75,75,75,75,75,75,75,75],"card_choices":[{"not_picked":["Coolheaded","Reprogram"],"picked":"Auto Shields","floor":1},{"not_picked":["Recycle","Coolheaded"],"picked":"Melter","floor":2},{"not_picked":["Rainbow","Sweeping Beam"],"picked":"Lockon","floor":6},{"not_picked":["Coolheaded","Conserve Battery"],"picked":"Redo","floor":8},{"not_picked":["Leap","Meteor Strike"],"picked":"Ball Lightning","floor":10},{"not_picked":["Darkness","Tempest"],"picked":"Redo","floor":11},{"not_picked":["Redo","Compile Driver"],"picked":"Hologram","floor":13},{"not_picked":["Fusion","Undo"],"picked":"Melter","floor":15},{"not_picked":["Core Surge","Seek"],"picked":"Buffer","floor":16},{"not_picked":["Streamline","Sunder"],"picked":"Go for the Eyes","floor":18},{"not_picked":["Compile Driver+1","Hologram"],"picked":"Conserve Battery","floor":20}],"player_experience":146868,"relics_obtained":[{"floor":6,"key":"Whetstone"},{"floor":9,"key":"Dream Catcher"},{"floor":19,"key":"Pen Nib"},{"floor":20,"key":"Red Mask"}],"event_choices":[{"damage_healed":0,"gold_gain":75,"player_choice":"Gather Gold","damage_taken":11,"max_hp_gain":0,"max_hp_loss":0,"event_name":"World of Goop","floor":3,"gold_loss":0},{"damage_healed":0,"gold_gain":0,"cards_transformed":["Strike_B"],"player_choice":"Transformed","damage_taken":0,"max_hp_gain":0,"max_hp_loss":0,"event_name":"Transmorgrifier","floor":5,"gold_loss":0,"cards_obtained":["Capacitor"]},{"damage_healed":0,"gold_gain":0,"player_choice":"Upgraded","damage_taken":0,"max_hp_gain":0,"max_hp_loss":0,"event_name":"Upgrade Shrine","floor":12,"gold_loss":0,"cards_upgraded":["Capacitor"]},{"damage_healed":0,"gold_gain":0,"player_choice":"Fought Bandits","damage_taken":0,"max_hp_gain":0,"max_hp_loss":0,"event_name":"Masked Bandits","floor":20,"gold_loss":0},{"damage_healed":0,"gold_gain":0,"player_choice":"Gave Potion","damage_taken":0,"relics_obtained":["Prayer Wheel"],"max_hp_gain":0,"max_hp_loss":0,"event_name":"WeMeetAgain","floor":21,"gold_loss":0}],"is_beta":false,"boss_relics":[{"not_picked":["Velvet Choker","Fusion Hammer"],"picked":"Pandora\u0027s Box"}],"items_purged_floors":[14],"is_endless":false,"potions_floor_spawned":[6,11,13],"killed_by":"Slavers","ascension_level":0}