{"gold_per_floor":[111,76,91,91,103,103,114,144,144,144,170,15,15,15,15,94,94,108,123,123,123,143,143,7,42,66,76,76,88,116,146,158,170],"floor_reached":33,"playtime":1419,"items_purged":["Strike_B"],"score":590,"play_id":"a28897c9-cd52-49e3-bacb-90a6cf5538d6","local_time":"20190117222425","is_ascension_mode":true,"campfire_choices":[{"data":"Compile Driver","floor":6,"key":"SMITH"},{"data":"Sweeping Beam","floor":10,"key":"SMITH"},{"data":"FTL","floor":13,"key":"SMITH"},{"data":"Dualcast","floor":15,"key":"SMITH"},{"floor":23,"key":"REST"},{"floor":28,"key":"REST"},{"floor":32,"key":"REST"}],"neow_cost":"NONE","seed_source_timestamp":706736824146431,"circlet_count":0,"master_deck":["AscendersBane","Strike_B","Strike_B+1","Defend_B","Defend_B","Defend_B","Defend_B","Zap+1","Dualcast+1","FTL+1","Chill","Compile Driver+1","Cold Snap+1","Sweeping Beam+1","Rip and Tear+1","Sunder+1","All For One+1","Cold Snap+1","Beam Cell+1","Ball Lightning+1","BootSequence","Conserve Battery","Echo Form","Go for the Eyes+1","Doom and Gloom+1","Glacier","Ball Lightning+1"],"relics":["Cracked Core","Ancient Tea Set","Whetstone","Molten Egg 2","Inserter","Centennial Puzzle","Matryoshka","Bottled Flame","PreservedInsect","MawBank"],"potions_floor_usage":[8,16,16,18,19,22,30,33],"damage_taken":[{"damage":12,"enemies":"Jaw Worm","floor":1,"turns":3},{"damage":5,"enemies":"Small Slimes","floor":3,"turns":3},{"damage":4,"enemies":"Cultist","floor":5,"turns":4},{"damage":1,"enemies":"2 Fungi Beasts","floor":7,"turns":4},{"damage":7,"enemies":"Lagavulin","floor":8,"turns":5},{"damage":1,"enemies":"3 Sentries","floor":11,"turns":6},{"damage":13,"enemies":"Slime Boss","floor":16,"turns":7},{"damage":26,"enemies":"Shell Parasite","floor":18,"turns":3},{"damage":7,"enemies":"3 Byrds","floor":19,"turns":4},{"damage":6,"enemies":"3 Cultists","floor":22,"turns":3},{"damage":22,"enemies":"Gremlin Leader","floor":25,"turns":4},{"damage":11,"enemies":"Snake Plant","floor":27,"turns":5},{"damage":4,"enemies":"Cultist and Chosen","floor":29,"turns":5},{"damage":16,"enemies":"Book of Stabbing","floor":30,"turns":3},{"damage":11,"enemies":"Sentry and Sphere","floor":31,"turns":4},{"damage":59,"enemies":"Collector","floor":33,"turns":7}],"seed_played":"7437530831687041263","potions_obtained":[{"floor":1,"key":"Block Potion"},{"floor":7,"key":"AttackPotion"},{"floor":11,"key":"Strength Potion"},{"floor":16,"key":"GamblersBrew"},{"floor":18,"key":"Poison Potion"},{"floor":22,"key":"Fruit Juice"},{"floor":29,"key":"GamblersBrew"},{"floor":31,"key":"SkillPotion"}],"is_trial":false,"path_per_floor":["M","?","M","?","M","R","M","E","T","R","E","$","R","$","R","B",null,"M","M","?","T","M","R","$","E","T","M","R","M","E","M","R","B"],"character_chosen":"DEFECT","items_purchased":["Sunder+1","BootSequence","Conserve Battery"],"campfire_rested":3,"item_purchase_floors":[12,24,24],"current_hp_per_floor":[52,69,64,57,53,53,52,45,45,45,44,44,44,44,44,31,61,35,28,42,42,41,63,63,41,41,30,52,48,32,21,43,0],"gold":170,"neow_bonus":"UPGRADE_CARD","is_prod":false,"is_daily":false,"chose_seed":false,"campfire_upgraded":4,"win_rate":0,"timestamp":1547789065,"path_taken":["M","?","M","?","M","R","M","E","T","R","E","$","R","$","R","BOSS","M","M","?","?","?","R","$","E","T","M","R","?","E","M","R","BOSS"],"build_version":"2019-01-16","purchased_purges":1,"victory":false,"max_hp_per_floor":[71,71,71,71,71,71,71,71,71,71,71,71,71,71,71,71,71,71,71,71,71,76,76,76,76,76,76,76,76,76,76,76,76],"card_choices":[{"not_picked":["Streamline","Hologram"],"picked":"FTL","floor":1},{"not_picked":["Go for the Eyes","Double Energy"],"picked":"Chill","floor":3},{"not_picked":["Storm","Beam Cell"],"picked":"Compile Driver","floor":5},{"not_picked":["Gash","Reinforced Body"],"picked":"Cold Snap","floor":7},{"not_picked":["Steam","Scrape"],"picked":"Sweeping Beam","floor":8},{"not_picked":["Steam","Redo"],"picked":"Rip and Tear","floor":11},{"not_picked":["Seek","Biased Cognition"],"picked":"All For One+1","floor":16},{"not_picked":["Barrage+1","Sunder+1"],"picked":"Cold Snap+1","floor":18},{"not_picked":["Turbo","Rebound+1"],"picked":"Beam Cell+1","floor":19},{"not_picked":["Beam Cell+1","Blizzard+1"],"picked":"Ball Lightning+1","floor":22},{"not_picked":["Streamline+1","White Noise"],"picked":"Echo Form","floor":25},{"not_picked":["Barrage+1","Genetic Algorithm"],"picked":"Go for the Eyes+1","floor":27},{"not_picked":["Rebound+1","Capacitor"],"picked":"Doom and Gloom+1","floor":29},{"not_picked":["Leap","Static Discharge"],"picked":"Glacier","floor":30},{"not_picked":["Darkness","Redo"],"picked":"Ball Lightning+1","floor":31}],"player_experience":1222546,"relics_obtained":[{"floor":8,"key":"Ancient Tea Set"},{"floor":9,"key":"Whetstone"},{"floor":11,"key":"Molten Egg 2"},{"floor":21,"key":"Centennial Puzzle"},{"floor":25,"key":"Matryoshka"},{"floor":26,"key":"Bottled Flame"},{"floor":26,"key":"PreservedInsect"},{"floor":30,"key":"MawBank"}],"event_choices":[{"damage_healed":17,"gold_gain":0,"player_choice":"Healed","damage_taken":0,"max_hp_gain":0,"max_hp_loss":0,"event_name":"The Cleric","floor":2,"gold_loss":35},{"cards_removed":["Strike_B"],"damage_healed":0,"gold_gain":0,"player_choice":"Card Removal","damage_taken":7,"max_hp_gain":0,"max_hp_loss":0,"event_name":"Golden Wing","floor":4,"gold_loss":0},{"damage_healed":14,"gold_gain":0,"player_choice":"Heal","damage_taken":0,"max_hp_gain":0,"max_hp_loss":0,"event_name":"The Library","floor":20,"gold_loss":0}],"is_beta":true,"boss_relics":[{"not_picked":["Coffee Dripper","Runic Pyramid"],"picked":"Inserter"}],"items_purged_floors":[12],"is_endless":false,"potions_floor_spawned":[1,7,11,16,18,22,29,31],"killed_by":"Collector","ascension_level":20}