{"gold_per_floor":[109,284,284,294,312,262,262,289,314,330,330,330,349,383,383,478,478,493,493,503,61,61,90,90,115,161,36,36,61,78,111,111,207,207,219,219,74,74,74,74,108,123,149,175,185,185,185,219,219,219],"floor_reached":50,"playtime":2965,"items_purged":["Doubt"],"score":1035,"play_id":"c490f2d1-85a6-42c3-a673-b0f265a9eec6","local_time":"20181209225049","daily_mods":["SealedDeck","Insanity"],"is_ascension_mode":true,"campfire_choices":[{"data":"Hologram","floor":11.0,"key":"SMITH"},{"data":"Defragment","floor":15.0,"key":"SMITH"},{"floor":24.0,"key":"REST"},{"floor":32.0,"key":"REST"},{"floor":40,"key":"REST"},{"floor":47,"key":"REST"},{"floor":49,"key":"REST"}],"neow_cost":"","seed_source_timestamp":0,"circlet_count":0,"master_deck":["Cold Snap+1","Stack+1","Recycle+1","Skim+1","Steam Power+1","White Noise+1","Gash+1","Leap+1","Defragment+1","Loop+1","Loop+1","Compile Driver+1","Recycle+1","Rip and Tear+1","Redo+1","Ball Lightning+1","White Noise+1","Leap+1","Compile Driver+1","Steam+1","Conserve Battery+1","Compile Driver+1","Chaos+1","Cold Snap+1","Hello World+1","Loop+1","Gash+1","Conserve Battery+1","Sunder+1","Rebound+1","Sweeping Beam+1","Barrage+1","Reprogram+1","Gash+1","Beam Cell+1","Sweeping Beam+1","Heatsinks+1","Stack+1","Chaos+1","Chill+1","Fusion+1","Defragment+1","Chaos+1","Chaos+1","Barrage+1","Compile Driver+1","Compile Driver+1","Turbo+1","Hologram+1","Conserve Battery+1","Steam Power+1","Ball Lightning+1","Go for the Eyes+1","Go for the Eyes+1","Defragment+1","Stack+1","Conserve Battery+1","Glacier+1","Conserve Battery+1","Conserve Battery+1","Go for the Eyes+1","Rebound+1","BootSequence+1","Self Repair+1","Gash+1","Leap+1","Seek+1","Hologram+1","Reprogram+1","Echo Form+1","Double Energy+1","Rebound+1","Gash+1","Redo+1","FTL+1","Stack+1","Meteor Strike+1","Coolheaded+1","Capacitor","Multi-Cast+1","Mind Blast","Stack+1","Barrage+1","Buffer","Beam Cell+1","Stack+1"],"special_seed":0,"relics":["Cracked Core","Ancient Tea Set","Matryoshka","Regal Pillow","Juzu Bracelet","Pocketwatch","Fusion Hammer","Dead Branch","Vajra","Orichalcum","DataDisk","Anchor","Bag of Preparation","Happy Flower","Eternal Feather","Mark of the Bloom","Smiling Mask","War Paint","Pen Nib","Prayer Wheel"],"potions_floor_usage":[50,50],"damage_taken":[{"damage":0.0,"enemies":"Cultist","floor":1.0,"turns":2.0},{"damage":0.0,"enemies":"2 Louse","floor":4.0,"turns":2.0},{"damage":4.0,"enemies":"Small Slimes","floor":5.0,"turns":3.0},{"damage":16.0,"enemies":"Gremlin Nob","floor":8.0,"turns":4.0},{"damage":1.0,"enemies":"Red Slaver","floor":10.0,"turns":3.0},{"damage":0.0,"enemies":"3 Louse","floor":13.0,"turns":3.0},{"damage":10.0,"enemies":"Lagavulin","floor":14.0,"turns":5.0},{"damage":0.0,"enemies":"Hexaghost","floor":16.0,"turns":11.0},{"damage":0.0,"enemies":"Shell Parasite","floor":18.0,"turns":4.0},{"damage":0.0,"enemies":"Chosen","floor":20.0,"turns":4.0},{"damage":29.0,"enemies":"Slavers","floor":23.0,"turns":8.0},{"damage":12.0,"enemies":"Gremlin Leader","floor":29.0,"turns":8.0},{"damage":6.0,"enemies":"Centurion and Healer","floor":30.0,"turns":5.0},{"damage":9.0,"enemies":"Slavers","floor":31.0,"turns":5.0},{"damage":10.0,"enemies":"Champ","floor":33.0,"turns":10.0},{"damage":16.0,"enemies":"3 Darklings","floor":35.0,"turns":5.0},{"damage":0,"enemies":"Giant Head","floor":41,"turns":5},{"damage":0,"enemies":"Orb Walker","floor":42,"turns":2},{"damage":17,"enemies":"Reptomancer","floor":44,"turns":4},{"damage":0,"enemies":"Writhing Mass","floor":45,"turns":2},{"damage":0,"enemies":"Giant Head","floor":48,"turns":5},{"damage":65,"enemies":"Awakened One","floor":50,"turns":10}],"seed_played":"-1349266885025694541","potions_obtained":[{"floor":5.0,"key":"Strength Potion"},{"floor":7.0,"key":"Fruit Juice"},{"floor":7.0,"key":"Swift Potion"},{"floor":7.0,"key":"SteroidPotion"},{"floor":31.0,"key":"Energy Potion"},{"floor":41,"key":"Ancient Potion"},{"floor":42,"key":"SkillPotion"}],"is_trial":true,"path_per_floor":["M","?","?","M","M","?","?","E","T","M","R","?","M","E","R","B",null,"M","?","M","$","?","E","R","T","T","$","?","E","M","E","R","B",null,"M","?","$","?","?","R","E","M","T","E","M","?","R","E","R","B"],"character_chosen":"DEFECT","items_purchased":["Dead Branch","Echo Form","Gash","Capacitor","Multi-Cast"],"campfire_rested":5,"item_purchase_floors":[21,21,27,37,37],"current_hp_per_floor":[75,75,75,75,71,71,76,60,60,59,59,43,50,40,40,40,80,80,65,65,65,65,43,83,83,83,83,75,70,71,69,85,75,85,69,69,69,69,69,69,69,69,69,52,52,52,52,52,52,0],"gold":219,"neow_bonus":"","is_prod":false,"is_daily":false,"chose_seed":false,"campfire_upgraded":2,"win_rate":0,"timestamp":1544403049,"path_taken":["M","?","?","M","M","?","?","E","T","M","R","?","M","E","R","BOSS","M","?","M","$","?","E","R","?","T","?","?","E","M","E","R","BOSS","M","?","$","?","?","R","E","M","T","E","M","?","R","E","R","BOSS"],"build_version":"2018-12-06","purchased_purges":1,"victory":false,"max_hp_per_floor":[75,75,75,75,75,75,80,80,80,80,80,80,80,80,80,80,80,80,85,85,85,85,85,85,85,85,85,85,85,85,85,85,85,85,85,85,85,85,85,85,85,85,85,85,85,81,81,81,81,81],"card_choices":[{"not_picked":["Barrage","Ball Lightning"],"picked":"Conserve Battery","floor":1.0},{"not_picked":["Static Discharge","Recycle"],"picked":"Go for the Eyes","floor":4.0},{"not_picked":["Barrage","Sunder"],"picked":"Rebound","floor":5.0},{"not_picked":["Hello World","Stack"],"picked":"BootSequence","floor":8.0},{"not_picked":["Stack","Ball Lightning"],"picked":"Self Repair","floor":10.0},{"not_picked":["Conserve Battery","Static Discharge"],"picked":"Gash","floor":13.0},{"not_picked":["Stack","Redo"],"picked":"Leap","floor":14.0},{"not_picked":["Electrodynamics","Core Surge"],"picked":"Seek","floor":16.0},{"not_picked":["Rebound","Conserve Battery"],"picked":"Hologram","floor":18.0},{"not_picked":["Compile Driver","Go for the Eyes"],"picked":"Reprogram+1","floor":20.0},{"not_picked":["Conserve Battery","Machine Learning"],"picked":"Rebound","floor":23.0},{"not_picked":["Go for the Eyes+1","Heatsinks"],"picked":"Redo+1","floor":29.0},{"not_picked":["Double Energy","Compile Driver+1"],"picked":"FTL","floor":30.0},{"not_picked":["Sweeping Beam+1","Compile Driver"],"picked":"Stack","floor":31.0},{"not_picked":["Amplify","Buffer"],"picked":"Meteor Strike","floor":33.0},{"not_picked":["Streamline+1","Cold Snap"],"picked":"Coolheaded+1","floor":35.0},{"not_picked":["Mayhem","Blind"],"picked":"Mind Blast","floor":39},{"not_picked":["Hologram","Consume"],"picked":"Stack","floor":41},{"not_picked":["Steam","Ball Lightning+1"],"picked":"Barrage+1","floor":42},{"not_picked":["Tempest","Melter+1"],"picked":"Buffer","floor":44},{"not_picked":["Go for the Eyes+1","Turbo"],"picked":"Beam Cell+1","floor":45},{"not_picked":["Turbo+1","Ball Lightning"],"picked":"Stack+1","floor":48}],"player_experience":214689,"relics_obtained":[{"floor":8.0,"key":"Matryoshka"},{"floor":9.0,"key":"Regal Pillow"},{"floor":9.0,"key":"Juzu Bracelet"},{"floor":14.0,"key":"Pocketwatch"},{"floor":23.0,"key":"Vajra"},{"floor":25.0,"key":"Orichalcum"},{"floor":25.0,"key":"DataDisk"},{"floor":26.0,"key":"Anchor"},{"floor":29.0,"key":"Bag of Preparation"},{"floor":31.0,"key":"Happy Flower"},{"floor":41,"key":"Smiling Mask"},{"floor":43,"key":"War Paint"},{"floor":44,"key":"Pen Nib"},{"floor":48,"key":"Prayer Wheel"}],"event_choices":[{"damage_healed":0.0,"max_hp_gain":0.0,"max_hp_loss":0.0,"gold_gain":175.0,"event_name":"Liars Game","player_choice":"AGREE","floor":2.0,"gold_loss":0.0,"damage_taken":0.0,"cards_obtained":["Doubt"]},{"damage_healed":0.0,"max_hp_gain":0.0,"max_hp_loss":0.0,"gold_gain":0.0,"event_name":"Big Fish","player_choice":"Box","floor":3.0,"gold_loss":0.0,"damage_taken":0.0,"relics_obtained":["Ancient Tea Set"],"cards_obtained":["Regret"]},{"cards_removed":["Regret"],"damage_healed":0.0,"max_hp_gain":0.0,"max_hp_loss":0.0,"gold_gain":0.0,"event_name":"The Cleric","player_choice":"Card Removal","floor":6.0,"gold_loss":50.0,"damage_taken":0.0},{"damage_healed":0.0,"max_hp_gain":0.0,"max_hp_loss":0.0,"gold_gain":0.0,"event_name":"Lab","player_choice":"Got Potions","floor":7.0,"gold_loss":0.0,"damage_taken":0.0},{"damage_healed":0.0,"max_hp_gain":0.0,"max_hp_loss":0.0,"gold_gain":0.0,"event_name":"Shining Light","player_choice":"Entered Light","floor":12.0,"gold_loss":0.0,"damage_taken":16.0,"cards_upgraded":["Conserve Battery","Redo"]},{"damage_healed":0.0,"max_hp_gain":5.0,"max_hp_loss":0.0,"gold_gain":0.0,"event_name":"Forgotten Altar","player_choice":"Shed Blood","floor":19.0,"gold_loss":0.0,"damage_taken":20.0},{"damage_healed":0.0,"max_hp_gain":0.0,"max_hp_loss":0.0,"gold_gain":0.0,"event_name":"The Library","player_choice":"Read","floor":22.0,"gold_loss":0.0,"damage_taken":0.0,"cards_obtained":["Double Energy"]},{"damage_healed":0.0,"max_hp_gain":0.0,"max_hp_loss":0.0,"gold_gain":0.0,"event_name":"Knowing Skull","player_choice":"","floor":28.0,"potions_obtained":[],"gold_loss":0.0,"damage_taken":8.0,"cards_obtained":[]},{"damage_healed":0,"gold_gain":0,"player_choice":"Upgrade","damage_taken":0,"relics_obtained":["Mark of the Bloom"],"max_hp_gain":0,"max_hp_loss":0,"event_name":"MindBloom","floor":36,"gold_loss":0,"cards_upgraded":["Cold Snap","Stack","Recycle","Skim","Steam Power","White Noise","Gash","Leap","Streamline","Defragment","Loop","Loop","Compile Driver","Recycle","Rip and Tear","Ball Lightning","White Noise","Leap","Compile Driver","Steam","Conserve Battery","Compile Driver","Chaos","Cold Snap","Hello World","Loop","Gash","Conserve Battery","Sunder","Rebound","Sweeping Beam","Barrage","Reprogram","Gash","Beam Cell","Sweeping Beam","Heatsinks","Stack","Chaos","Chill","Fusion","Defragment","Chaos","Chaos","Barrage","Compile Driver","Compile Driver","Turbo","Conserve Battery","Steam Power","Ball Lightning","Go for the Eyes","Go for the Eyes","Stack","Conserve Battery","Glacier","Conserve Battery","Go for the Eyes","Rebound","BootSequence","Self Repair","Gash","Leap","Seek","Hologram","Echo Form","Double Energy","Rebound","Gash","FTL","Stack","Meteor Strike"]},{"cards_removed":["Streamline"],"damage_healed":0,"gold_gain":0,"player_choice":"Removed Attack","damage_taken":0,"max_hp_gain":0,"max_hp_loss":0,"event_name":"Falling","floor":38,"gold_loss":0},{"damage_healed":0,"gold_gain":0,"player_choice":"Memory 1","damage_taken":0,"max_hp_gain":0,"max_hp_loss":0,"event_name":"SensoryStone","floor":39,"gold_loss":0},{"damage_healed":0,"gold_gain":0,"player_choice":"Max HP","damage_taken":0,"max_hp_gain":0,"max_hp_loss":4,"event_name":"Winding Halls","floor":46,"gold_loss":0}],"is_beta":false,"boss_relics":[{"not_picked":["White Beast Statue","Orrery"],"picked":"Fusion Hammer"},{"not_picked":["Tiny House","Empty Cage"],"picked":"Eternal Feather"}],"items_purged_floors":[27],"is_endless":false,"potions_floor_spawned":[5,8,14,20,23,31,41,42,44],"killed_by":"Awakened One","ascension_level":4}