{"gold_per_floor":[119,119,194,194,214,214,247,247,271,296,296,327,327,341,341,439,439,455,455,164,144,158,194,194,194,267,300,323,323,347,363,363,456,456,477,493,307,307,26,61,61,95,95,95,166,166,190,190,190,190],"floor_reached":51,"playtime":2148,"items_purged":["Strike_G","Strike_G"],"score":1491,"play_id":"b69e98fe-29b4-4ef4-95f3-4ca503e149c1","local_time":"20181202001651","is_ascension_mode":true,"campfire_choices":[{"data":"Catalyst","floor":6,"key":"SMITH"},{"data":"Neutralize","floor":8,"key":"SMITH"},{"data":"Corpse Explosion","floor":11,"key":"SMITH"},{"floor":13,"key":"REST"},{"data":"Deadly Poison","floor":15,"key":"SMITH"},{"floor":25,"key":"REST"},{"floor":29,"key":"REST"},{"floor":32,"key":"REST"},{"floor":41,"key":"REST"},{"floor":44,"key":"REST"},{"floor":46,"key":"REST"},{"floor":49,"key":"REST"}],"neow_cost":"NONE","seed_source_timestamp":1575084324639681,"circlet_count":0,"master_deck":["AscendersBane","Defend_G","Defend_G","Defend_G","Defend_G","Defend_G","Strike_G","Strike_G","Survivor","Neutralize+1","Corpse Explosion+1","Catalyst+1","Flechettes","Dodge and Roll","Deflect","PiercingWail","Deadly Poison+1","After Image+1","Cloak And Dagger+1","Deadly Poison","Leg Sweep+1","Die Die Die","Blade Dance+1","Crippling Poison","Dodge and Roll+1","Blur"],"relics":["Ring of the Snake","Golden Idol","Lantern","Pen Nib","Bag of Marbles","Fusion Hammer","Bag of Preparation","Mummified Hand","Ornamental Fan","Du-Vu Doll","Cursed Key","Shuriken","Bottled Flame","Blood Vial","Tiny Chest"],"potions_floor_usage":[12,22,22,22,27,33,50,50],"damage_taken":[{"damage":0,"enemies":"2 Louse","floor":1,"turns":2},{"damage":4,"enemies":"Jaw Worm","floor":5,"turns":4},{"damage":10,"enemies":"3 Sentries","floor":7,"turns":2},{"damage":2,"enemies":"Cultist","floor":10,"turns":4},{"damage":19,"enemies":"Lagavulin","floor":12,"turns":7},{"damage":1,"enemies":"2 Fungi Beasts","floor":14,"turns":3},{"damage":25,"enemies":"Slime Boss","floor":16,"turns":8},{"damage":0,"enemies":"Spheric Guardian","floor":18,"turns":2},{"damage":0,"enemies":"2 Thieves","floor":22,"turns":3},{"damage":2,"enemies":"Slavers","floor":23,"turns":2},{"damage":35,"enemies":"Gremlin Leader","floor":27,"turns":5},{"damage":8,"enemies":"Snake Plant","floor":28,"turns":3},{"damage":0,"enemies":"Centurion and Healer","floor":30,"turns":2},{"damage":11,"enemies":"Shelled Parasite and Fungi","floor":31,"turns":5},{"damage":25,"enemies":"Champ","floor":33,"turns":14},{"damage":0,"enemies":"Orb Walker","floor":35,"turns":2},{"damage":0,"enemies":"3 Darklings","floor":36,"turns":3},{"damage":0,"enemies":"Giant Head","floor":40,"turns":6},{"damage":4,"enemies":"Nemesis","floor":42,"turns":5},{"damage":19,"enemies":"Giant Head","floor":45,"turns":7},{"damage":0,"enemies":"Sphere and 2 Shapes","floor":47,"turns":4},{"damage":6,"enemies":"Awakened One","floor":50,"turns":19}],"seed_played":"8925081180006328079","potions_obtained":[{"floor":10,"key":"SpeedPotion"},{"floor":16,"key":"Fire Potion"},{"floor":21,"key":"EntropicBrew"},{"floor":27,"key":"PowerPotion"},{"floor":30,"key":"Ancient Potion"},{"floor":35,"key":"Weak Potion"},{"floor":42,"key":"Fire Potion"},{"floor":45,"key":"Block Potion"}],"is_trial":false,"path_per_floor":["M","?","?","?","M","R","E","R","T","M","R","E","R","M","R","B",null,"M","?","$","?","M","E","?","R","T","E","M","R","M","M","R","B",null,"M","M","$","?","$","E","R","E","T","R","E","R","M","?","R","B",null],"character_chosen":"THE_SILENT","items_purchased":["Bag of Preparation","Poison Potion","Crippling Poison","Shuriken"],"campfire_rested":8,"item_purchase_floors":[20,20,37,39],"current_hp_per_floor":[59,59,48,48,44,44,34,34,34,32,32,13,31,30,30,5,46,46,46,46,46,46,44,44,60,60,25,17,35,35,24,42,17,49,49,49,49,49,49,49,60,56,56,60,41,59,60,57,57,51],"gold":190,"neow_bonus":"ONE_RANDOM_RARE_CARD","is_prod":false,"is_daily":false,"chose_seed":false,"campfire_upgraded":4,"win_rate":0,"timestamp":1543735011,"path_taken":["M","?","?","?","M","R","E","R","T","M","R","E","R","M","R","BOSS","M","?","$","?","?","E","?","R","T","E","M","R","M","M","R","BOSS","M","M","$","?","$","E","R","E","T","R","E","R","M","?","R","BOSS"],"build_version":"2018-11-15","purchased_purges":2,"victory":true,"max_hp_per_floor":[66,60,60,60,60,60,60,60,60,60,60,60,60,60,60,60,60,60,60,60,60,60,60,60,60,60,60,60,60,60,60,60,60,60,60,60,60,60,60,60,60,60,60,60,60,60,60,57,57,57],"card_choices":[{"not_picked":["Dagger Throw","Poisoned Stab"],"picked":"Catalyst","floor":1},{"not_picked":["Outmaneuver","Infinite Blades","Endless Agony"],"picked":"SKIP","floor":5},{"not_picked":["Sucker Punch","Concentrate"],"picked":"Dodge and Roll","floor":7},{"not_picked":["Backflip","Dagger Throw"],"picked":"Deflect","floor":10},{"not_picked":["Dagger Throw","Infinite Blades"],"picked":"PiercingWail","floor":12},{"not_picked":["Tools of the Trade","Blade Dance"],"picked":"Deadly Poison","floor":14},{"not_picked":["Phantasmal Killer","Adrenaline"],"picked":"After Image","floor":16},{"not_picked":["Dagger Spray","Acrobatics+1","Escape Plan"],"picked":"SKIP","floor":18},{"not_picked":["Reflex","Acrobatics","Expertise"],"picked":"SKIP","floor":22},{"not_picked":["Tactician","Deflect","Predator"],"picked":"SKIP","floor":23},{"not_picked":["Setup+1","PiercingWail"],"picked":"Cloak And Dagger+1","floor":27},{"not_picked":["Acrobatics","Masterful Stab"],"picked":"Deadly Poison","floor":28},{"not_picked":["Blade Dance+1","Die Die Die","Escape Plan"],"picked":"SKIP","floor":30},{"not_picked":["Eviscerate","Flying Knee"],"picked":"Leg Sweep+1","floor":31},{"not_picked":["Unload","Doppelganger"],"picked":"Die Die Die","floor":33},{"not_picked":["Heel Hook","Crippling Poison"],"picked":"Blade Dance+1","floor":35},{"not_picked":["PiercingWail","Underhanded Strike+1","Masterful Stab+1"],"picked":"SKIP","floor":36},{"not_picked":["Venomology","Blade Dance"],"picked":"Dodge and Roll+1","floor":40},{"not_picked":["Crippling Poison","Sucker Punch+1"],"picked":"Blur","floor":42},{"not_picked":["Dagger Spray","Cloak And Dagger","Grand Finale"],"picked":"SKIP","floor":45},{"not_picked":["Sucker Punch","Backflip","Calculated Gamble"],"picked":"SKIP","floor":47}],"player_experience":1150872,"relics_obtained":[{"floor":7,"key":"Lantern"},{"floor":9,"key":"Pen Nib"},{"floor":12,"key":"Bag of Marbles"},{"floor":23,"key":"Mummified Hand"},{"floor":26,"key":"Ornamental Fan"},{"floor":27,"key":"Du-Vu Doll"},{"floor":40,"key":"Bottled Flame"},{"floor":42,"key":"Blood Vial"},{"floor":45,"key":"Tiny Chest"}],"event_choices":[{"damage_healed":0,"gold_gain":0,"player_choice":"Lose Max HP","damage_taken":0,"relics_obtained":["Golden Idol"],"max_hp_gain":0,"max_hp_loss":6,"event_name":"Golden Idol","floor":2,"gold_loss":0},{"damage_healed":0,"gold_gain":75,"player_choice":"Gather Gold","damage_taken":11,"max_hp_gain":0,"max_hp_loss":0,"event_name":"World of Goop","floor":3,"gold_loss":0},{"damage_healed":0,"gold_gain":0,"cards_transformed":["Strike_G"],"player_choice":"Transformed","damage_taken":0,"max_hp_gain":0,"max_hp_loss":0,"event_name":"Transmorgrifier","floor":4,"gold_loss":0,"cards_obtained":["Flechettes"]},{"damage_healed":0,"gold_gain":0,"player_choice":"Ignored","damage_taken":0,"max_hp_gain":0,"max_hp_loss":0,"event_name":"The Mausoleum","floor":19,"gold_loss":0},{"damage_healed":0,"gold_gain":0,"player_choice":"Bought 1 Potion","damage_taken":0,"max_hp_gain":0,"max_hp_loss":0,"event_name":"The Woman in Blue","floor":21,"gold_loss":0},{"damage_healed":0,"gold_gain":0,"player_choice":"Forge","damage_taken":0,"max_hp_gain":0,"max_hp_loss":0,"event_name":"Accursed Blacksmith","floor":24,"gold_loss":0,"cards_upgraded":["After Image"]},{"damage_healed":0,"gold_gain":0,"player_choice":"Ignored","damage_taken":0,"max_hp_gain":0,"max_hp_loss":0,"event_name":"Tomb of Lord Red Mask","floor":38,"gold_loss":0},{"damage_healed":0,"gold_gain":0,"player_choice":"Max HP","damage_taken":0,"max_hp_gain":0,"max_hp_loss":3,"event_name":"Winding Halls","floor":48,"gold_loss":0}],"is_beta":true,"boss_relics":[{"not_picked":["WristBlade","White Beast Statue"],"picked":"Fusion Hammer"},{"not_picked":["Pandora\u0027s Box","Orrery"],"picked":"Cursed Key"}],"items_purged_floors":[20,37],"is_endless":false,"potions_floor_spawned":[10,16,27,30,31,35,42,45],"ascension_level":17}