{"gold_per_floor":[116,134,309,327,327,365,365,405,432,457,457,480,34,55,55,184,184,169,183,183,203,1,42,42,61,88,88,127,127,127,150,150,276,276,292,6,20,43,43,43,76,90,139,139,163,16,16,35,35,35],"floor_reached":50,"playtime":72409,"items_purged":["Strike_G","Doubt","Defend_G"],"score":626,"play_id":"af930cc0-0cda-4679-be4c-69c7d8f7cb1e","local_time":"20190212200554","is_ascension_mode":true,"campfire_choices":[{"data":"Noxious Fumes","floor":7,"key":"SMITH"},{"floor":11,"key":"REST"},{"data":"Leg Sweep","floor":15,"key":"SMITH"},{"data":"Footwork","floor":24,"key":"SMITH"},{"floor":30,"key":"REST"},{"floor":32,"key":"REST"},{"floor":40,"key":"REST"},{"floor":44,"key":"REST"},{"floor":47,"key":"REST"},{"floor":49,"key":"RECALL"}],"neow_cost":"TEN_PERCENT_HP_LOSS","seed_source_timestamp":2045317168511617,"circlet_count":0,"master_deck":["Defend_G","Strike_G","Survivor","Neutralize","PiercingWail","Cloak And Dagger","Noxious Fumes+1","Bane","Acrobatics","Underhanded Strike","Deadly Poison","Noxious Fumes+1","Noxious Fumes","Leg Sweep+1","Sucker Punch","Quick Slash","Adrenaline","Underhanded Strike","Poisoned Stab","Footwork+1","Dagger Throw","Burst","Cloak And Dagger","Flechettes","Catalyst+1","After Image","Venomology","Calculated Gamble+1","Underhanded Strike","Prepared","Discovery","Deadly Poison+1","Slice+1","Sadistic Nature","Finesse","Bouncing Flask","Calculated Gamble","Backflip","Panacea","Acrobatics+1"],"relics":["Ring of the Serpent","Golden Idol","Blood Vial","Bag of Marbles","DollysMirror","Runic Pyramid","Juzu Bracelet","Snake Skull","PreservedInsect","Bottled Tornado","Art of War"],"potions_floor_usage":[14,16,23,25,41,42,42,48,50],"damage_taken":[{"damage":2,"enemies":"Jaw Worm","floor":1,"turns":7},{"damage":0,"enemies":"Small Slimes","floor":2,"turns":4},{"damage":0,"enemies":"2 Louse","floor":4,"turns":4},{"damage":15,"enemies":"3 Sentries","floor":6,"turns":10},{"damage":14,"enemies":"Lagavulin","floor":8,"turns":10},{"damage":1,"enemies":"Red Slaver","floor":10,"turns":5},{"damage":0,"enemies":"3 Louse","floor":12,"turns":4},{"damage":3,"enemies":"Gremlin Gang","floor":14,"turns":5},{"damage":25,"enemies":"Hexaghost","floor":16,"turns":8},{"damage":14,"enemies":"2 Thieves","floor":18,"turns":4},{"damage":2,"enemies":"Chosen","floor":19,"turns":5},{"damage":4,"enemies":"Centurion and Healer","floor":21,"turns":6},{"damage":12,"enemies":"Book of Stabbing","floor":23,"turns":8},{"damage":3,"enemies":"Chosen and Byrds","floor":25,"turns":5},{"damage":30,"enemies":"Slavers","floor":28,"turns":7},{"damage":5,"enemies":"Cultist and Chosen","floor":31,"turns":4},{"damage":20,"enemies":"Automaton","floor":33,"turns":6},{"damage":22,"enemies":"Orb Walker","floor":35,"turns":4},{"damage":15,"enemies":"3 Darklings","floor":37,"turns":5},{"damage":23,"enemies":"4 Shapes","floor":38,"turns":3},{"damage":1,"enemies":"Nemesis","floor":41,"turns":5},{"damage":11,"enemies":"Transient","floor":42,"turns":5},{"damage":26,"enemies":"Sphere and 2 Shapes","floor":45,"turns":3},{"damage":14,"enemies":"4 Shapes","floor":48,"turns":4},{"damage":14,"enemies":"Donu and Deca","floor":50,"turns":1}],"seed_played":"3223093615944988999","potions_obtained":[{"floor":2,"key":"Strength Potion"},{"floor":6,"key":"AttackPotion"},{"floor":8,"key":"Fire Potion"},{"floor":16,"key":"SteroidPotion"},{"floor":19,"key":"EssenceOfSteel"},{"floor":21,"key":"Swift Potion"},{"floor":23,"key":"Weak Potion"},{"floor":33,"key":"SteroidPotion"},{"floor":37,"key":"GhostInAJar"},{"floor":42,"key":"Weak Potion"},{"floor":45,"key":"SpeedPotion"}],"is_trial":false,"path_per_floor":["M","M","?","M","?","E","R","E","T","M","R","M","$","M","R","B",null,"M","M","?","M","$","E","R","M","T","?","E","?","R","M","R","B",null,"M","$","M","M","?","R","E","M","T","R","M","$","R","M","R","B"],"character_chosen":"THE_SILENT","items_purchased":["DollysMirror","Noxious Fumes","Leg Sweep","Sucker Punch","Footwork","Dagger Throw","Underhanded Strike","Prepared","Discovery","Backflip","Panacea"],"campfire_rested":6,"item_purchase_floors":[13,13,13,13,22,22,36,36,36,46,46],"current_hp_per_floor":[61,61,61,61,46,31,31,19,19,20,38,40,40,39,39,16,63,49,49,49,47,47,37,37,36,36,36,8,8,26,23,41,23,63,41,41,28,7,2,20,21,12,12,30,6,6,24,12,12,0],"gold":35,"neow_bonus":"REMOVE_TWO","is_prod":false,"is_daily":false,"chose_seed":false,"campfire_upgraded":3,"win_rate":0,"timestamp":1550001954,"path_taken":["M","M","?","M","?","E","R","E","T","M","R","M","$","M","R","BOSS","M","M","?","M","$","E","R","M","T","?","E","?","R","M","R","BOSS","M","$","M","M","?","R","E","M","T","R","M","$","R","M","R","BOSS"],"build_version":"2019-01-23","purchased_purges":3,"victory":false,"max_hp_per_floor":[63,63,63,63,63,63,63,63,63,63,63,63,63,63,63,63,63,63,63,63,63,63,63,63,63,63,63,63,63,63,63,63,63,63,63,63,63,63,63,63,63,63,63,63,63,63,63,63,63,63],"card_choices":[{"not_picked":["Quick Slash","Underhanded Strike"],"picked":"PiercingWail","floor":1},{"not_picked":["Bane","Deflect"],"picked":"Cloak And Dagger","floor":2},{"not_picked":["Finisher","All Out Attack"],"picked":"Noxious Fumes","floor":4},{"not_picked":["Storm of Steel","Venomology"],"picked":"Bane","floor":6},{"not_picked":["Slice","Dodge and Roll"],"picked":"Acrobatics","floor":8},{"not_picked":["Heel Hook","Dagger Throw"],"picked":"Underhanded Strike","floor":10},{"not_picked":["Finisher","Bane"],"picked":"Deadly Poison","floor":12},{"not_picked":["Underhanded Strike","Slice"],"picked":"Quick Slash","floor":14},{"not_picked":["Envenom","Die Die Die"],"picked":"Adrenaline","floor":16},{"not_picked":["Tactician","Backstab"],"picked":"Underhanded Strike","floor":18},{"not_picked":["Dash","Quick Slash"],"picked":"Poisoned Stab","floor":19},{"not_picked":["Expertise+1","Caltrops","Blade Dance"],"picked":"SKIP","floor":21},{"not_picked":["Cloak And Dagger+1","Prepared"],"picked":"Burst","floor":23},{"not_picked":["Choke","Distraction","Dagger Spray"],"picked":"SKIP","floor":25},{"not_picked":["Distraction","A Thousand Cuts"],"picked":"Catalyst+1","floor":28},{"not_picked":["Eviscerate+1","PiercingWail+1","Slice"],"picked":"SKIP","floor":31},{"not_picked":["Unload","Doppelganger"],"picked":"Venomology","floor":33},{"not_picked":["Flying Knee+1","Deflect"],"picked":"Calculated Gamble+1","floor":35},{"not_picked":["Cloak And Dagger","Poisoned Stab"],"picked":"Deadly Poison+1","floor":37},{"not_picked":["Reflex","Cloak And Dagger"],"picked":"Slice+1","floor":38},{"not_picked":["Enlightenment","Swift Strike"],"picked":"Sadistic Nature","floor":39},{"not_picked":["Transmutation","Forethought"],"picked":"Finesse","floor":39},{"not_picked":["Dagger Spray","Infinite Blades+1"],"picked":"Bouncing Flask","floor":41},{"not_picked":["Acrobatics","Distraction","Dash"],"picked":"SKIP","floor":42},{"not_picked":["Distraction","Bane"],"picked":"Calculated Gamble","floor":45},{"not_picked":["Sucker Punch","Escape Plan+1"],"picked":"Acrobatics+1","floor":48}],"player_experience":546353,"relics_obtained":[{"floor":6,"key":"Blood Vial"},{"floor":8,"key":"Bag of Marbles"},{"floor":23,"key":"Juzu Bracelet"},{"floor":26,"key":"Snake Skull"},{"floor":28,"key":"PreservedInsect"},{"floor":41,"key":"Bottled Tornado"},{"floor":43,"key":"Art of War"}],"event_choices":[{"damage_healed":0,"gold_gain":175,"player_choice":"AGREE","damage_taken":0,"max_hp_gain":0,"max_hp_loss":0,"event_name":"Liars Game","floor":3,"gold_loss":0,"cards_obtained":["Doubt"]},{"damage_healed":0,"gold_gain":0,"player_choice":"Take Damage","damage_taken":15,"relics_obtained":["Golden Idol"],"max_hp_gain":0,"max_hp_loss":0,"event_name":"Golden Idol","floor":5,"gold_loss":0},{"cards_removed":["Strike_G"],"damage_healed":0,"gold_gain":0,"player_choice":"Purged","damage_taken":0,"max_hp_gain":0,"max_hp_loss":0,"event_name":"Purifier","floor":20,"gold_loss":0},{"damage_healed":0,"gold_gain":0,"cards_transformed":["Defend_G","Defend_G"],"player_choice":"Became Test Subject","damage_taken":0,"max_hp_gain":0,"max_hp_loss":0,"event_name":"Drug Dealer","floor":27,"gold_loss":0,"cards_obtained":["Cloak And Dagger","Flechettes"]},{"damage_healed":0,"gold_gain":0,"cards_transformed":["Defend_G"],"player_choice":"Transformed","damage_taken":0,"max_hp_gain":0,"max_hp_loss":0,"event_name":"Transmorgrifier","floor":29,"gold_loss":0,"cards_obtained":["After Image"]},{"damage_healed":0,"gold_gain":0,"player_choice":"Memory 2","damage_taken":5,"max_hp_gain":0,"max_hp_loss":0,"event_name":"SensoryStone","floor":39,"gold_loss":0}],"is_beta":false,"boss_relics":[{"not_picked":["Cursed Key","Ectoplasm"],"picked":"Runic Pyramid"},{"not_picked":["Lizard Tail","WristBlade"],"picked":"Ring of the Serpent"}],"items_purged_floors":[13,22,36],"is_endless":false,"potions_floor_spawned":[2,6,8,16,19,21,23,33,37,42,45],"killed_by":"Donu and Deca","ascension_level":1}