{"gold_per_floor":[116,132,149,25,100,100,150,176,176,210,210,210,225,254,254,328,328,343,343,343,169,188,188,223,223,223,242,257,34,48,61,61,135,135,148,148,148,164,54,54,89,89,159,177,177,52,77,90,90,90],"floor_reached":51,"playtime":6571,"items_purged":["Strike_B","Decay","Strike_B"],"score":1216,"play_id":"f94e83c4-e92e-4fd4-ae47-2099341eea77","local_time":"20190219182821","is_ascension_mode":true,"campfire_choices":[{"floor":6.0,"key":"REST"},{"floor":12.0,"key":"REST"},{"floor":15,"key":"REST"},{"floor":23,"key":"REST"},{"floor":25,"key":"REST"},{"floor":32,"key":"REST"},{"floor":40,"key":"RECALL"},{"floor":42,"key":"REST"},{"floor":45,"key":"REST"},{"floor":49,"key":"REST"}],"neow_cost":"NONE","seed_source_timestamp":81513193284404,"circlet_count":0,"master_deck":["AscendersBane","Strike_B","Strike_B","Defend_B","Defend_B","Defend_B","Zap","Dualcast+1","Sweeping Beam","Leap","Conserve Battery","Ball Lightning","Reinforced Body","Streamline+1","Coolheaded","Machine Learning+1","Ball Lightning+1","RitualDagger+1","Glacier","Doom and Gloom+1","Seek","Static Discharge+1","Defragment+1","Fission","Discovery","Capacitor+1","Buffer+1"],"special_seed":0,"relics":["Cracked Core","Pocketwatch","Gambling Chip","Molten Egg 2","Frozen Egg 2","Fusion Hammer","Blood Vial","Bird Faced Urn","Orichalcum","Snecko Eye","Lantern","Meat on the Bone","Centennial Puzzle"],"potions_floor_usage":[14,14,16,16,27,30,31,38,41,41,48],"damage_taken":[{"damage":0.0,"enemies":"Small Slimes","floor":1.0,"turns":2.0},{"damage":3.0,"enemies":"2 Louse","floor":2.0,"turns":2.0},{"damage":4.0,"enemies":"Cultist","floor":3.0,"turns":3.0},{"damage":45.0,"enemies":"Lagavulin","floor":8.0,"turns":8.0},{"damage":18.0,"enemies":"3 Sentries","floor":10.0,"turns":6.0},{"damage":0.0,"enemies":"Blue Slaver","floor":11.0,"turns":2.0},{"damage":1.0,"enemies":"3 Louse","floor":13.0,"turns":2.0},{"damage":16,"enemies":"Gremlin Nob","floor":14,"turns":3},{"damage":9,"enemies":"The Guardian","floor":16,"turns":12},{"damage":24,"enemies":"2 Thieves","floor":18,"turns":4},{"damage":11,"enemies":"Spheric Guardian","floor":22,"turns":4},{"damage":33,"enemies":"Book of Stabbing","floor":24,"turns":9},{"damage":21,"enemies":"Centurion and Healer","floor":27,"turns":6},{"damage":5,"enemies":"3 Cultists","floor":28,"turns":5},{"damage":9,"enemies":"Snake Plant","floor":30,"turns":5},{"damage":3,"enemies":"Centurion and Healer","floor":31,"turns":6},{"damage":29,"enemies":"Collector","floor":33,"turns":16},{"damage":0,"enemies":"Orb Walker","floor":35,"turns":3},{"damage":8,"enemies":"3 Shapes","floor":38,"turns":6},{"damage":69,"enemies":"Reptomancer","floor":41,"turns":7},{"damage":15,"enemies":"Jaw Worm Horde","floor":44,"turns":4},{"damage":62,"enemies":"Nemesis","floor":47,"turns":7},{"damage":0,"enemies":"Spire Growth","floor":48,"turns":4},{"damage":27,"enemies":"Donu and Deca","floor":50,"turns":13}],"seed_played":"5085705408668317102","potions_obtained":[{"floor":8.0,"key":"SmokeBomb"},{"floor":10.0,"key":"EntropicBrew"},{"floor":14,"key":"Block Potion"},{"floor":22,"key":"Ancient Potion"},{"floor":24,"key":"PowerPotion"},{"floor":30,"key":"PowerPotion"},{"floor":33,"key":"GamblersBrew"},{"floor":35,"key":"Weak Potion"},{"floor":38,"key":"Fire Potion"},{"floor":47,"key":"Swift Potion"}],"is_trial":false,"path_per_floor":["M","M","M","$","?","R","?","E","T","E","M","R","M","E","R","B",null,"M","?","?","$","M","R","E","R","T","M","M","$","M","M","R","B",null,"M","?","?","M","?","R","E","R","T","M","R","$","E","M","R","B",null],"character_chosen":"DEFECT","items_purchased":["Conserve Battery","Glacier","Static Discharge+1","Orichalcum"],"campfire_rested":9,"item_purchase_floors":[4,21,29,29],"current_hp_per_floor":[64,61,57,57,46,67,67,22,22,4,4,25,24,8,29,20,58,34,28,28,28,17,38,5,26,26,9,8,8,5,12,33,12,56,64,64,64,70,70,70,8,29,29,34,55,55,15,31,52,61],"gold":90,"neow_bonus":"THREE_CARDS","is_prod":false,"is_daily":false,"chose_seed":false,"campfire_upgraded":0,"win_rate":0,"timestamp":1550622501,"path_taken":["M","M","M","$","?","R","?","E","T","E","M","R","?","E","R","BOSS","M","?","?","$","M","R","E","R","T","M","M","$","M","M","R","BOSS","M","?","?","M","?","R","E","R","T","M","R","$","E","?","R","BOSS"],"build_version":"2019-01-23","purchased_purges":3,"victory":true,"max_hp_per_floor":[71,71,71,71,71,71,71,71,71,71,71,71,71,71,71,71,71,71,71,71,71,71,71,71,71,71,71,71,71,71,71,71,71,71,71,71,71,71,71,71,71,71,71,71,71,71,71,71,71,71],"card_choices":[{"not_picked":["Rebound","Double Energy"],"picked":"Go for the Eyes","floor":0.0},{"not_picked":["Beam Cell","Rebound"],"picked":"Sweeping Beam","floor":1.0},{"not_picked":["Double Energy","Barrage","Streamline"],"picked":"SKIP","floor":2.0},{"not_picked":["Rebound","Heatsinks"],"picked":"Leap","floor":3.0},{"not_picked":["Leap","Hologram"],"picked":"Ball Lightning","floor":8.0},{"not_picked":["Double Energy","Darkness"],"picked":"Reinforced Body","floor":10.0},{"not_picked":["Chaos","Heatsinks"],"picked":"Streamline+1","floor":13.0},{"not_picked":["All For One+1","Multi-Cast"],"picked":"Coolheaded","floor":14},{"not_picked":["Meteor Strike+1","Amplify"],"picked":"Machine Learning+1","floor":16},{"not_picked":["Leap","Rebound+1"],"picked":"Ball Lightning+1","floor":18},{"not_picked":["Go for the Eyes+1","Scrape+1"],"picked":"Doom and Gloom+1","floor":22},{"not_picked":["Gash+1","Undo"],"picked":"Seek","floor":24},{"not_picked":["Coolheaded","Genetic Algorithm","Go for the Eyes+1"],"picked":"SKIP","floor":27},{"not_picked":["Streamline+1","Turbo","Stack+1"],"picked":"SKIP","floor":28},{"not_picked":["Static Discharge+1","Beam Cell+1"],"picked":"Defragment+1","floor":30},{"not_picked":["Coolheaded","Machine Learning+1","Rebound+1"],"picked":"SKIP","floor":31},{"not_picked":["Seek","Thunder Strike+1"],"picked":"Fission","floor":33},{"not_picked":["Undo","Streamline+1","Barrage+1"],"picked":"SKIP","floor":35},{"not_picked":["Good Instincts","Metamorphosis"],"picked":"Discovery","floor":36},{"not_picked":["Stack","Ball Lightning+1"],"picked":"Capacitor+1","floor":38},{"not_picked":["Compile Driver+1","Coolheaded","Reinforced Body+1"],"picked":"SKIP","floor":41},{"not_picked":["Hologram","Conserve Battery","Leap+1"],"picked":"SKIP","floor":44},{"not_picked":["FTL+1","Fission"],"picked":"Buffer+1","floor":47},{"not_picked":["Conserve Battery","Steam Power","Compile Driver+1"],"picked":"SKIP","floor":48}],"player_experience":447384,"relics_obtained":[{"floor":8.0,"key":"Pocketwatch"},{"floor":9.0,"key":"Gambling Chip"},{"floor":10.0,"key":"Molten Egg 2"},{"floor":14,"key":"Frozen Egg 2"},{"floor":24,"key":"Blood Vial"},{"floor":26,"key":"Bird Faced Urn"},{"floor":41,"key":"Lantern"},{"floor":43,"key":"Meat on the Bone"},{"floor":47,"key":"Centennial Puzzle"}],"event_choices":[{"damage_healed":0.0,"max_hp_gain":0.0,"max_hp_loss":0.0,"gold_gain":75.0,"event_name":"World of Goop","player_choice":"Gather Gold","floor":5.0,"gold_loss":0.0,"damage_taken":11.0},{"damage_healed":0.0,"max_hp_gain":0.0,"max_hp_loss":0.0,"gold_gain":50.0,"event_name":"Golden Shrine","player_choice":"Pray","floor":7.0,"gold_loss":0.0,"damage_taken":0.0},{"damage_healed":0,"gold_gain":0,"player_choice":"Joined the Cult","damage_taken":6,"max_hp_gain":0,"max_hp_loss":0,"event_name":"Nest","floor":19,"gold_loss":0,"cards_obtained":["RitualDagger"]},{"damage_healed":0,"gold_gain":0,"player_choice":"Smashed Altar","damage_taken":0,"max_hp_gain":0,"max_hp_loss":0,"event_name":"Forgotten Altar","floor":20,"gold_loss":0,"cards_obtained":["Decay"]},{"damage_healed":0,"gold_gain":0,"player_choice":"Memory 1","damage_taken":0,"max_hp_gain":0,"max_hp_loss":0,"event_name":"SensoryStone","floor":36,"gold_loss":0},{"cards_removed":["Go for the Eyes"],"damage_healed":0,"gold_gain":0,"player_choice":"Removed Attack","damage_taken":0,"max_hp_gain":0,"max_hp_loss":0,"event_name":"Falling","floor":37,"gold_loss":0},{"cards_removed":["Defend_B"],"damage_healed":0,"gold_gain":0,"player_choice":"Upgrade and Remove","damage_taken":0,"max_hp_gain":0,"max_hp_loss":0,"event_name":"Designer","floor":39,"gold_loss":110,"cards_upgraded":["Dualcast"]}],"is_beta":false,"boss_relics":[{"not_picked":["Velvet Choker","Calling Bell"],"picked":"Fusion Hammer"},{"not_picked":["Empty Cage","Philosopher\u0027s Stone"],"picked":"Snecko Eye"}],"items_purged_floors":[4,21,46],"is_endless":false,"potions_floor_spawned":[8,10,11,14,22,24,30,33,35,38,47],"ascension_level":15}