{"gold_per_floor":[113,125,225,100,113,113,128,128,151,151,181,181,240,263,275,391,403,425,471,493,160,178,178,191,66,66,82,22,22,35,35,35,140,140,157,104,123,140,362,362],"floor_reached":40,"playtime":1518,"items_purged":["Defend_B","Strike_B","Strike_B"],"score":432,"play_id":"9dddde89-8997-4d10-8e53-c12babe1a437","local_time":"20190213203251","is_ascension_mode":true,"campfire_choices":[{"data":"Zap","floor":8,"key":"SMITH"},{"data":"Coolheaded","floor":10,"key":"SMITH"},{"data":"Dualcast","floor":12,"key":"SMITH"},{"floor":15,"key":"REST"},{"floor":23,"key":"REST"},{"data":"Go for the Eyes","floor":29,"key":"SMITH"},{"floor":32,"key":"REST"}],"neow_cost":"NONE","seed_source_timestamp":5946688318361,"circlet_count":0,"master_deck":["Defend_B","Defend_B","Zap+1","Dualcast+1","Coolheaded+1","Ball Lightning","Gash","Blizzard","Go for the Eyes+1","Coolheaded+1","Gash"],"relics":["Cracked Core","NeowsBlessing","Vajra","Blood Vial","Regal Pillow","MawBank","Philosopher\u0027s Stone","Red Mask","MealTicket","Frozen Egg 2","Black Star"],"potions_floor_usage":[11,20,38],"damage_taken":[{"damage":0,"enemies":"Small Slimes","floor":1,"turns":1},{"damage":0,"enemies":"Cultist","floor":2,"turns":1},{"damage":0,"enemies":"2 Louse","floor":5,"turns":1},{"damage":3,"enemies":"Looter","floor":7,"turns":3},{"damage":16,"enemies":"3 Sentries","floor":11,"turns":7},{"damage":4,"enemies":"Gremlin Nob","floor":13,"turns":3},{"damage":1,"enemies":"Exordium Wildlife","floor":14,"turns":3},{"damage":20,"enemies":"Slime Boss","floor":16,"turns":8},{"damage":4,"enemies":"Spheric Guardian","floor":18,"turns":3},{"damage":54,"enemies":"Masked Bandits","floor":19,"turns":5},{"damage":0,"enemies":"Chosen","floor":20,"turns":4},{"damage":25,"enemies":"Snake Plant","floor":22,"turns":4},{"damage":10,"enemies":"Centurion and Healer","floor":24,"turns":6},{"damage":12,"enemies":"Sentry and Sphere","floor":27,"turns":4},{"damage":3,"enemies":"Snecko","floor":30,"turns":4},{"damage":69,"enemies":"Champ","floor":33,"turns":12},{"damage":30,"enemies":"3 Darklings","floor":35,"turns":6},{"damage":4,"enemies":"Orb Walker","floor":37,"turns":3},{"damage":21,"enemies":"3 Darklings","floor":38,"turns":5},{"damage":56,"enemies":"Giant Head","floor":40,"turns":8}],"seed_played":"-2634321957392302445","potions_obtained":[{"floor":1,"key":"Fire Potion"},{"floor":13,"key":"Regen Potion"},{"floor":14,"key":"SpeedPotion"},{"floor":16,"key":"FearPotion"},{"floor":22,"key":"Weak Potion"}],"is_trial":false,"path_per_floor":["M","M","?","$","M","?","M","R","T","R","E","R","?","M","R","B",null,"M","?","M","$","M","R","M","$","T","M","?","R","M","?","R","B",null,"M","$","M","M","?","E"],"character_chosen":"DEFECT","items_purchased":["Coolheaded","Gash","MealTicket","Gash"],"campfire_rested":3,"item_purchase_floors":[4,21,21,36],"current_hp_per_floor":[75,75,75,75,75,50,47,47,47,47,33,33,31,32,69,51,75,71,19,30,30,7,44,36,51,51,41,41,41,40,40,75,6,75,45,60,58,39,39,0],"gold":362,"neow_bonus":"THREE_ENEMY_KILL","is_prod":false,"is_daily":false,"chose_seed":false,"campfire_upgraded":4,"win_rate":0,"timestamp":1550097171,"path_taken":["M","M","?","$","?","?","M","R","T","R","E","R","?","M","R","BOSS","M","?","M","$","M","R","M","$","T","M","?","R","?","?","R","BOSS","M","$","?","M","?","E"],"build_version":"2019-01-23","purchased_purges":3,"victory":false,"max_hp_per_floor":[75,75,75,75,75,75,75,75,75,75,75,75,75,75,75,75,75,75,75,75,75,75,75,75,75,75,75,75,75,75,75,75,75,75,75,75,75,75,75,75],"card_choices":[{"not_picked":["Doom and Gloom","FTL","Chaos"],"picked":"SKIP","floor":1},{"not_picked":["Barrage","Leap","Streamline"],"picked":"SKIP","floor":2},{"not_picked":["Go for the Eyes","Rebound","BootSequence"],"picked":"SKIP","floor":5},{"not_picked":["Beam Cell","Compile Driver","Redo"],"picked":"SKIP","floor":7},{"not_picked":["Sweeping Beam","Chill","Fusion"],"picked":"SKIP","floor":11},{"not_picked":["Barrage","Beam Cell"],"picked":"Ball Lightning","floor":14},{"not_picked":["Compile Driver","Conserve Battery","Barrage"],"picked":"SKIP","floor":18},{"not_picked":["BootSequence","Leap","Electrodynamics"],"picked":"SKIP","floor":20},{"not_picked":["Redo","Ball Lightning","Streamline"],"picked":"SKIP","floor":22},{"not_picked":["Loop","Rebound","BootSequence"],"picked":"SKIP","floor":24},{"not_picked":["Redo+1","Fusion","Sunder"],"picked":"SKIP","floor":27},{"not_picked":["Sweeping Beam","Leap+1","Rip and Tear"],"picked":"SKIP","floor":30},{"not_picked":["Compile Driver","Streamline"],"picked":"Coolheaded+1","floor":35},{"not_picked":["Go for the Eyes+1","Ball Lightning","Stack+1"],"picked":"SKIP","floor":37},{"not_picked":["Rebound+1","Sunder","BootSequence+1"],"picked":"SKIP","floor":38}],"player_experience":325149,"relics_obtained":[{"floor":9,"key":"Blood Vial"},{"floor":11,"key":"Regal Pillow"},{"floor":13,"key":"MawBank"},{"floor":19,"key":"Red Mask"},{"floor":26,"key":"Frozen Egg 2"}],"event_choices":[{"damage_healed":0,"gold_gain":100,"player_choice":"Gold","damage_taken":0,"max_hp_gain":0,"max_hp_loss":0,"event_name":"Wheel of Change","floor":3,"gold_loss":0},{"damage_healed":0,"gold_gain":0,"player_choice":"Success","damage_taken":25,"relics_obtained":["Vajra"],"max_hp_gain":0,"max_hp_loss":0,"event_name":"Scrap Ooze","floor":6,"gold_loss":0},{"damage_healed":0,"gold_gain":0,"player_choice":"Searched \u00272\u0027 times","damage_taken":0,"max_hp_gain":0,"max_hp_loss":0,"event_name":"Dead Adventurer","floor":13,"gold_loss":0},{"damage_healed":0,"gold_gain":0,"player_choice":"Fought Bandits","damage_taken":0,"max_hp_gain":0,"max_hp_loss":0,"event_name":"Masked Bandits","floor":19,"gold_loss":0},{"damage_healed":0,"gold_gain":0,"cards_transformed":["Strike_B","Defend_B"],"player_choice":"Transformed Cards","damage_taken":0,"max_hp_gain":0,"max_hp_loss":0,"event_name":"Designer","floor":28,"gold_loss":60,"cards_obtained":["Blizzard","Go for the Eyes"]},{"cards_removed":["Strike_B"],"damage_healed":0,"gold_gain":0,"player_choice":"Offered Basic","damage_taken":0,"max_hp_gain":0,"max_hp_loss":0,"event_name":"Bonfire Elementals","floor":31,"gold_loss":0},{"damage_healed":0,"gold_gain":222,"player_choice":"Wore Mask","damage_taken":0,"max_hp_gain":0,"max_hp_loss":0,"event_name":"Tomb of Lord Red Mask","floor":39,"gold_loss":0}],"is_beta":false,"boss_relics":[{"not_picked":["Eternal Feather","FrozenCore"],"picked":"Philosopher\u0027s Stone"},{"not_picked":["Runic Dome","Tiny House"],"picked":"Black Star"}],"items_purged_floors":[4,21,25],"is_endless":false,"potions_floor_spawned":[1,13,14,16,18,22],"killed_by":"Giant Head","ascension_level":1}