{"gold_per_floor":[109,184,149,160,160,160,187,187,187,16,26,26,55,55,55,127,127,147,147,62,48,48,78,78,103,115,153,182,194,223,99,99,176,176,191,202,212,12,32,60,114,114,189,202,227,227,261,279,279,279],"floor_reached":51,"playtime":2648,"items_purged":["Strike_B","Defend_B","Defend_B"],"score":1539,"play_id":"55869380-503f-4384-b585-77e8c6c80cda","local_time":"20180806140910","is_ascension_mode":true,"campfire_choices":[{"data":"Leap","floor":6,"key":"SMITH"},{"data":"Defragment","floor":8,"key":"SMITH"},{"data":"Defragment","floor":12,"key":"SMITH"},{"data":"Cold Snap","floor":15,"key":"SMITH"},{"data":"Streamline","floor":24,"key":"SMITH"},{"data":"Hologram","floor":29,"key":"SMITH"},{"data":"Ball Lightning","floor":32,"key":"SMITH"},{"data":"Consume","floor":42,"key":"SMITH"},{"data":"White Noise","floor":46,"key":"SMITH"},{"data":"Blizzard","floor":49,"key":"SMITH"}],"neow_cost":"NONE","seed_source_timestamp":1050609071344801,"circlet_count":0,"master_deck":["Defend_B","Defend_B","Zap+1","Dualcast","AscendersBane","Leap+1","Gash","Defragment+1","Defragment+1","Cold Snap+1","Glacier","Glacier","Amplify","Go for the Eyes+1","Heatsinks+1","Static Discharge+1","Streamline+1","Hologram+1","Undo+1","BootSequence","Compile Driver+1","Ball Lightning+1","White Noise+1","Electrodynamics","Heatsinks+1","FTL+1","Echo Form","Ball Lightning","Consume+1","Force Field","White Noise","Blizzard+1"],"relics":["Cracked Core","Sundial","Smiling Mask","Thread and Needle","Astrolabe","Mummified Hand","Shuriken","MawBank","Mango","Meat on the Bone","Inserter","Ornamental Fan","Turnip","Gremlin Horn","Du-Vu Doll","Shovel"],"potions_floor_usage":[7,13,13,23,25,36,50,50],"damage_taken":[{"damage":2,"enemies":"2 Louse","floor":1,"turns":2},{"damage":0,"enemies":"Jaw Worm","floor":4,"turns":3},{"damage":10,"enemies":"3 Sentries","floor":7,"turns":9},{"damage":0,"enemies":"Small Slimes","floor":11,"turns":3},{"damage":9,"enemies":"Gremlin Nob","floor":13,"turns":4},{"damage":0,"enemies":"Slime Boss","floor":16,"turns":13},{"damage":0,"enemies":"Shell Parasite","floor":18,"turns":16},{"damage":0,"enemies":"2 Thieves","floor":21,"turns":4},{"damage":20,"enemies":"Slavers","floor":23,"turns":7},{"damage":15,"enemies":"Gremlin Leader","floor":25,"turns":13},{"damage":23,"enemies":"Slavers","floor":27,"turns":5},{"damage":0,"enemies":"Snecko","floor":28,"turns":6},{"damage":0,"enemies":"Snake Plant","floor":30,"turns":5},{"damage":6,"enemies":"Champ","floor":33,"turns":11},{"damage":0,"enemies":"Flame Bruiser 1 Orb","floor":35,"turns":4},{"damage":0,"enemies":"3 Darklings","floor":36,"turns":4},{"damage":0,"enemies":"Sphere and 2 Shapes","floor":37,"turns":5},{"damage":10,"enemies":"Flame Bruiser 2 Orb","floor":39,"turns":5},{"damage":0,"enemies":"2 Orb Walkers","floor":40,"turns":4},{"damage":0,"floor":41,"turns":6},{"damage":9,"enemies":"Transient","floor":44,"turns":5},{"damage":0,"enemies":"Giant Head","floor":45,"turns":9},{"damage":22,"enemies":"Nemesis","floor":47,"turns":7},{"damage":0,"enemies":"Maw","floor":48,"turns":5},{"damage":9,"enemies":"Donu and Deca","floor":50,"turns":4}],"seed_played":"-3814678685701055366","potions_obtained":[{"floor":1,"key":"GamblersBrew"},{"floor":7,"key":"LiquidBronze"},{"floor":11,"key":"SteroidPotion"},{"floor":18,"key":"Ancient Potion"},{"floor":21,"key":"Weak Potion"},{"floor":23,"key":"Explosive Potion"},{"floor":27,"key":"Block Potion"},{"floor":30,"key":"Strength Potion"},{"floor":39,"key":"SpeedPotion"},{"floor":47,"key":"Explosive Potion"}],"is_trial":false,"path_per_floor":["M","?","?","M","?","R","E","R","T","$","M","R","E","?","R","B",null,"M","?","?","M","?","E","R","E","T","E","M","R","M","$","R","B",null,"M","M","M","$","M","E","?","R","T","M","E","R","E","M","R","B"],"character_chosen":"DEFECT","items_purchased":["Defragment","Cold Snap","Ball Lightning","White Noise","Echo Form"],"campfire_rested":0,"item_purchase_floors":[10,10,31,31,38],"current_hp_per_floor":[62,51,68,68,68,68,58,58,58,58,58,58,49,71,71,71,71,71,71,71,71,71,51,51,36,50,27,39,39,51,51,51,45,75,75,75,75,75,65,65,65,65,65,56,56,56,46,46,46,49],"gold":279,"neow_bonus":"UPGRADE_CARD","is_prod":false,"is_daily":false,"chose_seed":false,"campfire_upgraded":10,"win_rate":0,"timestamp":1533586150,"path_taken":["M","?","?","?","?","R","E","R","T","$","M","R","E","?","R","BOSS","M","?","?","M","?","E","R","E","T","E","M","R","M","$","R","BOSS","M","M","?","$","M","E","?","R","T","M","E","R","E","M","R","BOSS"],"build_version":"2018-08-01","purchased_purges":3,"victory":true,"max_hp_per_floor":[71,71,71,71,71,71,71,71,71,71,71,71,71,71,71,71,71,71,71,71,71,71,71,71,71,85,85,85,85,85,85,85,85,85,85,85,85,85,85,85,85,85,85,85,85,85,85,85,85,85],"card_choices":[{"not_picked":["White Noise","Stack"],"picked":"Leap","floor":1},{"not_picked":["Leap","Stack"],"picked":"Gash","floor":4},{"not_picked":["Compile Driver","Beam Cell"],"picked":"Defragment","floor":7},{"not_picked":["Steam","Thunder Strike"],"picked":"Glacier","floor":11},{"not_picked":["Steam Power","Auto Shields"],"picked":"Glacier","floor":13},{"not_picked":["Reboot","Buffer"],"picked":"Amplify","floor":16},{"not_picked":["Turbo","Rip and Tear","Hello World"],"picked":"SKIP","floor":18},{"not_picked":["Genetic Algorithm","Barrage"],"picked":"Streamline","floor":21},{"not_picked":["Go for the Eyes","Genetic Algorithm","Streamline"],"picked":"SKIP","floor":23},{"not_picked":["Redo","Beam Cell"],"picked":"Hologram","floor":25},{"not_picked":["Leap","Coolheaded"],"picked":"Undo+1","floor":27},{"not_picked":["Stack","Recycle"],"picked":"BootSequence","floor":28},{"not_picked":["Steam","Stack"],"picked":"Compile Driver+1","floor":30},{"not_picked":["Rainbow","Thunder Strike"],"picked":"Electrodynamics","floor":33},{"not_picked":["Turbo","Rebound","Leap"],"picked":"SKIP","floor":35},{"not_picked":["Genetic Algorithm+1","Conserve Battery+1"],"picked":"Heatsinks+1","floor":36},{"not_picked":["Turbo","Hello World"],"picked":"FTL+1","floor":37},{"not_picked":["Steam","Chaos"],"picked":"Ball Lightning","floor":39},{"not_picked":["Coolheaded+1","Aggregate+1","Fission"],"picked":"SKIP","floor":40},{"not_picked":["Go for the Eyes","Cold Snap"],"picked":"Consume","floor":41},{"not_picked":["Leap","Hello World"],"picked":"Force Field","floor":44},{"not_picked":["Multi-Cast","Darkness","Self Repair"],"picked":"SKIP","floor":45},{"not_picked":["Genetic Algorithm","Self Repair"],"picked":"White Noise","floor":47},{"not_picked":["Barrage+1","Compile Driver"],"picked":"Blizzard","floor":48}],"player_experience":953927,"relics_obtained":[{"floor":7,"key":"Sundial"},{"floor":9,"key":"Smiling Mask"},{"floor":13,"key":"Thread and Needle"},{"floor":23,"key":"Shuriken"},{"floor":25,"key":"MawBank"},{"floor":26,"key":"Mango"},{"floor":27,"key":"Meat on the Bone"},{"floor":40,"key":"Ornamental Fan"},{"floor":41,"key":"Turnip"},{"floor":43,"key":"Gremlin Horn"},{"floor":45,"key":"Du-Vu Doll"},{"floor":47,"key":"Shovel"}],"event_choices":[{"event_name":"World of Goop","player_choice":"Gather Gold","floor":2,"damage_taken":0},{"event_name":"The Cleric","player_choice":"Healed","floor":3,"damage_taken":0},{"event_name":"Liars Game","player_choice":"disagreed","floor":5,"damage_taken":0},{"event_name":"Big Fish","player_choice":"Banana","floor":14,"damage_taken":0},{"event_name":"Ghosts","player_choice":"Ignored","floor":19,"damage_taken":0},{"event_name":"Addict","player_choice":"Obtained Relic","floor":20,"damage_taken":0},{"event_name":"Drug Dealer","player_choice":"Ignored","floor":22,"damage_taken":0},{"event_name":"Mysterious Sphere","player_choice":"Fight","floor":41,"damage_taken":0}],"is_beta":true,"boss_relics":[{"not_picked":["Eternal Feather","Lizard Tail"],"picked":"Astrolabe"},{"not_picked":["Velvet Choker","Black Star"],"picked":"Inserter"}],"items_purged_floors":[10,31,38],"is_endless":false,"potions_floor_spawned":[1,7,11,18,21,23,27,30,39,41,47],"ascension_level":15}