{"gold_per_floor":[20,20,295,80,96,130,130,156,156,191,191,191,76,89,89,188,188,176,24,24,41,4,31,31,62,62,62,0,16,33,60,60,161,161,181,0,12,12,12,12,24,24,51,51,77,96,131,160,172,184],"floor_reached":50,"playtime":4401,"items_purged":["Regret"],"score":828,"play_id":"7c15fc1e-bd1d-4f13-9c69-13dfe71941f2","local_time":"20190208191646","is_ascension_mode":true,"campfire_choices":[{"floor":7,"key":"REST"},{"floor":12,"key":"REST"},{"floor":15,"key":"REST"},{"floor":24,"key":"REST"},{"floor":27,"key":"REST"},{"floor":32,"key":"REST"},{"floor":40,"key":"REST"},{"floor":44,"key":"REST"},{"floor":49,"key":"REST"}],"neow_cost":"NO_GOLD","seed_source_timestamp":373912256464615,"circlet_count":0,"master_deck":["Defend_G","Defend_G","Defend_G","Defend_G","Defend_G","Strike_G","Survivor","Neutralize+1","Footwork","Bouncing Flask","Skewer","Blur","Caltrops","Backflip+1","Noxious Fumes","Noxious Fumes","Leg Sweep","Corpse Explosion","Crippling Poison+1","Night Terror","Backflip","Dodge and Roll","Caltrops","Dodge and Roll","Blur+1","Outmaneuver+1","Catalyst+1","Outmaneuver+1","Enlightenment+1","Escape Plan+1","Madness+1","Madness+1","Dodge and Roll+1","PiercingWail+1","Adrenaline+1","Tactician+1"],"relics":["Ring of the Serpent","Dodecahedron","Orichalcum","Bottled Lightning","Omamori","Molten Egg 2","Runic Pyramid","PreservedInsect","Turnip","Art of War","Toxic Egg 2","Vajra","Red Mask","Ninja Scroll","Juzu Bracelet","Sundial","MawBank"],"potions_floor_usage":[8,10,16,18,25,46,46,47,48],"damage_taken":[{"damage":0,"enemies":"2 Louse","floor":1,"turns":3},{"damage":2,"enemies":"Jaw Worm","floor":5,"turns":4},{"damage":16,"enemies":"3 Sentries","floor":6,"turns":14},{"damage":13,"enemies":"Lagavulin","floor":8,"turns":7},{"damage":20,"enemies":"Gremlin Nob","floor":10,"turns":5},{"damage":0,"enemies":"Cultist","floor":14,"turns":5},{"damage":3,"enemies":"The Guardian","floor":16,"turns":11},{"damage":8,"enemies":"2 Thieves","floor":18,"turns":4},{"damage":1,"enemies":"Spheric Guardian","floor":21,"turns":7},{"damage":21,"enemies":"Book of Stabbing","floor":23,"turns":7},{"damage":53,"enemies":"Slavers","floor":25,"turns":4},{"damage":2,"enemies":"Snecko","floor":29,"turns":8},{"damage":0,"enemies":"Centurion and Healer","floor":30,"turns":7},{"damage":11,"enemies":"Collector","floor":33,"turns":6},{"damage":12,"enemies":"3 Darklings","floor":35,"turns":4},{"damage":1,"enemies":"Orb Walker","floor":37,"turns":6},{"damage":12,"enemies":"4 Shapes","floor":41,"turns":7},{"damage":5,"enemies":"Giant Head","floor":45,"turns":8},{"damage":25,"enemies":"3 Darklings","floor":46,"turns":4},{"damage":30,"enemies":"Reptomancer","floor":47,"turns":8},{"damage":14,"enemies":"Jaw Worm Horde","floor":48,"turns":5},{"damage":51,"enemies":"Time Eater","floor":50,"turns":8}],"seed_played":"6257371149625336637","potions_obtained":[{"floor":1,"key":"Energy Potion"},{"floor":8,"key":"SteroidPotion"},{"floor":10,"key":"AttackPotion"},{"floor":16,"key":"SteroidPotion"},{"floor":23,"key":"SteroidPotion"},{"floor":30,"key":"SpeedPotion"},{"floor":33,"key":"Regen Potion"},{"floor":41,"key":"Block Potion"},{"floor":45,"key":"GhostInAJar"},{"floor":46,"key":"SteroidPotion"}],"is_trial":false,"path_per_floor":["M","?","?","$","M","E","R","E","T","E","?","R","$","M","R","B",null,"M","$","?","M","$","E","R","E","T","R","?","M","M","T","R","B",null,"M","?","M","?","?","R","M","?","T","R","E","M","E","M","R","B"],"character_chosen":"THE_SILENT","items_purchased":["Blur","Caltrops","Regen Potion","Noxious Fumes","PreservedInsect","Caltrops"],"campfire_rested":9,"item_purchase_floors":[4,4,13,13,19,22],"current_hp_per_floor":[63,56,56,56,54,38,59,46,46,26,12,33,33,33,54,51,65,57,57,57,56,56,35,56,12,12,33,33,31,31,31,52,41,63,51,51,50,50,50,70,58,49,49,70,65,52,22,8,29,0],"gold":184,"neow_bonus":"TRANSFORM_TWO_CARDS","is_prod":false,"is_daily":false,"chose_seed":false,"campfire_upgraded":0,"win_rate":0,"timestamp":1549631806,"path_taken":["M","?","?","$","?","E","R","E","T","E","?","R","?","M","R","BOSS","M","?","?","M","$","E","R","E","T","R","?","?","?","?","R","BOSS","M","?","M","?","?","R","?","?","T","R","E","M","E","M","R","BOSS"],"build_version":"2019-01-23","purchased_purges":1,"victory":false,"max_hp_per_floor":[70,70,70,70,70,70,70,70,70,70,70,70,70,70,70,70,70,70,70,70,70,70,70,70,70,70,70,70,70,70,70,70,70,70,70,70,70,70,70,70,70,70,70,70,70,70,70,70,70,70],"card_choices":[{"not_picked":["Accuracy","Deadly Poison"],"picked":"Skewer","floor":1},{"not_picked":["Eviscerate","Quick Slash"],"picked":"Backflip","floor":5},{"not_picked":["Blade Dance","Underhanded Strike","Deadly Poison"],"picked":"SKIP","floor":6},{"not_picked":["Eviscerate","Leg Sweep"],"picked":"Noxious Fumes","floor":8},{"not_picked":["Eviscerate","Dagger Spray","Prepared"],"picked":"SKIP","floor":10},{"not_picked":["Predator+1","Bouncing Flask"],"picked":"Leg Sweep","floor":14},{"not_picked":["Phantasmal Killer","Malaise"],"picked":"Corpse Explosion","floor":16},{"not_picked":["PiercingWail","Escape Plan"],"picked":"Crippling Poison+1","floor":18},{"not_picked":["All Out Attack+1","Reflex+1"],"picked":"Dodge and Roll","floor":21},{"not_picked":["Masterful Stab+1","Underhanded Strike+1"],"picked":"Dodge and Roll","floor":23},{"not_picked":["Acrobatics","Bane+1"],"picked":"Blur+1","floor":25},{"not_picked":["Sucker Punch+1","All Out Attack+1"],"picked":"Outmaneuver+1","floor":29},{"not_picked":["Backstab+1","Cloak And Dagger+1"],"picked":"Catalyst+1","floor":30},{"not_picked":["Dagger Spray+1","Crippling Poison+1","Riddle With Holes+1"],"picked":"SKIP","floor":35},{"not_picked":["Quick Slash+1","Dagger Throw+1"],"picked":"Outmaneuver+1","floor":37},{"not_picked":["Dark Shackles+1","Sadistic Nature"],"picked":"Enlightenment+1","floor":38},{"not_picked":["Poisoned Stab+1","Concentrate+1"],"picked":"Escape Plan+1","floor":41},{"not_picked":["Underhanded Strike+1","Bane+1"],"picked":"Dodge and Roll+1","floor":45},{"not_picked":["Endless Agony+1","Crippling Poison+1"],"picked":"PiercingWail+1","floor":46},{"not_picked":["Eviscerate+1","Riddle With Holes+1"],"picked":"Adrenaline+1","floor":47},{"not_picked":["Bane+1","Blade Dance+1"],"picked":"Tactician+1","floor":48}],"player_experience":765706,"relics_obtained":[{"floor":6,"key":"Orichalcum"},{"floor":8,"key":"Bottled Lightning"},{"floor":9,"key":"Omamori"},{"floor":10,"key":"Molten Egg 2"},{"floor":23,"key":"Turnip"},{"floor":25,"key":"Art of War"},{"floor":26,"key":"Toxic Egg 2"},{"floor":31,"key":"Vajra"},{"floor":39,"key":"Ninja Scroll"},{"floor":43,"key":"Juzu Bracelet"},{"floor":45,"key":"Sundial"},{"floor":47,"key":"MawBank"}],"event_choices":[{"damage_healed":0,"gold_gain":0,"player_choice":"Success","damage_taken":7,"relics_obtained":["Dodecahedron"],"max_hp_gain":0,"max_hp_loss":0,"event_name":"Scrap Ooze","floor":2,"gold_loss":0},{"damage_healed":0,"gold_gain":275,"player_choice":"Desecrate","damage_taken":0,"max_hp_gain":0,"max_hp_loss":0,"event_name":"Golden Shrine","floor":3,"gold_loss":0,"cards_obtained":["Regret"]},{"damage_healed":0,"gold_gain":0,"player_choice":"Entered Light","damage_taken":14,"max_hp_gain":0,"max_hp_loss":0,"event_name":"Shining Light","floor":11,"gold_loss":0,"cards_upgraded":["Backflip","Neutralize"]},{"damage_healed":0,"gold_gain":0,"cards_transformed":["Strike_G","Strike_G"],"player_choice":"Became Test Subject","damage_taken":0,"max_hp_gain":0,"max_hp_loss":0,"event_name":"Drug Dealer","floor":20,"gold_loss":0,"cards_obtained":["Night Terror","Backflip"]},{"damage_healed":0,"gold_gain":0,"player_choice":"Paid Fearfully","damage_taken":0,"max_hp_gain":0,"max_hp_loss":0,"event_name":"Masked Bandits","floor":28,"gold_loss":62},{"damage_healed":0,"gold_gain":0,"player_choice":"Paid","damage_taken":0,"relics_obtained":["Red Mask"],"max_hp_gain":0,"max_hp_loss":0,"event_name":"Tomb of Lord Red Mask","floor":36,"gold_loss":181},{"damage_healed":0,"gold_gain":0,"player_choice":"Memory 1","damage_taken":0,"max_hp_gain":0,"max_hp_loss":0,"event_name":"SensoryStone","floor":38,"gold_loss":0},{"damage_healed":0,"gold_gain":0,"player_choice":"Relic","damage_taken":0,"max_hp_gain":0,"max_hp_loss":0,"event_name":"Wheel of Change","floor":39,"gold_loss":0},{"damage_healed":0,"gold_gain":0,"player_choice":"Embrace Madness","damage_taken":9,"max_hp_gain":0,"max_hp_loss":0,"event_name":"Winding Halls","floor":42,"gold_loss":0,"cards_obtained":["Madness","Madness"]}],"is_beta":false,"boss_relics":[{"not_picked":["White Beast Statue","WristBlade"],"picked":"Runic Pyramid"},{"not_picked":["Fusion Hammer","Eternal Feather"],"picked":"Ring of the Serpent"}],"items_purged_floors":[4],"is_endless":false,"potions_floor_spawned":[1,8,10,16,23,30,33,37,41,45,46],"killed_by":"Time Eater","ascension_level":6}