{"gold_per_floor":[113,126,301,301,321,346,346,362,415,32,32,48,48,81,81,183,183,202,202,1,1,13,25,62,84,181,193,221,57,85,125,125,222,222,236,115,130,57,75,75,95,95,176,206,224,259,277,277,277,277],"floor_reached":51,"playtime":3683,"items_purged":["Strike_B","Defend_B","Regret","Decay"],"score":790,"play_id":"43cf81e2-34a6-4e28-8396-093c21c37ff5","local_time":"20190124185230","is_ascension_mode":true,"campfire_choices":[{"data":"Tempest","floor":7,"key":"SMITH"},{"data":"Jack Of All Trades","floor":11,"key":"SMITH"},{"data":"Storm","floor":13,"key":"SMITH"},{"data":"Seek","floor":15,"key":"SMITH"},{"data":"Storm","floor":23,"key":"SMITH"},{"floor":27,"key":"REST"},{"floor":32,"key":"REST"},{"data":"Echo Form","floor":40,"key":"SMITH"},{"data":"Amplify","floor":42,"key":"SMITH"},{"floor":49,"key":"REST"}],"neow_cost":"TEN_PERCENT_HP_LOSS","seed_source_timestamp":100188847527433,"circlet_count":0,"master_deck":["Defend_B","Defend_B","Defend_B","Zap","Dualcast","Echo Form+1","Defragment","Cold Snap","Tempest+1","Cold Snap","Coolheaded","Coolheaded","Sadistic Nature","Jack Of All Trades+1","Storm+1","Coolheaded","Seek+1","Amplify","Storm+1","Redo","Consume","Force Field","Blizzard+1","Capacitor","Hologram","Loop+1","Stack","Electrodynamics","Creative AI","Parasite","Steam Power+1","Glacier","Amplify+1","Conserve Battery","Reinforced Body+1","BootSequence","Redo+1","Double Energy+1","Defragment+1","Static Discharge+1","Storm+1","Aggregate"],"relics":["Cracked Core","Bottled Lightning","Smiling Mask","Dream Catcher","Nuclear Battery","StoneCalendar","Chemical X","MawBank","Blood Vial","Tiny Chest","Ornamental Fan","Calling Bell","Ancient Tea Set","Matryoshka","Bird Faced Urn","Orichalcum","Meat on the Bone","Bag of Marbles","Letter Opener"],"potions_floor_usage":[6,6,16,30,30,33,39],"damage_taken":[{"damage":12,"enemies":"Small Slimes","floor":1,"turns":3},{"damage":9,"enemies":"2 Louse","floor":2,"turns":3},{"damage":0,"enemies":"Cultist","floor":5,"turns":3},{"damage":11,"enemies":"3 Sentries","floor":6,"turns":7},{"damage":0,"enemies":"2 Fungi Beasts","floor":8,"turns":4},{"damage":4,"enemies":"Lots of Slimes","floor":12,"turns":4},{"damage":1,"enemies":"Lagavulin","floor":14,"turns":7},{"damage":14,"enemies":"Hexaghost","floor":16,"turns":10},{"damage":10,"enemies":"Shell Parasite","floor":18,"turns":3},{"damage":44,"enemies":"Slavers","floor":24,"turns":7},{"damage":6,"enemies":"3 Byrds","floor":25,"turns":3},{"damage":11,"enemies":"Centurion and Healer","floor":28,"turns":7},{"damage":19,"enemies":"Book of Stabbing","floor":30,"turns":5},{"damage":0,"enemies":"Snake Plant","floor":31,"turns":2},{"damage":18,"enemies":"Collector","floor":33,"turns":5},{"damage":21,"enemies":"3 Shapes","floor":35,"turns":3},{"damage":16,"enemies":"3 Darklings","floor":37,"turns":2},{"damage":30,"enemies":"Writhing Mass","floor":39,"turns":5},{"damage":7,"enemies":"Sphere and 2 Shapes","floor":41,"turns":3},{"damage":23,"enemies":"Reptomancer","floor":44,"turns":6},{"damage":10,"enemies":"Jaw Worm Horde","floor":45,"turns":2},{"damage":46,"enemies":"Nemesis","floor":46,"turns":7},{"damage":11,"enemies":"Writhing Mass","floor":47,"turns":4},{"damage":52,"enemies":"Time Eater","floor":50,"turns":6}],"seed_played":"-7602988720670657183","potions_obtained":[{"floor":2,"key":"SkillPotion"},{"floor":5,"key":"FocusPotion"},{"floor":8,"key":"LiquidBronze"},{"floor":25,"key":"Poison Potion"},{"floor":28,"key":"FearPotion"},{"floor":30,"key":"Fire Potion"},{"floor":37,"key":"Weak Potion"},{"floor":46,"key":"Explosive Potion"}],"is_trial":false,"path_per_floor":["M","M","?","?","M","E","R","M","T","$","R","M","R","E","R","B",null,"M","?","$","T","?","R","E","M","T","R","M","$","E","M","R","B",null,"M","$","M","$","M","R","M","R","T","E","M","E","M","?","R","B",null],"character_chosen":"DEFECT","items_purchased":["Sadistic Nature","Jack Of All Trades","Storm","Chemical X","Capacitor","Hologram","Glacier","Conserve Battery"],"campfire_rested":3,"item_purchase_floors":[10,10,10,20,29,29,36,38],"current_hp_per_floor":[56,47,47,47,47,36,36,36,36,36,36,32,32,31,31,17,68,58,58,58,58,58,58,14,10,10,30,21,21,4,6,26,10,68,47,47,41,41,25,25,32,32,32,35,45,37,46,46,66,42],"gold":277,"neow_bonus":"TRANSFORM_TWO_CARDS","is_prod":false,"is_daily":false,"chose_seed":false,"campfire_upgraded":7,"win_rate":0,"timestamp":1548352350,"path_taken":["M","M","?","?","M","E","R","M","T","$","R","M","R","E","R","BOSS","M","?","$","?","?","R","E","M","T","R","?","?","E","M","R","BOSS","M","$","M","$","M","R","M","R","T","E","M","E","M","?","R","BOSS"],"build_version":"2019-01-23","purchased_purges":4,"victory":true,"max_hp_per_floor":[68,68,68,68,68,68,68,68,68,68,68,68,68,68,68,68,68,68,68,68,68,68,68,68,68,68,68,68,68,68,68,68,68,68,68,68,68,68,68,68,68,68,68,68,68,68,68,68,68,68],"card_choices":[{"not_picked":["Scrape","Double Energy"],"picked":"Cold Snap","floor":1},{"not_picked":["Gash","Undo"],"picked":"Rebound","floor":2},{"not_picked":["Compile Driver","Reinforced Body"],"picked":"Cold Snap","floor":5},{"not_picked":["Stack","Go for the Eyes"],"picked":"Coolheaded","floor":6},{"not_picked":["Turbo","Rebound"],"picked":"Coolheaded","floor":8},{"not_picked":["Auto Shields","Compile Driver"],"picked":"Coolheaded","floor":12},{"not_picked":["Hello World","Tempest"],"picked":"Seek","floor":14},{"not_picked":["Echo Form","Biased Cognition"],"picked":"Amplify","floor":16},{"not_picked":["Stack","Auto Shields+1"],"picked":"Storm","floor":18},{"not_picked":["Turbo","Stack"],"picked":"Redo","floor":24},{"not_picked":["Sunder","Scrape+1"],"picked":"Consume","floor":25},{"not_picked":["Stack+1","Rebound"],"picked":"Force Field","floor":27},{"not_picked":["Sweeping Beam","Consume"],"picked":"Blizzard+1","floor":28},{"not_picked":["FTL","Streamline"],"picked":"Loop+1","floor":30},{"not_picked":["Barrage","Redo"],"picked":"Stack","floor":31},{"not_picked":["Recycle","Blizzard"],"picked":"Electrodynamics","floor":32},{"not_picked":["Amplify","Meteor Strike"],"picked":"Creative AI","floor":33},{"not_picked":["Cold Snap","Beam Cell"],"picked":"Steam Power+1","floor":35},{"not_picked":["Rebound+1","Skim"],"picked":"Amplify","floor":37},{"not_picked":["Barrage","Skim"],"picked":"Reinforced Body+1","floor":39},{"not_picked":["Streamline+1","Sweeping Beam"],"picked":"BootSequence","floor":41},{"not_picked":["Gash","Auto Shields+1"],"picked":"Redo+1","floor":44},{"not_picked":["Barrage+1","Coolheaded+1"],"picked":"Double Energy+1","floor":45},{"not_picked":["Cold Snap+1","Sweeping Beam+1"],"picked":"Defragment+1","floor":46},{"not_picked":["Chaos+1","Chill+1"],"picked":"Static Discharge+1","floor":47},{"not_picked":["Coolheaded+1","Gash"],"picked":"Aggregate","floor":49}],"player_experience":39070,"relics_obtained":[{"floor":6,"key":"Bottled Lightning"},{"floor":9,"key":"Smiling Mask"},{"floor":14,"key":"Dream Catcher"},{"floor":21,"key":"MawBank"},{"floor":24,"key":"Blood Vial"},{"floor":26,"key":"Tiny Chest"},{"floor":30,"key":"Ornamental Fan"},{"floor":34,"key":"Ancient Tea Set"},{"floor":34,"key":"Matryoshka"},{"floor":34,"key":"Bird Faced Urn"},{"floor":43,"key":"Orichalcum"},{"floor":43,"key":"Meat on the Bone"},{"floor":44,"key":"Bag of Marbles"},{"floor":46,"key":"Letter Opener"}],"event_choices":[{"damage_healed":0,"gold_gain":175,"player_choice":"AGREE","damage_taken":0,"max_hp_gain":0,"max_hp_loss":0,"event_name":"Liars Game","floor":3,"gold_loss":0,"cards_obtained":["Doubt"]},{"damage_healed":0,"gold_gain":0,"cards_transformed":["Strike_B"],"player_choice":"Change","damage_taken":0,"max_hp_gain":0,"max_hp_loss":0,"event_name":"Living Wall","floor":4,"gold_loss":0,"cards_obtained":["Tempest"]},{"cards_removed":["Rebound"],"damage_healed":0,"gold_gain":0,"player_choice":"Gave Card","damage_taken":0,"relics_obtained":["StoneCalendar"],"max_hp_gain":0,"max_hp_loss":0,"event_name":"WeMeetAgain","floor":19,"gold_loss":0},{"cards_removed":["Doubt"],"damage_healed":0,"gold_gain":0,"player_choice":"Purged","damage_taken":0,"max_hp_gain":0,"max_hp_loss":0,"event_name":"Purifier","floor":22,"gold_loss":0},{"damage_healed":0,"gold_gain":0,"player_choice":"Copied","damage_taken":0,"max_hp_gain":0,"max_hp_loss":0,"event_name":"Duplicator","floor":48,"gold_loss":0,"cards_obtained":["Storm"]}],"is_beta":false,"boss_relics":[{"not_picked":["Orrery","Velvet Choker"],"picked":"Nuclear Battery"},{"not_picked":["Eternal Feather","Cursed Key"],"picked":"Calling Bell"}],"items_purged_floors":[10,29,36,38],"is_endless":false,"potions_floor_spawned":[2,5,8,25,28,30,37,46],"ascension_level":1}