{"gold_per_floor":[218,168,181,181,181,224,224,239,239,116,116,116,141,155,155,285,285,305,305,326,345,119,119,48,62,62,81,147,147,22,38,38,158,158,176,190,0,0,77,117,133,133,179,179,217,217,217,67,67,67],"floor_reached":50,"playtime":3751,"items_purged":["Strike_G","Strike_G","Strike_G","Strike_G"],"score":518,"play_id":"84cbe638-2d98-4f59-aa24-9c8282a83a47","local_time":"20181013193711","is_ascension_mode":false,"campfire_choices":[{"data":"Terror","floor":7,"key":"SMITH"},{"data":"Blade Dance","floor":12,"key":"SMITH"},{"data":"Neutralize","floor":15,"key":"SMITH"},{"data":"Noxious Fumes","floor":23,"key":"SMITH"},{"floor":29,"key":"REST"},{"floor":32,"key":"REST"},{"data":"Adrenaline","floor":42,"key":"SMITH"},{"data":"Backflip","floor":44,"key":"SMITH"},{"floor":49,"key":"REST"}],"neow_cost":"NONE","seed_source_timestamp":13781358608598,"circlet_count":0,"master_deck":["Defend_G","Defend_G","Survivor","Neutralize+1","PiercingWail","Terror+1","All Out Attack","Blade Dance+1","Flying Knee+1","Underhanded Strike+1","Dagger Spray+1","Burst","Flying Knee+1","Quick Slash+1","Infinite Blades+1","Noxious Fumes+1","Bane+1","Endless Agony+1","Poisoned Stab+1","Finisher+1","Backflip+1","After Image","Blade Dance+1","Dagger Throw+1","Adrenaline+1","Backflip+1","Skewer+1","Bane+1","Finisher+1"],"relics":["Ring of the Snake","Golden Idol","Incense Burner","Kunai","Molten Egg 2","Lizard Tail","Question Card","Tiny Chest","White Beast Statue","Red Mask","Letter Opener","Gremlin Horn","Bag of Preparation","Dream Catcher","Thread and Needle"],"potions_floor_usage":[16,16,27,33,33,33,36,40,40,41,50,50,50],"damage_taken":[{"damage":0,"enemies":"2 Louse","floor":1,"turns":3},{"damage":0,"enemies":"Jaw Worm","floor":3,"turns":4},{"damage":15,"enemies":"Gremlin Nob","floor":6,"turns":5},{"damage":1,"enemies":"Small Slimes","floor":8,"turns":2},{"damage":0,"enemies":"3 Louse","floor":13,"turns":2},{"damage":0,"enemies":"2 Fungi Beasts","floor":14,"turns":3},{"damage":16,"enemies":"The Guardian","floor":16,"turns":11},{"damage":4,"enemies":"3 Byrds","floor":18,"turns":5},{"damage":4,"enemies":"2 Thieves","floor":20,"turns":3},{"damage":22,"enemies":"Snecko","floor":21,"turns":4},{"damage":5,"enemies":"Centurion and Healer","floor":25,"turns":4},{"damage":22,"enemies":"Snake Plant","floor":27,"turns":5},{"damage":2,"enemies":"Gremlin Leader","floor":28,"turns":5},{"damage":3,"enemies":"Snecko","floor":31,"turns":3},{"damage":45,"enemies":"Champ","floor":33,"turns":8},{"damage":10,"enemies":"Orb Walker","floor":35,"turns":4},{"damage":6,"enemies":"3 Darklings","floor":36,"turns":5},{"damage":20,"enemies":"Nemesis","floor":40,"turns":7},{"damage":38,"enemies":"4 Shapes","floor":41,"turns":4},{"damage":20,"enemies":"2 Orb Walkers","floor":45,"turns":5},{"damage":0,"enemies":"Mind Bloom Boss Battle","floor":47,"turns":3},{"damage":38,"enemies":"Awakened One","floor":50,"turns":11}],"seed_played":"-2704490861230505468","potions_obtained":[{"floor":6,"key":"FearPotion"},{"floor":13,"key":"Fire Potion"},{"floor":14,"key":"Weak Potion"},{"floor":20,"key":"SpeedPotion"},{"floor":21,"key":"Block Potion"},{"floor":25,"key":"EntropicBrew"},{"floor":35,"key":"Weak Potion"},{"floor":36,"key":"Poison Potion"},{"floor":40,"key":"Swift Potion"},{"floor":41,"key":"SpeedPotion"},{"floor":45,"key":"PowerPotion"},{"floor":47,"key":"Block Potion"}],"is_trial":false,"path_per_floor":["M","?","M","?","?","E","R","M","T","$","?","R","M","M","R","B",null,"M","?","M","M","$","R","$","M","T","M","E","R","$","M","R","B",null,"M","M","?","$","T","E","M","R","T","R","E","?","?","$","R"],"character_chosen":"THE_SILENT","items_purchased":["Blade Dance","Noxious Fumes","Bane+1","Endless Agony+1"],"campfire_rested":3,"item_purchase_floors":[10,22,22,24],"current_hp_per_floor":[70,70,70,53,50,35,35,34,34,34,34,34,34,34,34,18,70,66,66,62,40,40,40,40,35,35,13,11,32,32,29,50,5,70,60,54,54,54,54,34,34,34,34,34,14,14,14,14,35,0],"gold":67,"neow_bonus":"HUNDRED_GOLD","is_prod":false,"is_daily":false,"chose_seed":false,"campfire_upgraded":6,"win_rate":0,"timestamp":1539470231,"path_taken":["M","?","M","?","?","E","R","M","T","$","?","R","M","?","R","BOSS","M","?","?","M","$","R","?","M","T","M","E","R","$","M","R","BOSS","M","?","?","$","?","E","M","R","T","R","E","?","?","$","R","BOSS"],"build_version":"2018-10-11","purchased_purges":4,"victory":false,"max_hp_per_floor":[70,70,70,70,70,70,70,70,70,70,70,70,70,70,70,70,70,70,70,70,70,70,70,70,70,70,70,70,70,70,70,70,70,70,70,70,70,70,70,70,70,70,70,70,70,70,70,70,70,70],"card_choices":[{"not_picked":["Deadly Poison","Riddle With Holes"],"picked":"PiercingWail","floor":1},{"not_picked":["Outmaneuver","Quick Slash"],"picked":"Terror","floor":3},{"not_picked":["Slice","Heel Hook"],"picked":"All Out Attack","floor":6},{"not_picked":["Deadly Poison","Slice","Reflex"],"picked":"SKIP","floor":8},{"not_picked":["All Out Attack+1","Calculated Gamble"],"picked":"Underhanded Strike+1","floor":13},{"not_picked":["Blade Dance","Unload+1"],"picked":"Dagger Spray+1","floor":14},{"not_picked":["Bullet Time","Unload+1"],"picked":"Burst","floor":16},{"not_picked":["Leg Sweep","PiercingWail"],"picked":"Flying Knee+1","floor":18},{"not_picked":["Deflect","Blade Dance","Quick Slash+1"],"picked":"SKIP","floor":20},{"not_picked":["Eviscerate+1","Crippling Poison+1"],"picked":"Infinite Blades+1","floor":21},{"not_picked":["Reflex+1","Choke+1","Deadly Poison"],"picked":"SKIP","floor":25},{"not_picked":["Flechettes+1","Slice+1","Distraction"],"picked":"Poisoned Stab+1","floor":27},{"not_picked":["All Out Attack+1","Quick Slash+1","Leg Sweep"],"picked":"Finisher+1","floor":28},{"not_picked":["PiercingWail","Bane+1","Slice+1"],"picked":"Backflip","floor":31},{"not_picked":["Night Terror","Malaise","Bullet Time"],"picked":"After Image","floor":33},{"not_picked":["Infinite Blades+1","Dodge and Roll+1","Poisoned Stab+1"],"picked":"Blade Dance+1","floor":35},{"not_picked":["Slice+1","Blade Dance+1","Underhanded Strike+1"],"picked":"Dagger Throw+1","floor":36},{"not_picked":["Riddle With Holes+1","Noxious Fumes","Dodge and Roll+1"],"picked":"Adrenaline","floor":40},{"not_picked":["Dagger Spray+1","Expertise","Quick Slash+1"],"picked":"Backflip+1","floor":41},{"not_picked":["Slice+1","Underhanded Strike+1","PiercingWail"],"picked":"Skewer+1","floor":45},{"not_picked":["Deflect","Blade Dance+1","Dagger Throw+1"],"picked":"Bane+1","floor":47},{"not_picked":["Infinite Blades+1","Caltrops+1","Quick Slash+1"],"picked":"Finisher+1","floor":49}],"player_experience":46713,"relics_obtained":[{"floor":6,"key":"Kunai"},{"floor":9,"key":"Molten Egg 2"},{"floor":26,"key":"Question Card"},{"floor":28,"key":"Tiny Chest"},{"floor":39,"key":"Letter Opener"},{"floor":40,"key":"Gremlin Horn"},{"floor":43,"key":"Bag of Preparation"},{"floor":45,"key":"Dream Catcher"},{"floor":47,"key":"Thread and Needle"}],"event_choices":[{"event_name":"The Cleric","player_choice":"Card Removal","floor":2,"damage_taken":0},{"event_name":"Golden Idol","player_choice":"Take Damage","floor":4,"damage_taken":0},{"event_name":"Scrap Ooze","player_choice":"success","floor":5,"damage_taken":3},{"event_name":"Transmorgrifier","player_choice":"Transform","floor":11,"damage_taken":0},{"event_name":"Transmorgrifier","player_choice":"Transform","floor":19,"damage_taken":0},{"event_name":"Tomb of Lord Red Mask","player_choice":"Paid","floor":37,"damage_taken":0},{"event_name":"Falling","player_choice":"Removed Skill","floor":46,"damage_taken":0},{"event_name":"MindBloom","player_choice":"Fight","floor":47,"damage_taken":0}],"is_beta":false,"boss_relics":[{"not_picked":["Sozu","Ring of the Serpent"],"picked":"Lizard Tail"},{"not_picked":["Coffee Dripper","Philosopher\u0027s Stone"],"picked":"White Beast Statue"}],"items_purged_floors":[10,22,30,48],"is_endless":false,"potions_floor_spawned":[6,13,14,20,21,25,35,36,40,41,45,47],"killed_by":"Awakened One","ascension_level":0}