{"gold_per_floor":[114,126,143,157,172,201,201,9,9,40,52,71,143,157,157,258,258,272,286,286,36,51,51,66,94,145,157,157,188,207,223,223,324,324,341,341,360,24,41,41,0,10,10,36,36,51,80,92,92,92,92,92,16,42,42],"floor_reached":56,"playtime":3995,"items_purged":["Strike_G","Strike_G","Defend_G"],"score":1322,"play_id":"ec5afdca-ec93-4fb0-85f0-726f9625d106","local_time":"20181120164650","is_ascension_mode":true,"campfire_choices":[{"floor":7.0,"key":"REST"},{"floor":15.0,"key":"REST"},{"data":"Footwork","floor":23.0,"key":"SMITH"},{"data":"Leg Sweep","floor":28.0,"key":"SMITH"},{"floor":32.0,"key":"REST"},{"floor":40.0,"key":"RECALL"},{"data":"1","floor":45.0,"key":"LIFT"},{"floor":49.0,"key":"REST"},{"data":"2","floor":52.0,"key":"LIFT"}],"neow_cost":"NONE","seed_source_timestamp":23304196772498,"circlet_count":0,"master_deck":["Defend_G","Defend_G","Defend_G","Defend_G","Strike_G","Strike_G","Strike_G","Survivor","Neutralize","Blade Dance","Sucker Punch","Quick Slash","Backflip","Slice","Leg Sweep+1","Accuracy","Backstab","Die Die Die","Terror+1","Footwork+1","Blade Dance+1","Adrenaline+1","Noxious Fumes+1","Bullet Time+1","Footwork","Caltrops+1","Dagger Spray","Escape Plan+1","Malaise+1","Concentrate+1","Adrenaline+1","Blade Dance+1","Outmaneuver+1","Backflip+1","Distraction+1","Poisoned Stab+1","Endless Agony+1"],"special_seed":0,"relics":["Ring of the Snake","NeowsBlessing","Mummified Hand","Toxic Egg 2","Runic Pyramid","Kunai","Orichalcum","Girya","Busted Crown","PreservedInsect","Oddly Smooth Stone","Red Mask","Vajra","Art of War","Molten Egg 2","Frozen Egg 2"],"potions_floor_usage":[55,55,55],"damage_taken":[{"damage":0.0,"enemies":"Cultist","floor":1.0,"turns":1.0},{"damage":0.0,"enemies":"Small Slimes","floor":2.0,"turns":1.0},{"damage":0.0,"enemies":"2 Louse","floor":3.0,"turns":1.0},{"damage":9.0,"enemies":"Lots of Slimes","floor":4.0,"turns":5.0},{"damage":22.0,"enemies":"Exordium Thugs","floor":5.0,"turns":9.0},{"damage":11.0,"enemies":"3 Sentries","floor":6.0,"turns":8.0},{"damage":20.0,"enemies":"Lagavulin","floor":10.0,"turns":8.0},{"damage":9.0,"enemies":"Large Slime","floor":11.0,"turns":6.0},{"damage":0.0,"enemies":"Red Slaver","floor":12.0,"turns":2.0},{"damage":0.0,"enemies":"Blue Slaver","floor":14.0,"turns":4.0},{"damage":31.0,"enemies":"Slime Boss","floor":16.0,"turns":16.0},{"damage":1.0,"enemies":"Chosen","floor":18.0,"turns":4.0},{"damage":0.0,"enemies":"Shell Parasite","floor":19.0,"turns":3.0},{"damage":0.0,"enemies":"Sentry and Sphere","floor":22.0,"turns":5.0},{"damage":20.0,"enemies":"Centurion and Healer","floor":24.0,"turns":6.0},{"damage":35.0,"enemies":"Slavers","floor":25.0,"turns":5.0},{"damage":0.0,"enemies":"Snecko","floor":27.0,"turns":6.0},{"damage":28.0,"enemies":"Gremlin Leader","floor":29.0,"turns":11.0},{"damage":0.0,"enemies":"3 Cultists","floor":30.0,"turns":5.0},{"damage":12.0,"enemies":"Shelled Parasite and Fungi","floor":31.0,"turns":4.0},{"damage":21.0,"enemies":"Automaton","floor":33.0,"turns":11.0},{"damage":3.0,"enemies":"Orb Walker","floor":35.0,"turns":5.0},{"damage":0.0,"enemies":"3 Shapes","floor":37.0,"turns":4.0},{"damage":8.0,"enemies":"Sphere and 2 Shapes","floor":39.0,"turns":5.0},{"damage":0.0,"enemies":"3 Darklings","floor":42.0,"turns":8.0},{"damage":12.0,"enemies":"Giant Head","floor":44.0,"turns":7.0},{"damage":0.0,"enemies":"Writhing Mass","floor":46.0,"turns":5.0},{"damage":0.0,"enemies":"Nemesis","floor":47.0,"turns":5.0},{"damage":0.0,"enemies":"Maw","floor":48.0,"turns":7.0},{"damage":24.0,"enemies":"Awakened One","floor":50.0,"turns":13.0},{"damage":20.0,"enemies":"Shield and Spear","floor":54.0,"turns":5.0},{"damage":36,"enemies":"The Heart","floor":55,"turns":10}],"seed_played":"6143660517568636463","potions_obtained":[{"floor":1.0,"key":"SkillPotion"},{"floor":5.0,"key":"Regen Potion"},{"floor":12.0,"key":"Ancient Potion"},{"floor":14.0,"key":"Regen Potion"},{"floor":27.0,"key":"SteroidPotion"},{"floor":30.0,"key":"Poison Potion"},{"floor":39.0,"key":"Fire Potion"},{"floor":42.0,"key":"Ancient Potion"},{"floor":54.0,"key":"LiquidBronze"}],"is_trial":false,"path_per_floor":["M","M","M","M","M","E","R","$","T","E","M","M","?","M","R","B",null,"M","M","?","$","M","R","M","E","T","M","R","E","M","M","R","B",null,"M","?","M","$","M","R","?","M","T","E","R","M","E","M","R","B",null,"R","$","E","B",null],"character_chosen":"THE_SILENT","items_purchased":["Accuracy","Backstab","Bullet Time+1","Footwork","Oddly Smooth Stone","Backflip+1","Endless Agony+1"],"campfire_rested":4,"item_purchase_floors":[8,8,21,21,38,38,53],"current_hp_per_floor":[70,70,70,61,39,28,49,49,49,29,20,20,20,20,41,10,70,69,69,69,69,69,69,49,14,14,54,54,26,26,14,35,14,70,67,67,67,67,59,59,59,59,59,47,47,47,47,47,68,44,70,70,70,50,14],"gold":42,"neow_bonus":"THREE_ENEMY_KILL","is_prod":false,"is_daily":false,"chose_seed":false,"campfire_upgraded":2,"win_rate":0,"timestamp":1542739610,"path_taken":["M","M","M","?","M","E","R","$","T","E","M","M","?","M","R","BOSS","M","M","?","$","M","R","?","E","T","M","R","E","M","M","R","BOSS","M","?","?","$","M","R","?","M","T","E","R","M","E","M","R","BOSS","R","$","E","BOSS"],"build_version":"2018-11-15","purchased_purges":3,"victory":true,"max_hp_per_floor":[70,70,70,70,70,70,70,70,70,70,70,70,70,70,70,70,70,70,70,70,70,70,70,70,70,70,70,70,70,70,70,70,70,70,70,70,70,70,70,70,70,70,70,70,70,70,70,70,70,70,70,70,70,70,70],"card_choices":[{"not_picked":["Escape Plan","Outmaneuver"],"picked":"Blade Dance","floor":1.0},{"not_picked":["Reflex","Dodge and Roll"],"picked":"Sucker Punch","floor":2.0},{"not_picked":["Concentrate","Deadly Poison"],"picked":"Quick Slash","floor":3.0},{"not_picked":["Crippling Poison","Dodge and Roll"],"picked":"Backflip","floor":4.0},{"not_picked":["Tactician","Predator"],"picked":"Slice","floor":5.0},{"not_picked":["Night Terror","Underhanded Strike"],"picked":"Leg Sweep","floor":6.0},{"not_picked":["Cloak And Dagger","Bane"],"picked":"Die Die Die","floor":10.0},{"not_picked":["Flying Knee","Poisoned Stab"],"picked":"Terror+1","floor":11.0},{"not_picked":["Backflip+1","Bouncing Flask+1"],"picked":"Footwork","floor":12.0},{"not_picked":["Outmaneuver+1","Setup+1"],"picked":"Blade Dance+1","floor":14.0},{"not_picked":["Malaise+1","Doppelganger+1"],"picked":"Adrenaline+1","floor":16.0},{"not_picked":["Quick Slash","Expertise+1","Deadly Poison+1"],"picked":"SKIP","floor":18.0},{"not_picked":["Well Laid Plans","Deflect+1"],"picked":"Noxious Fumes+1","floor":19.0},{"not_picked":["Bane","Predator+1","Slice"],"picked":"SKIP","floor":22.0},{"not_picked":["Setup+1","Skewer+1"],"picked":"Caltrops+1","floor":24.0},{"not_picked":["Slice","Noxious Fumes"],"picked":"Dagger Spray","floor":25.0},{"not_picked":["Deflect+1","Dagger Spray"],"picked":"Escape Plan+1","floor":27.0},{"not_picked":["Tactician+1","Dagger Throw"],"picked":"Malaise+1","floor":29.0},{"not_picked":["Underhanded Strike","Distraction+1"],"picked":"Concentrate+1","floor":30.0},{"not_picked":["Deflect+1","Flying Knee+1","Bane+1"],"picked":"SKIP","floor":31.0},{"not_picked":["Wraith Form v2","Bullet Time+1"],"picked":"Adrenaline+1","floor":33.0},{"not_picked":[],"picked":"Blade Dance+1","floor":35.0},{"not_picked":[],"picked":"Outmaneuver+1","floor":37.0},{"not_picked":["Reflex+1"],"picked":"SKIP","floor":39.0},{"not_picked":["PiercingWail+1"],"picked":"SKIP","floor":42.0},{"not_picked":[],"picked":"Distraction+1","floor":44.0},{"not_picked":["Sucker Punch"],"picked":"SKIP","floor":46.0},{"not_picked":["Distraction+1"],"picked":"SKIP","floor":47.0},{"not_picked":[],"picked":"Poisoned Stab+1","floor":48.0},{"not_picked":["Dodge and Roll+1"],"picked":"SKIP","floor":54.0}],"player_experience":152304,"relics_obtained":[{"floor":6.0,"key":"Mummified Hand"},{"floor":10.0,"key":"Toxic Egg 2"},{"floor":25.0,"key":"Kunai"},{"floor":26.0,"key":"Orichalcum"},{"floor":29.0,"key":"Girya"},{"floor":43.0,"key":"Vajra"},{"floor":44.0,"key":"Art of War"},{"floor":47.0,"key":"Molten Egg 2"},{"floor":54.0,"key":"Frozen Egg 2"}],"event_choices":[{"damage_healed":0.0,"max_hp_gain":0.0,"max_hp_loss":0.0,"gold_gain":72.0,"event_name":"Golden Wing","player_choice":"Gained Gold","floor":13.0,"gold_loss":0.0,"damage_taken":0.0},{"damage_healed":0.0,"max_hp_gain":0.0,"max_hp_loss":0.0,"gold_gain":0.0,"event_name":"Lab","player_choice":"Got Potions","floor":20.0,"gold_loss":0.0,"damage_taken":0.0},{"damage_healed":0.0,"max_hp_gain":0.0,"max_hp_loss":0.0,"gold_gain":0.0,"event_name":"WeMeetAgain","player_choice":"Gave Potion","floor":36.0,"gold_loss":0.0,"damage_taken":0.0,"relics_obtained":["PreservedInsect"]},{"damage_healed":0.0,"max_hp_gain":0.0,"max_hp_loss":0.0,"gold_gain":0.0,"event_name":"Tomb of Lord Red Mask","player_choice":"Paid","floor":41.0,"gold_loss":41.0,"damage_taken":0.0,"relics_obtained":["Red Mask"]}],"is_beta":false,"boss_relics":[{"not_picked":["Lizard Tail","Pandora\u0027s Box"],"picked":"Runic Pyramid"},{"not_picked":["White Beast Statue","Velvet Choker"],"picked":"Busted Crown"}],"items_purged_floors":[8,21,38],"is_endless":false,"potions_floor_spawned":[1,5,12,14,16,19,24,25,27,30,31,39,42,48,54],"ascension_level":1}