{"gold_per_floor":[114,114,128,152,170,208,208,241,241,241,114,139,174,244,244,367,367,322,322,322,322,322,322,322,322,322,322,322,26,26,26,26,26,26,26,26,26,26,26,26,26,26,26,26,26,26,26,26,26,26],"floor_reached":51,"playtime":2422,"items_purged":["Strike_B","Defend_B"],"score":880,"play_id":"a484eb55-7753-4b17-bf98-5a3e1d7920be","local_time":"20180730174329","is_ascension_mode":true,"campfire_choices":[{"data":"Sunder","floor":7,"key":"SMITH"},{"data":"Zap","floor":10,"key":"SMITH"},{"data":"Go for the Eyes","floor":15,"key":"SMITH"},{"data":"Go for the Eyes","floor":23,"key":"SMITH"},{"data":"Conserve Battery","floor":28,"key":"SMITH"},{"data":"FTL","floor":32,"key":"SMITH"},{"data":"Beam Cell","floor":41,"key":"SMITH"},{"data":"Reboot","floor":45,"key":"SMITH"},{"data":"Rip and Tear","floor":47,"key":"SMITH"},{"data":"Panache","floor":49,"key":"SMITH"}],"neow_cost":"","seed_source_timestamp":458896739997223,"circlet_count":0,"master_deck":["Strike_B","Strike_B","Strike_B","Defend_B","Defend_B","Defend_B","Zap+1","Dualcast","Self Repair","Conserve Battery+1","Conserve Battery","Cold Snap","Sunder+1","FTL+1","Ball Lightning","Go for the Eyes+1","Go for the Eyes+1","Sweeping Beam","Reboot+1","Rip and Tear+1","Coolheaded+1","Meteor Strike","Compile Driver","Panache+1","Panache","Thunder Strike","Tempest+1","Chill+1","Defragment+1","Reinforced Body+1","Madness","Madness","Beam Cell+1","Rip and Tear+1","Pain","Aggregate+1"],"relics":["Cracked Core","Golden Idol","Happy Flower","Shuriken","Bird Faced Urn","Turnip","Incense Burner","Ectoplasm","Pantograph","Juzu Bracelet","Orichalcum","Cursed Key","Smiling Mask","MawBank","Calipers"],"potions_floor_usage":[6,8,13,21,24,27,35],"damage_taken":[{"damage":0,"enemies":"Small Slimes","floor":1,"turns":2},{"damage":1,"enemies":"Jaw Worm","floor":3,"turns":4},{"damage":0,"enemies":"2 Louse","floor":4,"turns":3},{"damage":4,"enemies":"Exordium Wildlife","floor":5,"turns":4},{"damage":12,"enemies":"Gremlin Nob","floor":6,"turns":4},{"damage":6,"enemies":"Lagavulin","floor":8,"turns":6},{"damage":0,"enemies":"Exordium Thugs","floor":12,"turns":3},{"damage":8,"enemies":"3 Sentries","floor":13,"turns":5},{"damage":10,"enemies":"Gremlin Nob","floor":14,"turns":3},{"damage":0,"enemies":"Slime Boss","floor":16,"turns":5},{"damage":10,"enemies":"2 Thieves","floor":18,"turns":3},{"damage":3,"enemies":"Spheric Guardian","floor":20,"turns":3},{"damage":0,"enemies":"Centurion and Healer","floor":21,"turns":5},{"damage":5,"enemies":"Gremlin Leader","floor":24,"turns":6},{"damage":0,"enemies":"Cultist and Chosen","floor":25,"turns":4},{"damage":29,"enemies":"Slavers","floor":27,"turns":5},{"damage":3,"enemies":"Automaton","floor":33,"turns":7},{"damage":16,"enemies":"Flame Bruiser 1 Orb","floor":35,"turns":4},{"damage":8,"enemies":"3 Shapes","floor":36,"turns":2},{"damage":0,"enemies":"Flame Bruiser 2 Orb","floor":37,"turns":5},{"damage":7,"enemies":"Spire Growth","floor":38,"turns":3},{"damage":13,"enemies":"Giant Head","floor":40,"turns":7},{"damage":6,"enemies":"Nemesis","floor":42,"turns":3},{"damage":0,"enemies":"4 Shapes","floor":44,"turns":5},{"damage":4,"enemies":"3 Darklings","floor":46,"turns":4},{"damage":9,"enemies":"Sphere and 2 Shapes","floor":48,"turns":4},{"damage":60,"enemies":"Time Eater","floor":50,"turns":8}],"seed_played":"-8986056688015863738","potions_obtained":[{"floor":1,"key":"Weak Potion"},{"floor":5,"key":"EssenceOfSteel"},{"floor":6,"key":"Energy Potion"},{"floor":12,"key":"Dexterity Potion"},{"floor":14,"key":"Poison Potion"},{"floor":18,"key":"Fire Potion"},{"floor":33,"key":"Weak Potion"},{"floor":37,"key":"Explosive Potion"},{"floor":38,"key":"Fire Potion"},{"floor":46,"key":"Explosive Potion"},{"floor":48,"key":"Fire Potion"}],"is_trial":false,"path_per_floor":["M","?","M","M","M","E","R","E","T","R","$","M","E","?","R","B",null,"M","?","M","M","?","R","E","M","T","E","R","$","?","$","R","B",null,"M","M","M","M","?","E","R","E","T","M","R","M","R","M","R","B"],"character_chosen":"DEFECT","items_purchased":["Ball Lightning","Panache"],"campfire_rested":0,"item_purchase_floors":[11,29],"current_hp_per_floor":[75,57,63,70,73,68,68,69,69,69,69,75,74,72,72,75,75,65,58,64,73,59,59,63,72,72,52,52,52,52,52,52,80,80,73,78,80,73,63,65,65,74,74,78,78,80,80,74,74,33],"gold":26,"neow_bonus":"","is_prod":false,"is_daily":false,"chose_seed":false,"campfire_upgraded":10,"win_rate":0,"timestamp":1532994209,"path_taken":["M","?","M","M","M","E","R","E","T","R","$","M","E","?","R","BOSS","M","?","?","M","?","R","E","M","T","E","R","$","?","?","R","BOSS","M","M","M","M","?","E","R","E","T","M","R","M","R","M","R","BOSS"],"build_version":"2018-07-26","purchased_purges":2,"victory":true,"max_hp_per_floor":[75,75,75,75,75,75,75,75,75,75,75,75,75,75,75,75,75,75,75,75,75,80,80,80,80,80,80,80,80,80,80,80,80,80,80,80,80,80,80,80,80,80,80,80,80,80,80,80,80,80],"card_choices":[{"not_picked":["FTL","Go for the Eyes"],"picked":"Self Repair","floor":1},{"not_picked":["Cold Snap","Sweeping Beam"],"picked":"Conserve Battery","floor":3},{"not_picked":["Streamline","Leap"],"picked":"Conserve Battery","floor":4},{"not_picked":["Go for the Eyes","Turbo"],"picked":"Cold Snap","floor":5},{"not_picked":["Buffer","Compile Driver"],"picked":"Sunder","floor":6},{"not_picked":["Coolheaded","Redo"],"picked":"FTL","floor":8},{"not_picked":["Stack","Static Discharge"],"picked":"Go for the Eyes","floor":12},{"not_picked":["Buffer","Redo"],"picked":"Go for the Eyes","floor":13},{"not_picked":["Barrage","Redo"],"picked":"Sweeping Beam","floor":14},{"not_picked":["Core Surge","Rainbow"],"picked":"Reboot","floor":16},{"not_picked":["Conserve Battery+1","Hologram"],"picked":"Rip and Tear","floor":18},{"not_picked":["Loop","Fusion","Hello World"],"picked":"SKIP","floor":20},{"not_picked":["Sweeping Beam","Cold Snap"],"picked":"Coolheaded+1","floor":21},{"not_picked":["Hyperbeam","Steam+1"],"picked":"Meteor Strike","floor":24},{"not_picked":["Consume","Melter"],"picked":"Compile Driver","floor":25},{"not_picked":["Doom and Gloom","Force Field+1","Fission"],"picked":"SKIP","floor":27},{"not_picked":["Machine Learning","Fission"],"picked":"Thunder Strike","floor":33},{"not_picked":["White Noise+1","Ball Lightning"],"picked":"Tempest+1","floor":35},{"not_picked":["Gash","Lockon"],"picked":"Chill+1","floor":36},{"not_picked":["Redo","Cold Snap"],"picked":"Defragment+1","floor":37},{"not_picked":["Sweeping Beam","Recycle"],"picked":"Reinforced Body+1","floor":38},{"not_picked":["Reinforced Body","Stack"],"picked":"Beam Cell","floor":40},{"not_picked":["Steam+1","Core Surge"],"picked":"Rip and Tear+1","floor":42},{"not_picked":["Capacitor","Barrage","Steam Power"],"picked":"SKIP","floor":44},{"not_picked":["Gash+1","Sweeping Beam","Barrage"],"picked":"SKIP","floor":46},{"not_picked":["Blizzard","Recycle+1"],"picked":"Aggregate+1","floor":48}],"player_experience":875745,"relics_obtained":[{"floor":6,"key":"Happy Flower"},{"floor":8,"key":"Shuriken"},{"floor":9,"key":"Bird Faced Urn"},{"floor":13,"key":"Turnip"},{"floor":24,"key":"Pantograph"},{"floor":26,"key":"Juzu Bracelet"},{"floor":27,"key":"Orichalcum"},{"floor":40,"key":"Smiling Mask"},{"floor":42,"key":"MawBank"},{"floor":43,"key":"Calipers"}],"event_choices":[{"event_name":"Golden Idol","player_choice":"Take Damage","floor":2,"damage_taken":0},{"event_name":"Dead Adventurer","player_choice":"Searched \u00273\u0027 times","floor":14,"damage_taken":0},{"event_name":"Knowing Skull","player_choice":"","floor":19,"damage_taken":0},{"event_name":"Forgotten Altar","player_choice":"Shed Blood","floor":22,"damage_taken":0},{"event_name":"Duplicator","player_choice":"One dupe","floor":30,"damage_taken":0},{"event_name":"Winding Halls","player_choice":"Embrace Madness","floor":39,"damage_taken":0}],"is_beta":true,"boss_relics":[{"not_picked":["Velvet Choker","Nuclear Battery"],"picked":"Ectoplasm"},{"not_picked":["Eternal Feather","Calling Bell"],"picked":"Cursed Key"}],"items_purged_floors":[11,29],"is_endless":false,"potions_floor_spawned":[1,5,6,12,14,18,33,37,38,46,48],"ascension_level":1}