{"gold_per_floor":[17,37,49,66,24,24,36,36,84,84,84,112,52,65,65,65],"floor_reached":16,"playtime":503,"items_purged":["Strike_G"],"score":194,"play_id":"2d693a85-4fc5-453f-98fb-690f5cdda444","local_time":"20190101223246","is_ascension_mode":true,"campfire_choices":[{"data":"Noxious Fumes","floor":6,"key":"SMITH"},{"data":"Bouncing Flask","floor":8,"key":"SMITH"},{"data":"Neutralize","floor":11,"key":"SMITH"},{"data":"Dodge and Roll","floor":15,"key":"SMITH"}],"neow_cost":"NO_GOLD","seed_source_timestamp":786889273133638,"circlet_count":0,"master_deck":["AscendersBane","Defend_G","Defend_G","Defend_G","Defend_G","Defend_G","Strike_G","Strike_G","Strike_G","Strike_G","Survivor","Neutralize+1","Slice","Poisoned Stab","Bouncing Flask+1","Noxious Fumes+1","Dagger Throw","Dodge and Roll+1"],"relics":["Ring of the Snake","Tingsha","Bronze Scales","Juzu Bracelet","The Courier"],"potions_floor_usage":[4,16,16],"damage_taken":[{"damage":1,"enemies":"Cultist","floor":1,"turns":5},{"damage":8,"enemies":"Jaw Worm","floor":2,"turns":6},{"damage":0,"enemies":"2 Louse","floor":3,"turns":2},{"damage":0,"enemies":"Large Slime","floor":4,"turns":4},{"damage":2,"enemies":"Exordium Wildlife","floor":7,"turns":3},{"damage":22,"enemies":"Lagavulin","floor":12,"turns":5},{"damage":3,"enemies":"Looter","floor":14,"turns":3},{"damage":23,"enemies":"The Guardian","floor":16,"turns":7}],"seed_played":"7507239623251844033","potions_obtained":[{"floor":2,"key":"Poison Potion"},{"floor":3,"key":"SmokeBomb"},{"floor":4,"key":"Poison Potion"},{"floor":14,"key":"Swift Potion"}],"is_trial":false,"path_per_floor":["M","M","M","M","$","R","M","R","T","T","R","E","$","M","R","B"],"character_chosen":"THE_SILENT","items_purchased":["Noxious Fumes"],"campfire_rested":0,"item_purchase_floors":[5],"current_hp_per_floor":[58,50,50,50,50,50,48,48,48,48,48,26,26,23,23,0],"gold":65,"neow_bonus":"ONE_RARE_RELIC","is_prod":false,"is_daily":false,"chose_seed":true,"campfire_upgraded":4,"win_rate":0,"timestamp":1546407166,"path_taken":["M","M","M","M","?","R","?","R","T","?","R","E","$","M","R","BOSS"],"build_version":"2019-01-01","purchased_purges":1,"victory":false,"max_hp_per_floor":[66,66,66,66,66,66,66,66,66,66,66,66,66,66,66,66],"card_choices":[{"not_picked":["Acrobatics","Sucker Punch"],"picked":"Slice","floor":1},{"not_picked":["Acrobatics","PiercingWail"],"picked":"Poisoned Stab","floor":2},{"not_picked":["PiercingWail","Distraction"],"picked":"Bouncing Flask","floor":3},{"not_picked":["Phantasmal Killer","Backflip","Blade Dance"],"picked":"SKIP","floor":4},{"not_picked":["Flechettes","Caltrops","Expertise"],"picked":"SKIP","floor":7},{"not_picked":["Terror","Night Terror"],"picked":"Dagger Throw","floor":12},{"not_picked":["Dash","Outmaneuver"],"picked":"Dodge and Roll","floor":14}],"player_experience":1186792,"relics_obtained":[{"floor":9,"key":"Bronze Scales"},{"floor":10,"key":"Juzu Bracelet"},{"floor":12,"key":"The Courier"}],"event_choices":[],"is_beta":true,"boss_relics":[],"items_purged_floors":[13],"is_endless":false,"potions_floor_spawned":[2,3,4,14],"killed_by":"The Guardian","ascension_level":18}