{"gold_per_floor":[111,127,146,157,111,137,102,112,112,131,131,148,159,169,169,273,273,289,306,320,320,320],"floor_reached":22,"playtime":2153,"items_purged":[],"score":194,"play_id":"bfb715dc-decf-4662-85c1-8b61e7e4100a","local_time":"20181012191240","is_ascension_mode":false,"campfire_choices":[{"data":"Blade Dance","floor":11,"key":"SMITH"},{"floor":15,"key":"REST"}],"neow_cost":"NONE","seed_source_timestamp":17657982860632,"circlet_count":0,"master_deck":["Defend_G","Defend_G","Defend_G","Defend_G","Defend_G","Strike_G","Strike_G","Strike_G","Strike_G","Strike_G","Survivor","Neutralize","Night Terror","Blade Dance+1","Outmaneuver","Dagger Throw","Sucker Punch","Heel Hook","Riddle With Holes+1","Poisoned Stab","Flying Knee","Dagger Spray","Dagger Throw","Burst","Backflip","Quick Slash","Leg Sweep"],"relics":["Ring of the Snake","Pen Nib","Strawberry","Black Star"],"potions_floor_usage":[4,6,19,22],"damage_taken":[{"damage":0,"enemies":"Small Slimes","floor":1,"turns":4},{"damage":3,"enemies":"Jaw Worm","floor":2,"turns":4},{"damage":0,"enemies":"Cultist","floor":3,"turns":4},{"damage":5,"enemies":"Looter","floor":4,"turns":4},{"damage":26,"enemies":"Lagavulin","floor":6,"turns":8},{"damage":7,"enemies":"3 Louse","floor":8,"turns":5},{"damage":5,"enemies":"Exordium Wildlife","floor":10,"turns":4},{"damage":1,"enemies":"Red Slaver","floor":12,"turns":3},{"damage":0,"enemies":"3 Louse","floor":13,"turns":3},{"damage":18,"enemies":"Exordium Thugs","floor":14,"turns":5},{"damage":46,"enemies":"Slime Boss","floor":16,"turns":12},{"damage":3,"enemies":"3 Byrds","floor":18,"turns":5},{"damage":16,"enemies":"Shell Parasite","floor":19,"turns":5},{"damage":20,"enemies":"Snecko","floor":20,"turns":5},{"damage":49,"enemies":"Shelled Parasite and Fungi","floor":22,"turns":4}],"seed_played":"6966650866780850703","potions_obtained":[{"floor":3,"key":"Fire Potion"},{"floor":4,"key":"Strength Potion"},{"floor":8,"key":"FearPotion"},{"floor":13,"key":"LiquidBronze"},{"floor":14,"key":"Regen Potion"},{"floor":20,"key":"LiquidBronze"}],"is_trial":false,"path_per_floor":["M","M","M","M","?","E","?","M","T","M","R","M","M","M","R","B",null,"M","M","M","?"],"character_chosen":"THE_SILENT","items_purchased":[],"campfire_rested":1,"item_purchase_floors":[],"current_hp_per_floor":[70,67,67,62,62,36,53,46,53,48,48,47,47,29,52,6,77,74,58,38,38,0],"gold":320,"neow_bonus":"ONE_RANDOM_RARE_CARD","is_prod":false,"is_daily":false,"chose_seed":false,"campfire_upgraded":1,"win_rate":0.0,"timestamp":1539382360,"path_taken":["M","M","M","M","?","E","?","M","T","M","R","M","M","M","R","BOSS","M","M","M","?","M"],"build_version":"2018-10-11","purchased_purges":0,"victory":false,"max_hp_per_floor":[70,70,70,70,70,70,70,70,77,77,77,77,77,77,77,77,77,77,77,77,77,77],"card_choices":[{"not_picked":["Masterful Stab","Sucker Punch"],"picked":"Blade Dance","floor":1},{"not_picked":["Dodge and Roll","Flechettes"],"picked":"Outmaneuver","floor":2},{"not_picked":["Skewer","Sucker Punch"],"picked":"Dagger Throw","floor":3},{"not_picked":["PiercingWail","Deflect"],"picked":"Sucker Punch","floor":4},{"not_picked":["Outmaneuver","PiercingWail"],"picked":"Heel Hook","floor":6},{"not_picked":["Acrobatics","Slice"],"picked":"Riddle With Holes","floor":8},{"not_picked":["Dash","Underhanded Strike"],"picked":"Poisoned Stab","floor":10},{"not_picked":["PiercingWail","Malaise"],"picked":"Flying Knee","floor":12},{"not_picked":["Heel Hook","Prepared"],"picked":"Dagger Spray","floor":13},{"not_picked":["Deflect","All Out Attack"],"picked":"Dagger Throw","floor":14},{"not_picked":["Doppelganger","Phantasmal Killer"],"picked":"Burst","floor":16},{"not_picked":["All Out Attack","Poisoned Stab+1"],"picked":"Backflip","floor":18},{"not_picked":["Slice","Flechettes+1"],"picked":"Quick Slash","floor":19},{"not_picked":["Endless Agony","Distraction"],"picked":"Leg Sweep","floor":20}],"player_experience":11347,"relics_obtained":[{"floor":6,"key":"Pen Nib"},{"floor":9,"key":"Strawberry"}],"event_choices":[{"event_name":"World of Goop","player_choice":"Left","floor":5,"damage_taken":0},{"event_name":"The Cleric","player_choice":"Healed","floor":7,"damage_taken":0},{"event_name":"Upgrade Shrine","player_choice":"Upgraded","floor":21,"damage_taken":0}],"is_beta":false,"boss_relics":[{"not_picked":["Eternal Feather","Busted Crown"],"picked":"Black Star"}],"items_purged_floors":[],"is_endless":false,"potions_floor_spawned":[3,4,8,13,14,20],"killed_by":"Shelled Parasite and Fungi","ascension_level":0}