{"gold_per_floor":[216,233,252,39,39,39,65,65,91,91],"floor_reached":10,"playtime":361,"items_purged":["Strike_G"],"score":125,"play_id":"b78e45d3-06f0-40a0-81b3-825829d12a49","local_time":"20190101210917","is_ascension_mode":true,"campfire_choices":[{"data":"Neutralize","floor":6,"key":"SMITH"},{"data":"Caltrops","floor":8,"key":"SMITH"}],"neow_cost":"NONE","seed_source_timestamp":782673443683894,"circlet_count":0,"master_deck":["AscendersBane","Defend_G","Defend_G","Defend_G","Defend_G","Defend_G","Strike_G","Strike_G","Strike_G","Survivor","Neutralize+1","Poisoned Stab","Caltrops","Caltrops+1","Quick Slash"],"relics":["Ring of the Snake","Juzu Bracelet","Boot"],"potions_floor_usage":[7,7,10],"damage_taken":[{"damage":0,"enemies":"Jaw Worm","floor":1,"turns":7},{"damage":1,"enemies":"Small Slimes","floor":2,"turns":3},{"damage":0,"enemies":"2 Louse","floor":3,"turns":2},{"damage":25,"enemies":"Gremlin Nob","floor":7,"turns":5},{"damage":37,"enemies":"3 Sentries","floor":10,"turns":9}],"seed_played":"633721235206927320","potions_obtained":[{"floor":3,"key":"GhostInAJar"},{"floor":7,"key":"Regen Potion"}],"is_trial":false,"path_per_floor":["M","M","M","$","?","R","E","R","T","E"],"character_chosen":"THE_SILENT","items_purchased":["Caltrops","PowerPotion"],"campfire_rested":0,"item_purchase_floors":[4,4],"current_hp_per_floor":[59,58,58,58,51,51,26,26,26,4],"gold":91,"neow_bonus":"HUNDRED_GOLD","is_prod":false,"is_daily":false,"chose_seed":false,"campfire_upgraded":2,"win_rate":0,"timestamp":1546402157,"path_taken":["M","M","M","$","?","R","E","R","T","E"],"build_version":"2019-01-01","purchased_purges":1,"victory":false,"max_hp_per_floor":[66,66,66,66,66,66,66,66,66,66],"card_choices":[{"not_picked":["Dagger Throw","Sucker Punch"],"picked":"Poisoned Stab","floor":1},{"not_picked":["Calculated Gamble","Outmaneuver","Concentrate"],"picked":"SKIP","floor":2},{"not_picked":["Eviscerate","All Out Attack"],"picked":"Caltrops","floor":3},{"not_picked":["Underhanded Strike","Slice"],"picked":"Quick Slash","floor":7}],"player_experience":1182122,"relics_obtained":[{"floor":7,"key":"Juzu Bracelet"},{"floor":9,"key":"Boot"}],"event_choices":[{"cards_removed":["Strike_G"],"damage_healed":0,"gold_gain":0,"player_choice":"Card Removal","damage_taken":7,"max_hp_gain":0,"max_hp_loss":0,"event_name":"Golden Wing","floor":5,"gold_loss":0}],"is_beta":true,"boss_relics":[],"items_purged_floors":[4],"is_endless":false,"potions_floor_spawned":[3,7],"killed_by":"3 Sentries","ascension_level":18}