{"gold_per_floor":[119,119,131,7,22,47,59,87,99,111,149,161,22,42,42,143,143,155,168,168,68,88,120,120,139,192,192,205,11,11,40,40,136,136,154,174,49,62,73,104,104],"floor_reached":41,"playtime":7793,"items_purged":["Strike_R","Defend_R","Defend_R"],"score":497,"play_id":"38ab8fac-c9f0-4474-8cbf-22cb19bfaeda","local_time":"20190217125953","is_ascension_mode":true,"campfire_choices":[{"data":"Seeing Red","floor":7,"key":"SMITH"},{"data":"Metallicize","floor":12,"key":"SMITH"},{"data":"Inflame","floor":15,"key":"SMITH"},{"floor":24,"key":"REST"},{"floor":27,"key":"REST"},{"floor":32,"key":"REST"}],"neow_cost":"NONE","seed_source_timestamp":2517004068348980,"circlet_count":0,"master_deck":["Defend_R","Defend_R","Bash","Carnage+1","Carnage","True Grit","Cleave","Seeing Red+1","Iron Wave","Metallicize+1","Shrug It Off","Inflame+1","Headbutt","Exhume","Seeing Red","Ghostly Armor","Havoc+1","Ghostly Armor","Inflame","Reaper","Disarm","Clothesline+1","Demon Form","Shrug It Off+1","Feel No Pain","Body Slam","Anger+1","Iron Wave+1"],"relics":["Burning Blood","NeowsBlessing","MawBank","Lantern","Gremlin Horn","Shuriken","Empty Cage","Bag of Marbles","Letter Opener","Black Star","Pocketwatch","Bronze Scales"],"potions_floor_usage":[6,23,28,33,33,35,39,41,41],"damage_taken":[{"damage":0,"enemies":"Small Slimes","floor":1,"turns":1},{"damage":0,"enemies":"Cultist","floor":3,"turns":1},{"damage":0,"enemies":"Jaw Worm","floor":5,"turns":1},{"damage":31,"enemies":"Lagavulin","floor":6,"turns":5},{"damage":1,"enemies":"Red Slaver","floor":8,"turns":3},{"damage":23,"enemies":"Gremlin Nob","floor":11,"turns":4},{"damage":7,"enemies":"Blue Slaver","floor":14,"turns":3},{"damage":35,"enemies":"The Guardian","floor":16,"turns":16},{"damage":3,"enemies":"Chosen","floor":18,"turns":5},{"damage":14,"enemies":"Spheric Guardian","floor":19,"turns":5},{"damage":28,"enemies":"Centurion and Healer","floor":22,"turns":7},{"damage":47,"enemies":"Slavers","floor":23,"turns":8},{"damage":32,"enemies":"Snake Plant","floor":25,"turns":5},{"damage":18,"enemies":"Chosen and Byrds","floor":28,"turns":7},{"damage":29,"enemies":"Gremlin Leader","floor":31,"turns":7},{"damage":68,"enemies":"Collector","floor":33,"turns":11},{"damage":10,"enemies":"3 Shapes","floor":35,"turns":5},{"damage":45,"enemies":"3 Darklings","floor":36,"turns":6},{"damage":38,"enemies":"4 Shapes","floor":38,"turns":6},{"damage":31,"enemies":"Transient","floor":39,"turns":5},{"damage":47,"enemies":"Nemesis","floor":40,"turns":9},{"damage":12,"enemies":"Spire Growth","floor":41,"turns":3}],"seed_played":"1712624039652127883","potions_obtained":[{"floor":1,"key":"Strength Potion"},{"floor":6,"key":"LiquidBronze"},{"floor":14,"key":"Poison Potion"},{"floor":16,"key":"Energy Potion"},{"floor":22,"key":"SteroidPotion"},{"floor":23,"key":"Dexterity Potion"},{"floor":31,"key":"SkillPotion"},{"floor":36,"key":"Swift Potion"},{"floor":38,"key":"AttackPotion"},{"floor":40,"key":"Explosive Potion"}],"is_trial":false,"path_per_floor":["M","?","M","$","M","E","R","M","T","?","E","R","$","M","R","B",null,"M","M","?","$","M","E","R","M","T","R","M","$","?","E","R","B",null,"M","M","$","M","M","E","M"],"character_chosen":"IRONCLAD","items_purchased":["True Grit","Shrug It Off","Inflame","Headbutt","Inflame","Reaper"],"campfire_rested":3,"item_purchase_floors":[4,13,13,13,29,29],"current_hp_per_floor":[80,80,80,80,80,55,55,60,60,60,43,43,43,42,42,13,80,80,72,72,72,50,9,33,7,7,31,19,19,19,31,55,28,80,76,80,80,66,41,12,0],"gold":104,"neow_bonus":"THREE_ENEMY_KILL","is_prod":false,"is_daily":false,"chose_seed":false,"campfire_upgraded":3,"win_rate":0,"timestamp":1550408393,"path_taken":["M","?","M","?","?","E","R","M","T","?","E","R","$","M","R","BOSS","M","M","?","$","M","E","R","M","T","R","M","$","?","E","R","BOSS","M","M","$","?","M","E","M"],"build_version":"2019-01-23","purchased_purges":3,"victory":false,"max_hp_per_floor":[80,80,80,80,80,80,80,80,80,80,80,80,80,80,80,80,80,80,80,80,80,80,80,80,80,80,80,80,80,80,80,80,80,80,80,80,80,80,80,80,80],"card_choices":[{"not_picked":["Armaments","Flame Barrier"],"picked":"Carnage","floor":1},{"not_picked":["Sword Boomerang","Evolve"],"picked":"Carnage","floor":3},{"not_picked":["Whirlwind","Warcry"],"picked":"Cleave","floor":5},{"not_picked":["Juggernaut","Fire Breathing"],"picked":"Seeing Red","floor":6},{"not_picked":["Pommel Strike","Clash"],"picked":"Iron Wave","floor":8},{"not_picked":["Thunderclap","Twin Strike"],"picked":"Metallicize","floor":11},{"not_picked":["Fire Breathing","Thunderclap","Blood for Blood"],"picked":"SKIP","floor":14},{"not_picked":["Offering","Fiend Fire"],"picked":"Exhume","floor":16},{"not_picked":["Dual Wield","Anger"],"picked":"Seeing Red","floor":18},{"not_picked":["Cleave","Clothesline","Anger"],"picked":"SKIP","floor":19},{"not_picked":["Perfected Strike","Cleave"],"picked":"Ghostly Armor","floor":22},{"not_picked":["Clothesline","Cleave"],"picked":"Havoc+1","floor":23},{"not_picked":["Armaments","Brutality","Thunderclap"],"picked":"SKIP","floor":25},{"not_picked":["Dropkick","Headbutt"],"picked":"Ghostly Armor","floor":28},{"not_picked":["Pommel Strike","Clash"],"picked":"Clothesline+1","floor":31},{"not_picked":["Brutality","Dark Embrace"],"picked":"Demon Form","floor":33},{"not_picked":["Carnage","Anger"],"picked":"Shrug It Off+1","floor":35},{"not_picked":["Twin Strike","Power Through+1"],"picked":"Feel No Pain","floor":36},{"not_picked":["Headbutt+1","Thunderclap"],"picked":"Body Slam","floor":38},{"not_picked":["Sever Soul+1","Headbutt+1"],"picked":"Anger+1","floor":39},{"not_picked":["Spot Weakness","Entrench"],"picked":"Iron Wave+1","floor":40}],"player_experience":837749,"relics_obtained":[{"floor":6,"key":"MawBank"},{"floor":9,"key":"Lantern"},{"floor":11,"key":"Shuriken"},{"floor":23,"key":"Bag of Marbles"},{"floor":31,"key":"Letter Opener"},{"floor":40,"key":"Pocketwatch"},{"floor":40,"key":"Bronze Scales"}],"event_choices":[{"damage_healed":0,"gold_gain":0,"player_choice":"Upgraded","damage_taken":0,"max_hp_gain":0,"max_hp_loss":0,"event_name":"Upgrade Shrine","floor":2,"gold_loss":0,"cards_upgraded":["Carnage"]},{"damage_healed":0,"gold_gain":0,"player_choice":"Gave Potion","damage_taken":0,"relics_obtained":["Gremlin Horn"],"max_hp_gain":0,"max_hp_loss":0,"event_name":"WeMeetAgain","floor":10,"gold_loss":0},{"cards_removed":["Strike_R"],"damage_healed":0,"gold_gain":0,"player_choice":"Elegance","damage_taken":0,"max_hp_gain":0,"max_hp_loss":0,"event_name":"Back to Basics","floor":20,"gold_loss":0},{"damage_healed":0,"gold_gain":0,"cards_transformed":["Strike_R"],"player_choice":"Transformed","damage_taken":0,"max_hp_gain":0,"max_hp_loss":0,"event_name":"Transmorgrifier","floor":30,"gold_loss":0,"cards_obtained":["Disarm"]}],"is_beta":false,"boss_relics":[{"not_picked":["Velvet Choker","Runic Pyramid"],"picked":"Empty Cage"},{"not_picked":["Busted Crown","Eternal Feather"],"picked":"Black Star"}],"items_purged_floors":[4,21,37],"is_endless":false,"potions_floor_spawned":[1,6,14,16,22,23,31,36,38,40],"killed_by":"Spire Growth","ascension_level":1}