{"gold_per_floor":[114,189,208,188,201,201,230,249,294,294,322,322,21,21,21,119,119,133,133,98,23,42,42,104,121,121,121,133,153,153,153,153,249,249,265,265,279,279],"floor_reached":38,"playtime":1888,"items_purged":["Strike_G"],"score":485,"play_id":"d99abb9b-a985-4964-9f77-50fffd2b4a5d","local_time":"20181121191841","is_ascension_mode":true,"campfire_choices":[{"data":"Noxious Fumes","floor":6,"key":"SMITH"},{"floor":10,"key":"REST"},{"floor":12,"key":"REST"},{"data":"Neutralize","floor":15,"key":"SMITH"},{"floor":23,"key":"REST"},{"floor":27,"key":"REST"},{"floor":30,"key":"REST"},{"floor":32,"key":"REST"}],"neow_cost":"NONE","seed_source_timestamp":6610489250642,"circlet_count":0,"master_deck":["Defend_G","Defend_G","Defend_G","Defend_G","Strike_G","Strike_G","Survivor","Neutralize+1","Endless Agony","Noxious Fumes+1","Dagger Throw","Dagger Throw","Outmaneuver","Slice","Cloak And Dagger","Tactician","Well Laid Plans","Deadly Poison","Backflip","Neutralize","A Thousand Cuts","Corpse Explosion+1","Glass Knife+1","Reflex+1","Dodge and Roll+1","Footwork","Dagger Spray+1","Backflip","Dagger Throw","Acrobatics+1","Sucker Punch+1","Madness","Madness","Backflip+1"],"relics":["Orrery","Pantograph","Happy Flower","Art of War","Kunai","Astrolabe","Tiny Chest","Fusion Hammer"],"potions_floor_usage":[11,11,24,25,29,29],"damage_taken":[{"damage":6,"enemies":"2 Louse","floor":1,"turns":3},{"damage":7,"enemies":"Jaw Worm","floor":3,"turns":4},{"damage":0,"enemies":"Cultist","floor":5,"turns":3},{"damage":15,"enemies":"3 Sentries","floor":7,"turns":8},{"damage":8,"enemies":"Looter","floor":8,"turns":3},{"damage":21,"enemies":"Gremlin Nob","floor":11,"turns":5},{"damage":27,"enemies":"Slime Boss","floor":16,"turns":8},{"damage":12,"enemies":"Shell Parasite","floor":18,"turns":6},{"damage":16,"enemies":"2 Thieves","floor":20,"turns":5},{"damage":11,"enemies":"Snake Plant","floor":22,"turns":5},{"damage":49,"enemies":"Slavers","floor":24,"turns":6},{"damage":0,"enemies":"Chosen and Byrds","floor":25,"turns":7},{"damage":22,"enemies":"Centurion and Healer","floor":28,"turns":6},{"damage":3,"enemies":"Snake Plant","floor":29,"turns":5},{"damage":20,"enemies":"Automaton","floor":33,"turns":12},{"damage":19,"enemies":"3 Darklings","floor":35,"turns":7},{"damage":19,"enemies":"3 Shapes","floor":37,"turns":4},{"damage":25,"enemies":"3 Darklings","floor":38,"turns":2}],"seed_played":"5607525185134576197","potions_obtained":[{"floor":1,"key":"Regen Potion"},{"floor":4,"key":"SpeedPotion"},{"floor":7,"key":"Block Potion"},{"floor":8,"key":"PowerPotion"},{"floor":16,"key":"SmokeBomb"},{"floor":18,"key":"Dexterity Potion"},{"floor":19,"key":"FairyPotion"},{"floor":22,"key":"GhostInAJar"},{"floor":28,"key":"Dexterity Potion"},{"floor":35,"key":"Strength Potion"},{"floor":37,"key":"Explosive Potion"}],"is_trial":false,"path_per_floor":["M","?","M","?","M","R","E","M","T","R","E","R","$","?","R","B",null,"M","?","M","$","M","R","E","M","T","R","M","M","R","?","R","B",null,"M","?","M","M"],"character_chosen":"THE_SILENT","items_purchased":["Kunai","Backflip"],"campfire_rested":6,"item_purchase_floors":[13,13],"current_hp_per_floor":[64,53,46,46,46,46,31,23,23,44,23,44,44,44,44,42,70,58,58,42,42,31,52,18,18,18,39,17,14,35,35,56,50,70,51,42,23,0],"gold":279,"neow_bonus":"BOSS_RELIC","is_prod":false,"is_daily":false,"chose_seed":false,"campfire_upgraded":2,"win_rate":0,"timestamp":1542835121,"path_taken":["M","?","M","?","?","R","E","M","T","R","E","R","$","?","R","BOSS","M","?","?","?","M","R","E","?","T","R","M","M","R","?","R","BOSS","M","?","M","M"],"build_version":"2018-11-15","purchased_purges":1,"victory":false,"max_hp_per_floor":[70,70,70,70,70,70,70,70,70,70,70,70,70,70,70,70,70,70,70,70,70,70,70,70,70,70,70,70,70,70,70,70,70,70,70,70,70,70],"card_choices":[{"not_picked":["Flechettes","Dash"],"picked":"Endless Agony","floor":0},{"not_picked":["Crippling Poison","Dodge and Roll"],"picked":"Noxious Fumes","floor":0},{"not_picked":["Flying Knee","Quick Slash"],"picked":"Dagger Throw","floor":0},{"not_picked":["Blade Dance","Expertise"],"picked":"Dagger Throw","floor":0},{"not_picked":["Caltrops","Sucker Punch"],"picked":"Outmaneuver","floor":0},{"not_picked":["Predator","Deflect"],"picked":"Slice","floor":1},{"not_picked":["Quick Slash","Bane"],"picked":"Cloak And Dagger","floor":3},{"not_picked":["Grand Finale","Bane"],"picked":"Tactician","floor":5},{"not_picked":["Eviscerate","Dagger Throw"],"picked":"Well Laid Plans","floor":7},{"not_picked":["Outmaneuver","Poisoned Stab"],"picked":"Deadly Poison","floor":8},{"not_picked":["Choke","Setup","Flying Knee"],"picked":"SKIP","floor":11},{"not_picked":["Grand Finale","Malaise"],"picked":"A Thousand Cuts","floor":16},{"not_picked":["Acrobatics","Bane+1"],"picked":"Dodge and Roll+1","floor":18},{"not_picked":["Heel Hook","PiercingWail"],"picked":"Footwork","floor":20},{"not_picked":["Backstab","Riddle With Holes"],"picked":"Dagger Spray+1","floor":22},{"not_picked":["Venomology","Predator"],"picked":"Backflip","floor":24},{"not_picked":["Eviscerate+1","Acrobatics"],"picked":"Dagger Throw","floor":25},{"not_picked":["Underhanded Strike","Prepared"],"picked":"Acrobatics+1","floor":28},{"not_picked":["Acrobatics","Dagger Spray","Corpse Explosion"],"picked":"SKIP","floor":29},{"not_picked":["Dagger Throw+1","Skewer+1"],"picked":"Sucker Punch+1","floor":35},{"not_picked":["Dodge and Roll+1","Slice+1"],"picked":"Backflip+1","floor":37}],"player_experience":162500,"relics_obtained":[{"floor":7,"key":"Pantograph"},{"floor":9,"key":"Happy Flower"},{"floor":11,"key":"Art of War"},{"floor":24,"key":"Tiny Chest"}],"event_choices":[{"damage_healed":0,"gold_gain":75,"player_choice":"Gather Gold","damage_taken":11,"max_hp_gain":0,"max_hp_loss":0,"event_name":"World of Goop","floor":2,"gold_loss":0},{"damage_healed":0,"gold_gain":0,"player_choice":"Bought 1 Potion","damage_taken":0,"max_hp_gain":0,"max_hp_loss":0,"event_name":"The Woman in Blue","floor":4,"gold_loss":0},{"damage_healed":0,"gold_gain":0,"player_choice":"1 cards matched","damage_taken":0,"max_hp_gain":0,"max_hp_loss":0,"event_name":"Match and Keep!","floor":14,"gold_loss":0,"cards_obtained":["Neutralize"]},{"damage_healed":0,"gold_gain":0,"player_choice":"Got Potions","damage_taken":0,"max_hp_gain":0,"max_hp_loss":0,"event_name":"Lab","floor":19,"gold_loss":0},{"damage_healed":0,"gold_gain":0,"player_choice":"Ignored","damage_taken":0,"max_hp_gain":0,"max_hp_loss":0,"event_name":"Vampires","floor":31,"gold_loss":0},{"damage_healed":0,"gold_gain":0,"player_choice":"Embrace Madness","damage_taken":9,"max_hp_gain":0,"max_hp_loss":0,"event_name":"Winding Halls","floor":36,"gold_loss":0,"cards_obtained":["Madness","Madness"]}],"is_beta":false,"boss_relics":[{"not_picked":["Calling Bell","Tiny House"],"picked":"Astrolabe"},{"not_picked":["White Beast Statue","Velvet Choker"],"picked":"Fusion Hammer"}],"items_purged_floors":[21],"is_endless":false,"potions_floor_spawned":[1,7,8,16,18,20,22,28,35,37],"killed_by":"3 Darklings","ascension_level":4}