{"gold_per_floor":[114,114,13,13,13,13,43,43,43,57,68,68,68,93,93,188,188,199,199,215,242,259,288,300],"floor_reached":24,"playtime":1335,"items_purged":[],"score":286,"play_id":"fa627825-e9f6-4cfa-9747-e41ac6d484e0","local_time":"20190124172331","is_ascension_mode":true,"campfire_choices":[{"data":"Zap","floor":6,"key":"SMITH"},{"data":"Barrage","floor":8,"key":"SMITH"},{"data":"Hologram","floor":12,"key":"SMITH"},{"data":"Barrage","floor":13,"key":"SMITH"},{"data":"Hologram","floor":15,"key":"SMITH"}],"neow_cost":"NONE","seed_source_timestamp":97214561117157,"circlet_count":0,"master_deck":["Strike_B","Strike_B","Defend_B","Defend_B","Defend_B","Defend_B","Zap+1","Dualcast","Barrage+1","Barrage+1","Conserve Battery","Go for the Eyes","Hologram+1","Beam Cell","Hologram+1","Echo Form","Hologram","Barrage+1","Ball Lightning","Lockon","Go for the Eyes+1"],"relics":["Cracked Core","Ornamental Fan","WingedGreaves","Vajra","Black Star","Red Mask","MawBank","Molten Egg 2"],"potions_floor_usage":[14,21,21,21],"damage_taken":[{"damage":10,"enemies":"Small Slimes","floor":1,"turns":2},{"damage":9,"enemies":"Lagavulin","floor":7,"turns":6},{"damage":2,"enemies":"2 Louse","floor":10,"turns":2},{"damage":0,"enemies":"Cultist","floor":11,"turns":3},{"damage":13,"enemies":"3 Sentries","floor":14,"turns":5},{"damage":0,"enemies":"Slime Boss","floor":16,"turns":4},{"damage":15,"enemies":"Shell Parasite","floor":18,"turns":4},{"damage":0,"enemies":"3 Byrds","floor":20,"turns":4},{"damage":13,"enemies":"Masked Bandits","floor":21,"turns":4},{"damage":16,"enemies":"Snecko","floor":22,"turns":5},{"damage":20,"enemies":"Book of Stabbing","floor":23,"turns":5},{"damage":3,"enemies":"Centurion and Healer","floor":24,"turns":4}],"seed_played":"559066593757498896","potions_obtained":[{"floor":1,"key":"Strength Potion"},{"floor":7,"key":"Poison Potion"},{"floor":14,"key":"FocusPotion"},{"floor":18,"key":"Ancient Potion"},{"floor":20,"key":"Swift Potion"},{"floor":23,"key":"GamblersBrew"}],"is_trial":false,"path_per_floor":["M","?","$","?","$","R","E","R","T","M","M","R","R","E","R","B",null,"M","?","M","?","M","E","M"],"character_chosen":"DEFECT","items_purchased":["Barrage","Conserve Battery"],"campfire_rested":0,"item_purchase_floors":[3,3],"current_hp_per_floor":[72,65,65,65,65,65,56,56,56,54,54,54,54,41,41,41,82,67,51,51,38,22,2,0],"gold":300,"neow_bonus":"TEN_PERCENT_HP_BONUS","is_prod":false,"is_daily":false,"chose_seed":false,"campfire_upgraded":5,"win_rate":0,"timestamp":1548347011,"path_taken":["M","?","$","?","$","R","E","R","T","?","M","R","R","E","R","BOSS","M","?","M","?","M","E","M"],"build_version":"2019-01-23","purchased_purges":0,"victory":false,"max_hp_per_floor":[82,82,82,82,82,82,82,82,82,82,82,82,82,82,82,82,82,82,87,87,87,87,87,87],"card_choices":[{"not_picked":["Sunder","Beam Cell"],"picked":"Barrage","floor":1},{"not_picked":["Meteor Strike","Loop"],"picked":"Go for the Eyes","floor":7},{"not_picked":["Go for the Eyes","Stack"],"picked":"Hologram","floor":10},{"not_picked":["Turbo","Steam"],"picked":"Beam Cell","floor":11},{"not_picked":["FTL","Reinforced Body"],"picked":"Hologram","floor":14},{"not_picked":["Hyperbeam","Meteor Strike"],"picked":"Echo Form","floor":16},{"not_picked":["Turbo","Compile Driver"],"picked":"Hologram","floor":18},{"not_picked":["Steam Power","Rebound"],"picked":"Barrage+1","floor":20},{"not_picked":["Aggregate","Tempest"],"picked":"Ball Lightning","floor":21},{"not_picked":["Beam Cell","Recycle+1"],"picked":"Lockon","floor":22},{"not_picked":["Skim+1","Steam Power"],"picked":"Go for the Eyes","floor":23}],"player_experience":36123,"relics_obtained":[{"floor":7,"key":"Ornamental Fan"},{"floor":9,"key":"WingedGreaves"},{"floor":14,"key":"Vajra"},{"floor":21,"key":"Red Mask"},{"floor":23,"key":"MawBank"},{"floor":23,"key":"Molten Egg 2"}],"event_choices":[{"cards_removed":["Strike_B"],"damage_healed":0,"gold_gain":0,"player_choice":"Card Removal","damage_taken":7,"max_hp_gain":0,"max_hp_loss":0,"event_name":"Golden Wing","floor":2,"gold_loss":0},{"cards_removed":["Strike_B"],"damage_healed":0,"gold_gain":0,"player_choice":"Purged","damage_taken":0,"max_hp_gain":0,"max_hp_loss":0,"event_name":"Purifier","floor":4,"gold_loss":0},{"damage_healed":0,"gold_gain":0,"player_choice":"Shed Blood","damage_taken":21,"max_hp_gain":5,"max_hp_loss":0,"event_name":"Forgotten Altar","floor":19,"gold_loss":0},{"damage_healed":0,"gold_gain":0,"player_choice":"Fought Bandits","damage_taken":0,"max_hp_gain":0,"max_hp_loss":0,"event_name":"Masked Bandits","floor":21,"gold_loss":0}],"is_beta":false,"boss_relics":[{"not_picked":["Calling Bell","Coffee Dripper"],"picked":"Black Star"}],"items_purged_floors":[],"is_endless":false,"potions_floor_spawned":[1,7,14,18,20,23],"killed_by":"Centurion and Healer","ascension_level":1}