{"path_per_floor":["M","?","M","M","M","R","M","E","T","M","R","?","R","M","R"],"character_chosen":"DEFECT","items_purchased":[],"gold_per_floor":[112,112,126,140,158,158,174,209,236,249,249,249,249,267,267,267],"floor_reached":16,"campfire_rested":0,"playtime":595,"item_purchase_floors":[],"current_hp_per_floor":[62,62,60,60,60,60,50,15,15,15,15,15,15,15,15,0],"items_purged":[],"gold":267,"score":182,"play_id":"f6a777cf-08a5-4cf1-ba87-e234cd08ee96","local_time":"20180529024426","is_prod":false,"is_daily":false,"chose_seed":false,"is_ascension_mode":true,"campfire_upgraded":4,"win_rate":0,"timestamp":1527583466,"campfire_choices":[{"data":"Go for the Eyes","floor":6,"key":"SMITH"},{"data":"Zap","floor":11,"key":"SMITH"},{"data":"Dualcast","floor":13,"key":"SMITH"},{"data":"Hologram","floor":15,"key":"SMITH"}],"path_taken":["M","?","M","M","M","R","?","E","T","M","R","?","R","?","R","BOSS"],"build_version":"2018-05-27","seed_source_timestamp":388162663623757,"purchased_purges":0,"victory":false,"master_deck":["Strike_B","Strike_B","Strike_B","Defend_B","Defend_B","Defend_B","Defend_B","Zap+1","Dualcast+1","AscendersBane","Amplify","Chill","Tempest","Ball Lightning","Go for the Eyes+1","Auto Shields","All For One","Hologram+1","Glacier"],"max_hp_per_floor":[71,71,71,71,71,71,71,71,71,71,71,71,71,71,71,71],"relics":["Cracked Core","Question Card","Anchor"],"card_choices":[{"not_picked":["Cold Snap","Compile Driver"],"picked":"Chill","floor":1},{"not_picked":["Rebound","Cold Snap"],"picked":"Tempest","floor":3},{"not_picked":["Stack","Aggregate"],"picked":"Ball Lightning","floor":4},{"not_picked":["Stack","Rip and Tear"],"picked":"Go for the Eyes","floor":5},{"not_picked":["Double Energy","Leap"],"picked":"Auto Shields","floor":7},{"not_picked":["Sweeping Beam","Beam Cell"],"picked":"All For One","floor":8},{"not_picked":["Rebound","Static Discharge","Genetic Algorithm"],"picked":"Hologram","floor":10},{"not_picked":["Self Repair","Hello World","Genetic Algorithm"],"picked":"Glacier","floor":14}],"player_experience":632656,"potions_floor_usage":[5,7,10],"damage_taken":[{"damage":2,"enemies":"Small Slimes","floor":1,"turns":4},{"damage":2,"enemies":"Jaw Worm","floor":3,"turns":5},{"damage":0,"enemies":"Cultist","floor":4,"turns":3},{"damage":0,"enemies":"3 Louse","floor":5,"turns":2},{"damage":10,"enemies":"Lots of Slimes","floor":7,"turns":4},{"damage":35,"enemies":"Gremlin Nob","floor":8,"turns":4},{"damage":0,"enemies":"Red Slaver","floor":10,"turns":2},{"damage":0,"enemies":"2 Fungi Beasts","floor":14,"turns":2},{"damage":17,"enemies":"Hexaghost","floor":16,"turns":9}],"relics_obtained":[{"floor":8,"key":"Question Card"},{"floor":9,"key":"Anchor"}],"event_choices":[{"event_name":"Liars Game","player_choice":"disagreed","floor":2,"damage_taken":0},{"event_name":"Purifier","player_choice":"One Purge","floor":12,"damage_taken":0}],"boss_relics":[],"items_purged_floors":[],"potions_floor_spawned":[3,4,8],"seed_played":"-5867523427680786824","killed_by":"Hexaghost","ascension_level":15,"potions_obtained":[{"floor":3,"key":"AttackPotion"},{"floor":4,"key":"Fire Potion"},{"floor":8,"key":"AttackPotion"}],"is_trial":false}