{"path_per_floor":["M","?","M","$","M","M","?","R","T","M","?","R","E","M","R","B",null,"M","?","M","?","$","E","M","M","T","R","M","M","R","M","R","B",null,"M","?","M","M","$","R","E","R","T","M","M","?","R","M","R","B"],"character_chosen":"DEFECT","items_purchased":["Chill","Glacier","Singing Bowl","Capacitor","Coolheaded+1"],"gold_per_floor":[119,119,139,30,42,59,59,59,59,75,75,75,110,128,128,203,203,219,219,202,202,9,37,56,68,68,68,79,93,93,110,110,189,189,200,200,215,226,5,5,31,31,54,65,79,79,79,96,96,96],"floor_reached":51,"campfire_rested":0,"playtime":3870,"item_purchase_floors":[4,22,22,39,39],"current_hp_per_floor":[64,64,55,55,48,46,46,46,46,46,41,41,28,19,19,26,60,60,60,66,66,66,35,49,57,57,57,63,75,75,77,77,77,77,77,77,67,64,64,64,68,68,68,70,66,66,66,73,73,65],"items_purged":["Pain","Strike_B+1"],"gold":96,"score":1318,"play_id":"eed57578-361a-44d4-ae80-9ebc49004526","local_time":"20180613175651","is_prod":false,"is_daily":false,"chose_seed":false,"is_ascension_mode":true,"campfire_upgraded":10,"win_rate":0,"timestamp":1528934211,"campfire_choices":[{"data":"Defragment","floor":8,"key":"SMITH"},{"data":"Zap","floor":12,"key":"SMITH"},{"data":"Hologram","floor":15,"key":"SMITH"},{"data":"Ball Lightning","floor":27,"key":"SMITH"},{"data":"Dualcast","floor":30,"key":"SMITH"},{"data":"Echo Form","floor":32,"key":"SMITH"},{"data":"Capacitor","floor":40,"key":"SMITH"},{"data":"Leap","floor":42,"key":"SMITH"},{"data":"Cold Snap","floor":47,"key":"SMITH"},{"data":"Glacier","floor":49,"key":"SMITH"}],"path_taken":["M","?","M","$","M","?","?","R","T","?","?","R","E","M","R","BOSS","M","?","M","?","$","E","?","M","T","R","M","M","R","M","R","BOSS","M","?","M","?","$","R","E","R","T","M","M","?","R","M","R","BOSS"],"build_version":"2018-06-13","seed_source_timestamp":205429131762409,"purchased_purges":2,"victory":true,"master_deck":["Strike_B+1","Defend_B+1","Defend_B+1","Defend_B+1","Defend_B+1","Zap+1","Dualcast+1","AscendersBane","Hologram+1","Leap","Ball Lightning+1","Chill","Defragment+1","Compile Driver","Leap+1","Cold Snap+1","Self Repair","Echo Form+1","Conserve Battery","Glacier+1","Go for the Eyes+1","Redo+1","Core Surge","Electrodynamics","Redo+1","Turbo+1","Coolheaded+1","Capacitor+1","Coolheaded+1","Loop+1","Cold Snap+1"],"max_hp_per_floor":[71,71,71,71,71,71,71,71,71,71,71,71,71,71,71,71,71,71,71,71,71,71,73,73,75,75,75,75,75,75,77,77,77,77,77,77,79,79,79,79,81,81,81,83,83,83,83,83,83,83],"special_seed":0,"relics":["Cracked Core","Bottled Flame","Toolbox","DataDisk","Sozu","Singing Bowl","Thread and Needle","Toxic Egg 2","Velvet Choker","Shuriken","Bag of Preparation"],"card_choices":[{"not_picked":["Turbo","Rebound"],"picked":"Leap","floor":1},{"not_picked":["Sweeping Beam","Chill"],"picked":"Ball Lightning","floor":3},{"not_picked":["Redo","Chaos"],"picked":"Defragment","floor":5},{"not_picked":["Static Discharge","Streamline"],"picked":"Compile Driver","floor":6},{"not_picked":["Cold Snap","Turbo"],"picked":"Leap","floor":10},{"not_picked":["Steam","Hello World"],"picked":"Cold Snap","floor":13},{"not_picked":["Core Surge","Storm"],"picked":"Self Repair","floor":14},{"not_picked":["Hyperbeam","Rainbow"],"picked":"Echo Form","floor":16},{"not_picked":["Steam Power","Aggregate"],"picked":"FTL","floor":18},{"not_picked":["Fusion","Compile Driver"],"picked":"Conserve Battery","floor":20},{"not_picked":["Sweeping Beam+1","Turbo+1","Rebound"],"picked":"Singing Bowl","floor":23},{"not_picked":["Turbo","Skim"],"picked":"Go for the Eyes+1","floor":24},{"not_picked":["Steam Power","Cold Snap","Steam+1"],"picked":"Singing Bowl","floor":25},{"not_picked":["Barrage","Cold Snap+1"],"picked":"Redo+1","floor":28},{"not_picked":["Aggregate+1","Auto Shields+1"],"picked":"Core Surge","floor":29},{"not_picked":["Turbo+1","Go for the Eyes","Hello World+1"],"picked":"Singing Bowl","floor":31},{"not_picked":["Fission+1","Meteor Strike"],"picked":"Electrodynamics","floor":33},{"not_picked":["Coolheaded+1","Turbo+1"],"picked":"Redo+1","floor":35},{"not_picked":["Go for the Eyes","Barrage","Self Repair"],"picked":"Singing Bowl","floor":37},{"not_picked":["Amplify+1","Go for the Eyes"],"picked":"Coolheaded+1","floor":38},{"not_picked":["Rebound","Steam+1","Turbo+1"],"picked":"Singing Bowl","floor":41},{"not_picked":["Coolheaded+1","Fusion+1","Steam Power+1"],"picked":"Singing Bowl","floor":44},{"not_picked":["Redo+1","Heatsinks+1"],"picked":"Loop+1","floor":45},{"not_picked":["Gash+1","Sweeping Beam+1"],"picked":"Cold Snap+1","floor":48}],"player_experience":690269,"potions_floor_usage":[13,16,18],"damage_taken":[{"damage":0,"enemies":"Small Slimes","floor":1,"turns":3},{"damage":9,"enemies":"Cultist","floor":3,"turns":5},{"damage":7,"enemies":"Jaw Worm","floor":5,"turns":2},{"damage":2,"enemies":"3 Louse","floor":6,"turns":3},{"damage":0,"enemies":"Red Slaver","floor":10,"turns":3},{"damage":13,"enemies":"Gremlin Nob","floor":13,"turns":4},{"damage":9,"enemies":"Large Slime","floor":14,"turns":3},{"damage":0,"enemies":"The Guardian","floor":16,"turns":12},{"damage":0,"enemies":"3 Byrds","floor":18,"turns":3},{"damage":1,"enemies":"2 Thieves","floor":20,"turns":4},{"damage":47,"enemies":"Gremlin Leader","floor":23,"turns":8},{"damage":0,"enemies":"Chosen and Byrds","floor":24,"turns":7},{"damage":1,"enemies":"Centurion and Healer","floor":25,"turns":7},{"damage":1,"enemies":"Slaver and Parasite","floor":28,"turns":8},{"damage":0,"enemies":"3 Cultists","floor":29,"turns":5},{"damage":7,"enemies":"Centurion and Healer","floor":31,"turns":8},{"damage":0,"enemies":"Automaton","floor":33,"turns":13},{"damage":0,"enemies":"Flame Bruiser 1 Orb","floor":35,"turns":4},{"damage":26,"enemies":"3 Darklings","floor":37,"turns":5},{"damage":3,"enemies":"Sphere and 2 Shapes","floor":38,"turns":6},{"damage":12,"enemies":"Nemesis","floor":41,"turns":7},{"damage":0,"enemies":"Flame Bruiser 2 Orb","floor":44,"turns":4},{"damage":4,"enemies":"4 Shapes","floor":45,"turns":3},{"damage":0,"enemies":"Sphere and 2 Shapes","floor":48,"turns":4},{"damage":15,"enemies":"Time Eater","floor":50,"turns":15}],"relics_obtained":[{"floor":9,"key":"Bottled Flame"},{"floor":13,"key":"DataDisk"},{"floor":23,"key":"Thread and Needle"},{"floor":26,"key":"Toxic Egg 2"},{"floor":41,"key":"Shuriken"},{"floor":43,"key":"Bag of Preparation"}],"event_choices":[{"event_name":"Match and Keep!","player_choice":"1 cards matched","floor":2,"damage_taken":0},{"event_name":"Liars Game","player_choice":"disagreed","floor":7,"damage_taken":0},{"event_name":"Scrap Ooze","player_choice":"success","floor":11,"damage_taken":5},{"event_name":"The Mausoleum","player_choice":"No","floor":19,"damage_taken":0},{"event_name":"Back to Basics","player_choice":"Simplicity","floor":21,"damage_taken":0},{"event_name":"Transmorgrifier","player_choice":"Transform","floor":36,"damage_taken":0},{"event_name":"Falling","player_choice":"Removed Attack","floor":46,"damage_taken":0}],"boss_relics":[{"not_picked":["Empty Cage","Philosopher\u0027s Stone"],"picked":"Sozu"},{"not_picked":["Fusion Hammer","Calling Bell"],"picked":"Velvet Choker"}],"items_purged_floors":[4,39],"potions_floor_spawned":[3,6,10,14,16,18,23,25,31,33,44,45],"seed_played":"-6590663912789848549","ascension_level":15,"potions_obtained":[{"floor":3,"key":"Swift Potion"},{"floor":6,"key":"FairyPotion"},{"floor":10,"key":"EssenceOfSteel"},{"floor":14,"key":"Block Potion"},{"floor":16,"key":"Fire Potion"}],"is_trial":false}