{"gold_per_floor":[115,115,3,13,13,13,39,39,39,58,91,91,117,133,133,208,208,223,189,20,36,36,36,36,64,64,64,81,1,20,35,35,107,107,117,80,90,109,126,126,126],"floor_reached":41,"playtime":2144,"items_purged":["Strike_G","Strike_G"],"score":897,"play_id":"ab0b909e-0a70-46fe-a2d2-d782338fc94a","local_time":"20180807094102","is_ascension_mode":true,"campfire_choices":[{"data":"Neutralize","floor":6,"key":"SMITH"},{"data":"Footwork","floor":8,"key":"SMITH"},{"data":"Footwork","floor":15,"key":"SMITH"},{"data":"Caltrops","floor":23,"key":"SMITH"},{"data":"Dash","floor":27,"key":"SMITH"},{"data":"Deadly Poison","floor":32,"key":"SMITH"},{"data":"Noxious Fumes","floor":40,"key":"SMITH"}],"neow_cost":"NONE","seed_source_timestamp":1121434495517642,"circlet_count":0,"master_deck":["Defend_G+1","Defend_G+1","Defend_G+1","Defend_G+1","Defend_G+1","Strike_G+1","Survivor","Neutralize+1","AscendersBane","Dash+1","Footwork+1","Footwork+1","Infinite Blades","Terror","Poisoned Stab","Footwork+1","Sucker Punch","Deadly Poison+1","Caltrops+1","Distraction+1","Crippling Poison","Cloak And Dagger","Blur","Deflect","Deadly Poison","Burst","Cloak And Dagger","Noxious Fumes+1","Footwork+1","PiercingWail"],"relics":["Empty Cage","Ornamental Fan","Pantograph","Potion Belt","Mercury Hourglass","Odd Mushroom","Coffee Dripper","Paper Crane","Meat on the Bone","Omamori","Runic Pyramid"],"potions_floor_usage":[11,16,16,39,41],"damage_taken":[{"damage":2,"enemies":"Jaw Worm","floor":1,"turns":8},{"damage":2,"enemies":"Cultist","floor":4,"turns":5},{"damage":38,"enemies":"3 Sentries","floor":7,"turns":19},{"damage":0,"enemies":"2 Louse","floor":10,"turns":4},{"damage":0,"enemies":"Lagavulin","floor":11,"turns":12},{"damage":4,"floor":13,"turns":5},{"damage":0,"enemies":"2 Fungi Beasts","floor":14,"turns":3},{"damage":18,"enemies":"Slime Boss","floor":16,"turns":14},{"damage":0,"enemies":"3 Byrds","floor":18,"turns":6},{"damage":9,"enemies":"2 Thieves","floor":19,"turns":5},{"damage":17,"enemies":"Snake Plant","floor":21,"turns":5},{"damage":17,"enemies":"Gremlin Leader","floor":25,"turns":9},{"damage":1,"enemies":"Centurion and Healer","floor":28,"turns":7},{"damage":10,"enemies":"Sentry and Sphere","floor":30,"turns":7},{"damage":3,"enemies":"3 Cultists","floor":31,"turns":6},{"damage":0,"enemies":"Champ","floor":33,"turns":16},{"damage":12,"enemies":"3 Darklings","floor":35,"turns":6},{"damage":5,"enemies":"Orb Walker","floor":37,"turns":5},{"damage":1,"enemies":"Sphere and 2 Shapes","floor":38,"turns":5},{"damage":7,"enemies":"Jaw Worm Horde","floor":39,"turns":7},{"damage":49,"enemies":"2 Orb Walkers","floor":41,"turns":4}],"seed_played":"-5486359318881470251","potions_obtained":[{"floor":1,"key":"FairyPotion"},{"floor":10,"key":"Regen Potion"},{"floor":11,"key":"Weak Potion"},{"floor":13,"key":"SkillPotion"},{"floor":14,"key":"FearPotion"},{"floor":28,"key":"Ancient Potion"},{"floor":30,"key":"FearPotion"},{"floor":33,"key":"FearPotion"},{"floor":38,"key":"Energy Potion"}],"is_trial":false,"path_per_floor":["M","?","$","M","?","R","E","R","T","M","E","?","?","M","R","B",null,"M","M","$","M","?","R","T","E","T","R","M","$","M","M","R","B",null,"M","$","M","M","M","R"],"character_chosen":"THE_SILENT","items_purchased":["Footwork","Caltrops","Blur","Noxious Fumes"],"campfire_rested":0,"item_purchase_floors":[3,20,29,36],"current_hp_per_floor":[57,57,57,55,60,60,22,22,22,22,37,37,33,33,33,40,63,63,54,54,37,37,37,37,20,20,20,31,31,33,42,42,67,70,58,58,53,52,45,45,0],"gold":126,"neow_bonus":"BOSS_RELIC","is_prod":false,"is_daily":false,"chose_seed":false,"campfire_upgraded":7,"win_rate":0,"timestamp":1533656462,"path_taken":["M","?","$","M","?","R","E","R","T","M","E","?","?","M","R","BOSS","M","M","$","M","?","R","?","E","T","R","M","$","M","M","R","BOSS","M","$","?","M","M","R","E"],"build_version":"2018-08-06","purchased_purges":2,"victory":false,"max_hp_per_floor":[66,66,66,66,71,71,71,71,71,71,71,71,71,71,71,71,71,71,71,71,71,71,71,71,71,71,71,71,71,71,71,71,71,71,71,71,71,71,71,71,71],"card_choices":[{"not_picked":["Underhanded Strike","Flying Knee"],"picked":"Dash","floor":1},{"not_picked":["Blur","Deadly Poison"],"picked":"Footwork","floor":4},{"not_picked":["Masterful Stab","Acrobatics","Bane"],"picked":"SKIP","floor":7},{"not_picked":["Blade Dance","Reflex"],"picked":"Infinite Blades","floor":10},{"not_picked":["Dodge and Roll","Outmaneuver"],"picked":"Terror","floor":11},{"not_picked":["Bane","Expertise"],"picked":"Poisoned Stab","floor":13},{"not_picked":["Poisoned Stab","Dagger Throw"],"picked":"Footwork","floor":14},{"not_picked":["Concentrate","Bane"],"picked":"Sucker Punch","floor":18},{"not_picked":["Blade Dance","Dodge and Roll"],"picked":"Deadly Poison","floor":19},{"not_picked":["Outmaneuver","Sucker Punch"],"picked":"Distraction+1","floor":21},{"not_picked":["Backflip","Sucker Punch"],"picked":"Crippling Poison","floor":25},{"not_picked":["Prepared","Sucker Punch+1"],"picked":"Cloak And Dagger","floor":28},{"not_picked":["Expertise","Acrobatics+1"],"picked":"Deflect","floor":30},{"not_picked":["Dagger Spray","Underhanded Strike"],"picked":"Deadly Poison","floor":31},{"not_picked":["Unload","Venomology"],"picked":"Burst","floor":33},{"not_picked":["Accuracy","Backflip"],"picked":"Cloak And Dagger","floor":35},{"not_picked":["Flying Knee","Bane+1","Blade Dance"],"picked":"SKIP","floor":37},{"not_picked":["Cloak And Dagger","PiercingWail"],"picked":"Footwork+1","floor":38},{"not_picked":["Well Laid Plans","Sucker Punch"],"picked":"PiercingWail","floor":39}],"player_experience":957644,"relics_obtained":[{"floor":7,"key":"Pantograph"},{"floor":9,"key":"Potion Belt"},{"floor":11,"key":"Mercury Hourglass"},{"floor":13,"key":"Odd Mushroom"},{"floor":24,"key":"Paper Crane"},{"floor":25,"key":"Meat on the Bone"},{"floor":26,"key":"Omamori"}],"event_choices":[{"event_name":"WeMeetAgain","player_choice":"Potion","floor":2,"damage_taken":0},{"event_name":"Big Fish","player_choice":"Donut","floor":5,"damage_taken":0},{"event_name":"Living Wall","player_choice":"Grow","floor":12,"damage_taken":0},{"event_name":"Mushrooms","player_choice":"Fought Mushrooms","floor":13,"damage_taken":0},{"event_name":"Back to Basics","player_choice":"Simplicity","floor":22,"damage_taken":0}],"is_beta":true,"boss_relics":[{"not_picked":["Calling Bell","Velvet Choker"],"picked":"Coffee Dripper"},{"not_picked":["WristBlade","Tiny House"],"picked":"Runic Pyramid"}],"items_purged_floors":[3,20],"is_endless":false,"potions_floor_spawned":[1,10,11,13,14,28,30,33,38],"killed_by":"2 Orb Walkers","ascension_level":15}