{"gold_per_floor":[18,35,310,8,19,19,48,48,48,66,66,93,93,112,112,188,188,203,103,119,132,152,152,164,192,263,283,316,316,343,359,359,359],"floor_reached":33,"playtime":1508,"items_purged":["Regret","Strike_R"],"score":671,"play_id":"6efd2632-7dbb-4ec5-bce1-b0353c105e35","local_time":"20190113222608","is_ascension_mode":true,"campfire_choices":[{"data":"Bash","floor":6,"key":"SMITH"},{"data":"Immolate","floor":11,"key":"SMITH"},{"data":"Clothesline","floor":13,"key":"SMITH"},{"data":"Armaments","floor":15,"key":"SMITH"},{"data":"Fiend Fire","floor":23,"key":"SMITH"},{"data":"Metallicize","floor":32,"key":"SMITH"}],"neow_cost":"NO_GOLD","seed_source_timestamp":361151243993009,"circlet_count":0,"master_deck":["AscendersBane","Strike_R+1","Strike_R","Strike_R+1","Defend_R","Defend_R","Defend_R","Defend_R","Bash+1","Pommel Strike","Headbutt","Metallicize+1","Immolate+1","Infernal Blade","Clothesline+1","Armaments+1","Fiend Fire+1","Shrug It Off","Spot Weakness+1","Havoc+1","Pummel","Decay","Thunderclap","Metallicize"],"relics":["Burning Blood","Magic Flower","Whetstone","StoneCalendar","Gambling Chip","Anchor","Velvet Choker","Mummified Hand","Mercury Hourglass","PreservedInsect","Omamori"],"potions_floor_usage":[7,7,12,16,25,28,28],"damage_taken":[{"damage":1,"enemies":"2 Louse","floor":1,"turns":4},{"damage":6,"enemies":"Cultist","floor":2,"turns":3},{"damage":2,"enemies":"Small Slimes","floor":5,"turns":3},{"damage":24,"enemies":"Gremlin Nob","floor":7,"turns":4},{"damage":19,"enemies":"Exordium Thugs","floor":10,"turns":4},{"damage":13,"enemies":"Lagavulin","floor":12,"turns":7},{"damage":0,"enemies":"Large Slime","floor":14,"turns":2},{"damage":40,"enemies":"Hexaghost","floor":16,"turns":11},{"damage":11,"enemies":"Shell Parasite","floor":18,"turns":5},{"damage":0,"enemies":"Chosen","floor":20,"turns":4},{"damage":13,"enemies":"Shelled Parasite and Fungi","floor":21,"turns":5},{"damage":0,"enemies":"Centurion and Healer","floor":22,"turns":5},{"damage":0,"enemies":"3 Cultists","floor":24,"turns":3},{"damage":15,"enemies":"Slavers","floor":25,"turns":3},{"damage":24,"enemies":"Cultist and Chosen","floor":27,"turns":5},{"damage":21,"enemies":"Book of Stabbing","floor":28,"turns":5},{"damage":0,"enemies":"Slavers","floor":30,"turns":2},{"damage":7,"enemies":"Snecko","floor":31,"turns":3},{"damage":40,"enemies":"Champ","floor":33,"turns":8}],"seed_played":"-1135842178716971768","potions_obtained":[{"floor":2,"key":"Weak Potion"},{"floor":7,"key":"EssenceOfSteel"},{"floor":10,"key":"Dexterity Potion"},{"floor":16,"key":"Ancient Potion"},{"floor":22,"key":"SpeedPotion"},{"floor":24,"key":"PowerPotion"},{"floor":25,"key":"GamblersBrew"}],"is_trial":false,"path_per_floor":["M","M","?","$","M","R","E","?","T","M","R","E","R","M","R","B",null,"M","$","M","M","M","R","M","E","T","M","E","?","E","M","R","B"],"character_chosen":"IRONCLAD","items_purchased":["Whetstone","SkillPotion"],"campfire_rested":0,"item_purchase_floors":[4,4],"current_hp_per_floor":[75,75,75,75,75,75,60,60,60,50,50,46,46,55,55,24,62,60,60,69,65,74,74,75,69,69,54,42,42,51,53,53,13],"gold":359,"neow_bonus":"ONE_RARE_RELIC","is_prod":false,"is_daily":false,"chose_seed":false,"campfire_upgraded":6,"win_rate":0,"timestamp":1547443568,"path_taken":["M","M","?","$","?","R","E","?","T","M","R","E","R","M","R","BOSS","M","$","M","M","M","R","M","E","T","M","E","?","E","M","R","BOSS"],"build_version":"2019-01-10","purchased_purges":2,"victory":false,"max_hp_per_floor":[75,75,75,75,75,75,75,75,75,75,75,75,75,75,75,75,75,75,75,75,75,75,75,75,75,75,75,75,75,75,75,75,75],"card_choices":[{"not_picked":["Anger","Thunderclap"],"picked":"Pommel Strike","floor":1},{"not_picked":["Sentinel","Sever Soul"],"picked":"Headbutt","floor":2},{"not_picked":["Fire Breathing","Headbutt"],"picked":"Metallicize","floor":5},{"not_picked":["Dropkick","Sever Soul"],"picked":"Immolate","floor":7},{"not_picked":["Anger","Sword Boomerang"],"picked":"Clothesline","floor":10},{"not_picked":["Perfected Strike","Flex","Headbutt"],"picked":"SKIP","floor":12},{"not_picked":["Sword Boomerang","Carnage"],"picked":"Armaments","floor":14},{"not_picked":["Juggernaut","Feed"],"picked":"Fiend Fire","floor":16},{"not_picked":["Second Wind","Warcry"],"picked":"Shrug It Off","floor":18},{"not_picked":["Entrench","Carnage"],"picked":"Spot Weakness+1","floor":20},{"not_picked":["Headbutt","Rage","Wild Strike"],"picked":"SKIP","floor":21},{"not_picked":["Sentinel","Bludgeon"],"picked":"Havoc+1","floor":22},{"not_picked":["Twin Strike","Fire Breathing","Bloodletting"],"picked":"SKIP","floor":24},{"not_picked":["Sever Soul","Warcry","Wild Strike"],"picked":"SKIP","floor":25},{"not_picked":["Clash","Rampage","Armaments"],"picked":"SKIP","floor":27},{"not_picked":["Spot Weakness","Reckless Charge+1"],"picked":"Pummel","floor":28},{"not_picked":["Headbutt","Body Slam"],"picked":"Thunderclap","floor":30},{"not_picked":["Rupture","Iron Wave"],"picked":"Metallicize","floor":31}],"player_experience":1203120,"relics_obtained":[{"floor":7,"key":"StoneCalendar"},{"floor":9,"key":"Gambling Chip"},{"floor":12,"key":"Anchor"},{"floor":25,"key":"Mummified Hand"},{"floor":26,"key":"Mercury Hourglass"},{"floor":28,"key":"PreservedInsect"},{"floor":30,"key":"Omamori"}],"event_choices":[{"damage_healed":0,"gold_gain":275,"player_choice":"Desecrate","damage_taken":0,"max_hp_gain":0,"max_hp_loss":0,"event_name":"Golden Shrine","floor":3,"gold_loss":0,"cards_obtained":["Regret"]},{"damage_healed":0,"gold_gain":0,"cards_transformed":["Strike_R"],"player_choice":"Transformed","damage_taken":0,"max_hp_gain":0,"max_hp_loss":0,"event_name":"Transmorgrifier","floor":8,"gold_loss":0,"cards_obtained":["Infernal Blade"]},{"damage_healed":0,"gold_gain":0,"player_choice":"Smashed Altar","damage_taken":0,"max_hp_gain":0,"max_hp_loss":0,"event_name":"Forgotten Altar","floor":29,"gold_loss":0,"cards_obtained":["Decay"]}],"is_beta":true,"boss_relics":[{"not_picked":["Ectoplasm","Tiny House"],"picked":"Velvet Choker"}],"items_purged_floors":[4,19],"is_endless":false,"potions_floor_spawned":[2,7,10,16,22,24,25],"killed_by":"Champ","ascension_level":19}