{"gold_per_floor":[113,113,125,144,162,162,174,174,199,242,273,299,331,356,368,481,493,517,529,557,281,294,308,343,343,419,419],"floor_reached":27,"playtime":1393,"items_purged":["Strike_B"],"score":290,"play_id":"50698fbf-11e8-4057-b153-3f265bf99441","local_time":"20181021204808","is_ascension_mode":true,"campfire_choices":[{"data":"Defragment","floor":6,"key":"SMITH"},{"data":"Zap","floor":8,"key":"SMITH"},{"data":"Coolheaded","floor":15,"key":"SMITH"}],"neow_cost":"TEN_PERCENT_HP_LOSS","seed_source_timestamp":36440338641195,"circlet_count":0,"master_deck":["Strike_B","Strike_B","Strike_B","Defend_B","Defend_B","Defend_B","Defend_B","Zap+1","Dualcast","FTL","Loop","Static Discharge","Defragment+1","BootSequence","Capacitor","Gash","Gash","Coolheaded+1","Steam","All For One","Go for the Eyes","Hologram","Heatsinks","Steam","Compile Driver","Defragment","Gash","Capacitor","Gash+1","Scrape"],"relics":["Cracked Core","Bird Faced Urn","Omamori","MawBank","Smiling Mask","Orrery","Vajra","Question Card","Ancient Tea Set","Mummified Hand"],"potions_floor_usage":[24,24,24],"damage_taken":[{"damage":9,"enemies":"Jaw Worm","floor":1,"turns":4},{"damage":2,"enemies":"2 Louse","floor":3,"turns":3},{"damage":1,"enemies":"Cultist","floor":4,"turns":3},{"damage":19,"enemies":"Lots of Slimes","floor":5,"turns":6},{"damage":0,"enemies":"2 Fungi Beasts","floor":7,"turns":2},{"damage":3,"enemies":"Lagavulin","floor":10,"turns":5},{"damage":0,"enemies":"Large Slime","floor":11,"turns":5},{"damage":0,"enemies":"Blue Slaver","floor":12,"turns":3},{"damage":4,"enemies":"Red Slaver","floor":13,"turns":4},{"damage":7,"enemies":"3 Louse","floor":14,"turns":3},{"damage":38,"enemies":"Slime Boss","floor":16,"turns":9},{"damage":3,"enemies":"Shell Parasite","floor":18,"turns":6},{"damage":2,"enemies":"3 Byrds","floor":20,"turns":5},{"damage":18,"enemies":"Centurion and Healer","floor":22,"turns":6},{"damage":14,"enemies":"Shelled Parasite and Fungi","floor":23,"turns":4},{"damage":47,"enemies":"Gremlin Leader","floor":24,"turns":6},{"damage":32,"enemies":"Snake Plant","floor":27,"turns":4}],"seed_played":"-346927543226444459","potions_obtained":[{"floor":1,"key":"Poison Potion"},{"floor":3,"key":"PowerPotion"},{"floor":5,"key":"Regen Potion"},{"floor":18,"key":"EssenceOfSteel"},{"floor":24,"key":"LiquidBronze"}],"is_trial":false,"path_per_floor":["M","?","M","M","M","R","M","R","T","E","M","M","M","M","R","B",null,"M","?","M","$","M","M","E","?","T"],"character_chosen":"DEFECT","items_purchased":["Vajra","Gash","Capacitor"],"campfire_rested":0,"item_purchase_floors":[21,21,21],"current_hp_per_floor":[59,41,39,40,25,25,29,29,29,32,40,48,52,51,51,21,68,67,67,68,68,56,48,20,20,20,0],"gold":419,"neow_bonus":"ONE_RARE_RELIC","is_prod":false,"is_daily":false,"chose_seed":false,"campfire_upgraded":3,"win_rate":0,"timestamp":1540162088,"path_taken":["M","?","M","M","M","R","?","R","T","E","?","M","M","M","R","BOSS","M","?","M","$","?","M","E","?","T","M"],"build_version":"2018-10-18","purchased_purges":1,"victory":false,"max_hp_per_floor":[68,68,68,68,68,68,68,68,68,68,68,68,68,68,68,68,68,68,68,68,68,68,68,68,68,68,68],"card_choices":[{"not_picked":["Rebound","Hologram"],"picked":"FTL","floor":1},{"not_picked":["Hologram","White Noise"],"picked":"Loop","floor":3},{"not_picked":["Streamline","Heatsinks"],"picked":"Static Discharge","floor":4},{"not_picked":["Hologram","Consume"],"picked":"Defragment","floor":5},{"not_picked":["Chaos","Leap"],"picked":"BootSequence","floor":7},{"not_picked":["FTL","Streamline"],"picked":"Capacitor","floor":10},{"not_picked":["Chaos","Conserve Battery"],"picked":"Gash","floor":11},{"not_picked":["Beam Cell","Sweeping Beam"],"picked":"Gash","floor":12},{"not_picked":["Undo","Compile Driver"],"picked":"Coolheaded","floor":13},{"not_picked":["Cold Snap","Compile Driver"],"picked":"Steam","floor":14},{"not_picked":["Creative AI","Rainbow"],"picked":"All For One","floor":16},{"not_picked":["Coolheaded","Skim"],"picked":"Go for the Eyes","floor":17},{"not_picked":["Cold Snap","Recycle"],"picked":"Hologram","floor":17},{"not_picked":["Sunder","Creative AI"],"picked":"Heatsinks","floor":17},{"not_picked":["Barrage","Coolheaded"],"picked":"Steam","floor":17},{"not_picked":["Stack","Rebound"],"picked":"Compile Driver","floor":17},{"not_picked":["Barrage","Biased Cognition"],"picked":"Defragment","floor":18},{"not_picked":["Leap","Coolheaded","Streamline"],"picked":"SKIP","floor":20},{"not_picked":["Self Repair+1","Redo"],"picked":"Gash+1","floor":22},{"not_picked":["Redo","Consume","Defragment"],"picked":"SKIP","floor":23},{"not_picked":["Rebound","Fusion+1"],"picked":"Scrape","floor":24}],"player_experience":108659,"relics_obtained":[{"floor":9,"key":"MawBank"},{"floor":10,"key":"Smiling Mask"},{"floor":24,"key":"Question Card"},{"floor":26,"key":"Mummified Hand"}],"event_choices":[{"damage_healed":0,"gold_gain":0,"player_choice":"Success","damage_taken":18,"relics_obtained":["Omamori"],"max_hp_gain":0,"max_hp_loss":0,"event_name":"Scrap Ooze","floor":2,"gold_loss":0},{"damage_healed":0,"gold_gain":0,"player_choice":"Ignored","damage_taken":0,"max_hp_gain":0,"max_hp_loss":0,"event_name":"Vampires","floor":19,"gold_loss":0},{"damage_healed":0,"gold_gain":0,"player_choice":"Opened","damage_taken":0,"relics_obtained":["Ancient Tea Set"],"max_hp_gain":0,"max_hp_loss":0,"event_name":"The Mausoleum","floor":25,"gold_loss":0}],"is_beta":false,"boss_relics":[{"not_picked":["Runic Dome","Ectoplasm"],"picked":"Orrery"}],"items_purged_floors":[21],"is_endless":false,"potions_floor_spawned":[1,3,5,7,18,24],"killed_by":"Snake Plant","ascension_level":2}