{"gold_per_floor":[110,110,110,124,49,49,49,68,94,119,119,43,78,95,95,195,195,215,215,227,244,3,37,37,50,50,50,50,50,73,90,90,90],"floor_reached":33,"playtime":1927,"items_purged":[],"score":298,"play_id":"200fba84-d3a6-4776-811c-b2a9f618c1fb","local_time":"20190210230013","is_ascension_mode":false,"campfire_choices":[{"data":"Backstab","floor":6,"key":"SMITH"},{"data":"Neutralize","floor":11,"key":"SMITH"},{"floor":15,"key":"REST"},{"data":"Envenom","floor":24,"key":"SMITH"},{"data":"1","floor":27,"key":"LIFT"},{"data":"2","floor":29,"key":"LIFT"},{"data":"3","floor":32,"key":"LIFT"}],"neow_cost":"NONE","seed_source_timestamp":2945956918500,"circlet_count":0,"master_deck":["Survivor","Neutralize+1","Deflect","Catalyst+1","Backstab+1","Blade Dance","Backflip","Poisoned Stab","Blade Dance","Crippling Poison","Envenom+1","Adrenaline","All Out Attack","Adrenaline","Bane","Crippling Poison","Concentrate","Underhanded Strike+1","Outmaneuver","Predator","Setup","Cloak And Dagger","RitualDagger+1","Backflip+1","Bouncing Flask","Escape Plan+1","Deadly Poison+1"],"relics":["Ring of the Snake","Bronze Scales","Orichalcum","Tingsha","Vajra","Pandora\u0027s Box","Ninja Scroll","Incense Burner","Girya","Whetstone"],"potions_floor_usage":[10,16,21,25,33,33],"damage_taken":[{"damage":0,"enemies":"2 Louse","floor":1,"turns":3},{"damage":0,"enemies":"Jaw Worm","floor":4,"turns":4},{"damage":0,"enemies":"Small Slimes","floor":8,"turns":3},{"damage":12,"enemies":"Gremlin Nob","floor":10,"turns":4},{"damage":8,"enemies":"3 Sentries","floor":13,"turns":10},{"damage":4,"enemies":"Gremlin Gang","floor":14,"turns":3},{"damage":30,"enemies":"Hexaghost","floor":16,"turns":10},{"damage":2,"enemies":"Chosen","floor":18,"turns":3},{"damage":0,"enemies":"Spheric Guardian","floor":20,"turns":2},{"damage":14,"enemies":"Snecko","floor":21,"turns":3},{"damage":0,"enemies":"Gremlin Leader","floor":23,"turns":5},{"damage":0,"enemies":"Chosen and Byrds","floor":25,"turns":4},{"damage":0,"enemies":"Sentry and Sphere","floor":31,"turns":3},{"damage":57,"enemies":"Automaton","floor":33,"turns":8}],"seed_played":"-8951294655052969712","potions_obtained":[{"floor":1,"key":"GamblersBrew"},{"floor":10,"key":"Weak Potion"},{"floor":16,"key":"SpeedPotion"},{"floor":20,"key":"LiquidBronze"},{"floor":23,"key":"Swift Potion"},{"floor":25,"key":"Swift Potion"}],"is_trial":false,"path_per_floor":["M","?","?","M","$","R","?","M","T","E","R","$","E","M","R","B",null,"M","?","M","M","$","E","R","M","T","R","?","R","T","M","R","B"],"character_chosen":"THE_SILENT","items_purchased":["Backstab","Poisoned Stab","Blade Dance","Ninja Scroll"],"campfire_rested":1,"item_purchase_floors":[5,12,12,22],"current_hp_per_floor":[77,74,67,67,67,67,67,67,67,55,55,55,47,43,66,36,77,75,69,69,55,55,55,55,55,55,55,55,55,55,55,55,0],"gold":90,"neow_bonus":"TEN_PERCENT_HP_BONUS","is_prod":false,"is_daily":false,"chose_seed":false,"campfire_upgraded":3,"win_rate":0.0,"timestamp":1549868413,"path_taken":["M","?","?","M","$","R","?","?","T","E","R","$","E","M","R","BOSS","M","?","M","M","$","E","R","M","T","R","?","R","?","?","R","BOSS"],"build_version":"2019-01-23","purchased_purges":0,"victory":false,"max_hp_per_floor":[77,77,77,77,77,77,77,77,77,77,77,77,77,77,77,77,77,77,77,77,77,77,77,77,77,77,77,77,77,77,77,77,77],"card_choices":[{"not_picked":["Expertise","Distraction"],"picked":"Deflect","floor":1},{"not_picked":["Outmaneuver","Dagger Throw"],"picked":"Catalyst","floor":4},{"not_picked":["Dash","Bane"],"picked":"Blade Dance","floor":8},{"not_picked":["Riddle With Holes","Prepared"],"picked":"Backflip","floor":10},{"not_picked":["Cloak And Dagger","Backstab"],"picked":"Crippling Poison","floor":13},{"not_picked":["Acrobatics","Infinite Blades"],"picked":"Envenom","floor":14},{"not_picked":["Malaise","Wraith Form v2"],"picked":"Adrenaline","floor":16},{"not_picked":["Predator","Heel Hook"],"picked":"Cloak And Dagger","floor":18},{"not_picked":["Underhanded Strike","Predator"],"picked":"Backflip+1","floor":20},{"not_picked":["Riddle With Holes","Blade Dance"],"picked":"Bouncing Flask","floor":21},{"not_picked":["Poisoned Stab","Backflip"],"picked":"Escape Plan+1","floor":23},{"not_picked":["Prepared+1","Slice","Masterful Stab"],"picked":"SKIP","floor":25},{"not_picked":["Prepared","Poisoned Stab"],"picked":"Deadly Poison+1","floor":31}],"player_experience":110156,"relics_obtained":[{"floor":9,"key":"Orichalcum"},{"floor":10,"key":"Tingsha"},{"floor":13,"key":"Vajra"},{"floor":23,"key":"Incense Burner"},{"floor":26,"key":"Girya"},{"floor":30,"key":"Whetstone"}],"event_choices":[{"damage_healed":0,"gold_gain":0,"player_choice":"Success","damage_taken":3,"relics_obtained":["Bronze Scales"],"max_hp_gain":0,"max_hp_loss":0,"event_name":"Scrap Ooze","floor":2,"gold_loss":0},{"cards_removed":["Strike_G"],"damage_healed":0,"gold_gain":0,"player_choice":"Card Removal","damage_taken":7,"max_hp_gain":0,"max_hp_loss":0,"event_name":"Golden Wing","floor":3,"gold_loss":0},{"damage_healed":0,"gold_gain":0,"player_choice":"Forge","damage_taken":0,"max_hp_gain":0,"max_hp_loss":0,"event_name":"Accursed Blacksmith","floor":7,"gold_loss":0,"cards_upgraded":["Catalyst"]},{"damage_healed":0,"gold_gain":0,"player_choice":"Joined the Cult","damage_taken":6,"max_hp_gain":0,"max_hp_loss":0,"event_name":"Nest","floor":19,"gold_loss":0,"cards_obtained":["RitualDagger"]}],"is_beta":false,"boss_relics":[{"not_picked":["Eternal Feather","Philosopher\u0027s Stone"],"picked":"Pandora\u0027s Box"}],"items_purged_floors":[],"is_endless":false,"potions_floor_spawned":[1,10,16,20,23,25],"killed_by":"Automaton","ascension_level":0}