{"gold_per_floor":[115,127,137,152,165,165,195,206,206,38,54,88,88,108,108,210,210,180,199,212,212,230,263,263,41,41,41,72,72,72,72],"floor_reached":31,"playtime":11559,"items_purged":[],"score":328,"play_id":"f6073551-a485-4fff-a8a1-5d5fd3d11d3e","local_time":"20190211204838","is_ascension_mode":true,"campfire_choices":[{"floor":6,"key":"RECALL"},{"floor":15,"key":"REST"},{"floor":24,"key":"REST"},{"floor":27,"key":"REST"},{"floor":29,"key":"REST"}],"neow_cost":"PERCENT_DAMAGE","seed_source_timestamp":1956762682345996,"circlet_count":0,"master_deck":["Defend_G","Defend_G","Defend_G","Defend_G","Strike_G","Strike_G","Strike_G","Strike_G","Survivor","Neutralize","Accuracy","Finisher","Endless Agony","Blade Dance","Dagger Spray","Storm of Steel","Accuracy","Cloak And Dagger","Accuracy","Mind Blast","Backflip","Dagger Throw","Cloak And Dagger","Dagger Throw","Venomology","Acrobatics","Blade Dance","Backflip","Well Laid Plans","Blur+1","Backflip","Apotheosis","Accuracy","Tools of the Trade"],"special_seed":0,"relics":["Ring of the Snake","Mango","Incense Burner","Orrery","Orichalcum","Sundial","Gambling Chip","Girya"],"potions_floor_usage":[7,12,18,18,20,22,28,31],"damage_taken":[{"damage":1.0,"enemies":"Cultist","floor":1.0,"turns":4.0},{"damage":0.0,"enemies":"2 Louse","floor":2.0,"turns":2.0},{"damage":0.0,"enemies":"Jaw Worm","floor":3.0,"turns":1.0},{"damage":6.0,"enemies":"Lots of Slimes","floor":4.0,"turns":5.0},{"damage":0,"enemies":"Large Slime","floor":5,"turns":2},{"damage":34,"enemies":"Lagavulin","floor":7,"turns":8},{"damage":5,"enemies":"Looter","floor":8,"turns":3},{"damage":5,"enemies":"3 Louse","floor":11,"turns":3},{"damage":16,"enemies":"3 Sentries","floor":12,"turns":5},{"damage":2,"enemies":"Blue Slaver","floor":14,"turns":5},{"damage":18,"enemies":"Slime Boss","floor":16,"turns":8},{"damage":28,"enemies":"2 Thieves","floor":18,"turns":5},{"damage":0,"enemies":"3 Byrds","floor":19,"turns":6},{"damage":13,"enemies":"Shelled Parasite and Fungi","floor":20,"turns":7},{"damage":26,"enemies":"Snecko","floor":22,"turns":9},{"damage":20,"enemies":"Slavers","floor":23,"turns":8},{"damage":50,"enemies":"Gremlin Leader","floor":28,"turns":6},{"damage":31,"enemies":"Centurion and Healer","floor":31,"turns":7}],"seed_played":"1683410177492759468","potions_obtained":[{"floor":1.0,"key":"Block Potion"},{"floor":2.0,"key":"SpeedPotion"},{"floor":5,"key":"Regen Potion"},{"floor":11,"key":"LiquidBronze"},{"floor":19,"key":"Strength Potion"},{"floor":23,"key":"SteroidPotion"}],"is_trial":false,"path_per_floor":["M","M","M","M","M","R","E","M","T","$","M","E","?","M","R","B",null,"M","M","M","?","M","E","R","$","T","R","E","R","$","M"],"character_chosen":"THE_SILENT","items_purchased":["Accuracy","Mind Blast","Backflip","Apotheosis","Accuracy"],"campfire_rested":4,"item_purchase_floors":[10,10,10,25,25],"current_hp_per_floor":[48,48,48,42,42,42,36,31,31,31,26,10,38,36,61,43,84,56,56,48,48,22,2,27,27,27,52,2,27,27,0],"gold":72,"neow_bonus":"TRANSFORM_TWO_CARDS","is_prod":false,"is_daily":false,"chose_seed":false,"campfire_upgraded":0,"win_rate":0,"timestamp":1549918118,"path_taken":["M","M","M","M","M","R","E","M","T","$","M","E","?","M","R","BOSS","M","M","M","?","M","E","R","$","T","R","E","R","?","M"],"build_version":"2019-01-23","purchased_purges":0,"victory":false,"max_hp_per_floor":[70,70,70,70,70,70,84,84,84,84,84,84,84,84,84,84,84,84,84,84,84,84,84,84,84,84,84,84,84,84,84],"card_choices":[{"not_picked":["Prepared","Reflex"],"picked":"Endless Agony","floor":1.0},{"not_picked":["Quick Slash","Flying Knee"],"picked":"Blade Dance","floor":2.0},{"not_picked":["Dodge and Roll","Tactician","Eviscerate"],"picked":"SKIP","floor":3.0},{"not_picked":["Dodge and Roll","Quick Slash"],"picked":"Dagger Spray","floor":4},{"not_picked":["Acrobatics","Crippling Poison"],"picked":"Storm of Steel","floor":5},{"not_picked":["Calculated Gamble","Deflect"],"picked":"Accuracy","floor":7},{"not_picked":["Poisoned Stab","Slice"],"picked":"Cloak And Dagger","floor":8},{"not_picked":["Sucker Punch","Prepared"],"picked":"Dagger Throw","floor":11},{"not_picked":["Reflex","Caltrops"],"picked":"Cloak And Dagger","floor":12},{"not_picked":["Deadly Poison","Bouncing Flask"],"picked":"Dagger Throw","floor":14},{"not_picked":["Die Die Die","A Thousand Cuts"],"picked":"Venomology","floor":16},{"not_picked":["PiercingWail","Riddle With Holes"],"picked":"Acrobatics","floor":17},{"not_picked":["Sucker Punch","Bane"],"picked":"Blade Dance","floor":17},{"not_picked":["PiercingWail","Underhanded Strike"],"picked":"Backflip","floor":17},{"not_picked":["Outmaneuver+1","Endless Agony"],"picked":"Well Laid Plans","floor":18},{"not_picked":["Dash","Flying Knee","Leg Sweep"],"picked":"SKIP","floor":19},{"not_picked":["PiercingWail","Dagger Spray"],"picked":"Blur+1","floor":20},{"not_picked":["Wraith Form v2","Dodge and Roll+1","Quick Slash"],"picked":"SKIP","floor":22},{"not_picked":["Dodge and Roll+1","Predator"],"picked":"Backflip","floor":23},{"not_picked":["Prepared","Dagger Spray"],"picked":"Tools of the Trade","floor":28}],"player_experience":534794,"relics_obtained":[{"floor":7,"key":"Mango"},{"floor":12,"key":"Incense Burner"},{"floor":23,"key":"Sundial"},{"floor":26,"key":"Gambling Chip"},{"floor":28,"key":"Girya"}],"event_choices":[{"damage_healed":28,"gold_gain":0,"player_choice":"Banana","damage_taken":0,"max_hp_gain":0,"max_hp_loss":0,"event_name":"Big Fish","floor":13,"gold_loss":0},{"damage_healed":0,"gold_gain":0,"player_choice":"Gave Potion","damage_taken":0,"relics_obtained":["Orichalcum"],"max_hp_gain":0,"max_hp_loss":0,"event_name":"WeMeetAgain","floor":21,"gold_loss":0}],"is_beta":false,"boss_relics":[{"not_picked":["Coffee Dripper","White Beast Statue"],"picked":"Orrery"}],"items_purged_floors":[],"is_endless":false,"potions_floor_spawned":[1,2,5,11,19,23],"killed_by":"Centurion and Healer","ascension_level":1}