{"gold_per_floor":[215,134,144,160,160,171,206,206,206,221,236,236,135,152,152,152],"floor_reached":16,"playtime":453,"items_purged":[],"score":109,"play_id":"a7c72b70-ae43-4883-a100-b28724ff3dc7","local_time":"20181107165251","is_ascension_mode":true,"campfire_choices":[{"data":"Blade Dance","floor":8,"key":"SMITH"},{"data":"Neutralize","floor":12,"key":"SMITH"},{"data":"Cloak And Dagger","floor":15,"key":"SMITH"}],"neow_cost":"NONE","seed_source_timestamp":971105676158150,"circlet_count":0,"master_deck":["Defend_G","Defend_G","Defend_G","Defend_G","Defend_G","Strike_G","Strike_G","Strike_G","Strike_G","Strike_G","Survivor","Neutralize+1","Backflip","Endless Agony","Infinite Blades","Blade Dance+1","Deflect","Backstab","Infinite Blades","Slice","Cloak And Dagger+1","Infinite Blades","Dodge and Roll"],"relics":["Ring of the Snake","Kunai"],"potions_floor_usage":[7,7],"damage_taken":[{"damage":0,"enemies":"2 Louse","floor":1,"turns":4},{"damage":0,"enemies":"Small Slimes","floor":3,"turns":3},{"damage":0,"enemies":"Cultist","floor":4,"turns":3},{"damage":4,"enemies":"Looter","floor":6,"turns":3},{"damage":15,"enemies":"Gremlin Nob","floor":7,"turns":4},{"damage":0,"enemies":"Exordium Thugs","floor":10,"turns":4},{"damage":0,"enemies":"Blue Slaver","floor":11,"turns":3},{"damage":0,"enemies":"2 Fungi Beasts","floor":14,"turns":3},{"damage":0,"enemies":"Slime Boss","floor":16,"turns":3}],"seed_played":"4626814053621315610","potions_obtained":[{"floor":4,"key":"Block Potion"},{"floor":6,"key":"Fire Potion"},{"floor":7,"key":"SpeedPotion"},{"floor":10,"key":"Poison Potion"}],"is_trial":false,"path_per_floor":["M","$","M","M","?","M","E","R","T","M","M","R","$","M","R","B"],"character_chosen":"THE_SILENT","items_purchased":["Endless Agony","Cloak And Dagger","Infinite Blades"],"campfire_rested":0,"item_purchase_floors":[2,13,13],"current_hp_per_floor":[70,70,70,70,75,71,56,56,56,56,56,56,56,56,56,56],"gold":152,"neow_bonus":"HUNDRED_GOLD","is_prod":false,"is_daily":false,"chose_seed":true,"campfire_upgraded":3,"win_rate":0,"timestamp":1541634771,"path_taken":["M","$","M","M","?","M","E","R","T","M","M","R","$","M","R","BOSS"],"build_version":"2018-11-06","purchased_purges":0,"victory":false,"max_hp_per_floor":[70,70,70,70,75,75,75,75,75,75,75,75,75,75,75,75],"card_choices":[{"not_picked":["Calculated Gamble","Acrobatics"],"picked":"Backflip","floor":1},{"not_picked":["Expertise","Acrobatics"],"picked":"Infinite Blades","floor":3},{"not_picked":["Dash","Flying Knee"],"picked":"Blade Dance","floor":4},{"not_picked":["Outmaneuver","Dash"],"picked":"Deflect","floor":6},{"not_picked":["Blade Dance","Noxious Fumes"],"picked":"Backstab","floor":7},{"not_picked":["Dagger Throw","Escape Plan"],"picked":"Infinite Blades","floor":10},{"not_picked":["Dash","PiercingWail"],"picked":"Slice","floor":11},{"not_picked":["Well Laid Plans","Bane"],"picked":"Dodge and Roll","floor":14}],"player_experience":1125819,"relics_obtained":[{"floor":7,"key":"Kunai"}],"event_choices":[{"damage_healed":0,"gold_gain":0,"player_choice":"Donut","damage_taken":0,"max_hp_gain":5,"max_hp_loss":0,"event_name":"Big Fish","floor":5,"gold_loss":0}],"is_beta":true,"boss_relics":[],"items_purged_floors":[],"is_endless":false,"potions_floor_spawned":[4,6,7,10],"killed_by":"Slime Boss","ascension_level":1}