{"path_per_floor":["M","M","M","M","$","R","E","M","T","M","$","M","R","M","R","B",null,"M","$","?","$","M","R","E","?","T","E","R","M","M","M","R"],"character_chosen":"IRONCLAD","items_purchased":["Inflame","Shockwave","Whirlwind"],"gold_per_floor":[113,132,152,168,93,93,122,142,142,153,42,56,56,68,68,163,163,183,183,183,44,62,62,96,96,96,131,131,143,163,179,179,179],"floor_reached":33,"campfire_rested":0,"playtime":1427,"item_purchase_floors":[11,11,21],"current_hp_per_floor":[80,80,80,80,80,80,76,72,72,72,72,72,72,72,72,72,80,80,80,80,80,80,80,65,65,65,43,43,37,26,26,26,4],"items_purged":["Strike_R","Strike_R"],"gold":179,"score":358,"play_id":"424110b4-7868-46d9-bda1-1829fa1d4da1","local_time":"20180614152721","is_prod":false,"is_daily":false,"chose_seed":true,"is_ascension_mode":true,"campfire_upgraded":6,"win_rate":0,"timestamp":1529011641,"campfire_choices":[{"data":"Bash","floor":6,"key":"SMITH"},{"data":"Inflame","floor":13,"key":"SMITH"},{"data":"True Grit","floor":15,"key":"SMITH"},{"data":"Whirlwind","floor":23,"key":"SMITH"},{"data":"Searing Blow+1","floor":28,"key":"SMITH"},{"data":"Searing Blow+2","floor":32,"key":"SMITH"}],"path_taken":["M","?","M","M","$","R","E","M","T","M","$","M","R","M","R","BOSS","M","$","?","$","M","R","E","?","T","E","R","?","M","M","R","BOSS"],"build_version":"2018-06-14","seed_source_timestamp":68448330814060,"purchased_purges":2,"victory":false,"master_deck":["Strike_R","Strike_R","Strike_R","Defend_R","Defend_R","Defend_R","Defend_R","Bash+1","True Grit+1","Shrug It Off","Iron Wave","Entrench","Battle Trance","Ghostly Armor","Sword Boomerang","Inflame+1","Shockwave","Pommel Strike","Double Tap","Impervious","Clothesline+1","Whirlwind+1","Metallicize","Twin Strike+1","Searing Blow+3","Fiend Fire+1","Inflame"],"max_hp_per_floor":[80,80,80,80,80,80,80,80,80,80,80,80,80,80,80,80,80,80,80,80,80,80,80,80,80,80,94,94,94,94,94,94,94],"special_seed":2389732462638236275,"relics":["Snecko Eye","Oddly Smooth Stone","Shovel","Cursed Key","Molten Egg 2","Mango"],"card_choices":[{"not_picked":["Iron Wave","Combust"],"picked":"True Grit","floor":1},{"not_picked":["Warcry","Pommel Strike"],"picked":"Shrug It Off","floor":2},{"not_picked":["Combust","Wild Strike"],"picked":"Iron Wave","floor":3},{"not_picked":["Flex","Headbutt"],"picked":"Entrench","floor":4},{"not_picked":["Combust","Headbutt"],"picked":"Battle Trance","floor":7},{"not_picked":["Twin Strike","Anger"],"picked":"Ghostly Armor","floor":8},{"not_picked":["Hemokinesis","Flex"],"picked":"Sword Boomerang","floor":10},{"not_picked":["True Grit","Cleave"],"picked":"Pommel Strike","floor":12},{"not_picked":["Pummel","Body Slam"],"picked":"Double Tap","floor":14},{"not_picked":["Berserk","Dark Embrace"],"picked":"Impervious","floor":16},{"not_picked":["Second Wind","Carnage+1"],"picked":"Clothesline+1","floor":18},{"not_picked":["Flex","Wild Strike"],"picked":"Metallicize","floor":22},{"not_picked":["Bloodletting","Fire Breathing"],"picked":"Twin Strike","floor":24},{"not_picked":["Warcry+1","Sever Soul+1"],"picked":"Searing Blow+1","floor":27},{"not_picked":["Rupture","Battle Trance","Anger+1"],"picked":"SKIP","floor":29},{"not_picked":["Shrug It Off","Perfected Strike+1"],"picked":"Fiend Fire+1","floor":30},{"not_picked":["Intimidate","Body Slam+1"],"picked":"Inflame","floor":31}],"player_experience":696591,"potions_floor_usage":[7,22,22,27,33],"damage_taken":[{"damage":0,"enemies":"Cultist","floor":1,"turns":3},{"damage":0,"enemies":"Jaw Worm","floor":2,"turns":1},{"damage":0,"enemies":"Small Slimes","floor":3,"turns":3},{"damage":0,"enemies":"Exordium Wildlife","floor":4,"turns":3},{"damage":4,"enemies":"Gremlin Nob","floor":7,"turns":3},{"damage":4,"enemies":"Looter","floor":8,"turns":3},{"damage":0,"enemies":"Blue Slaver","floor":10,"turns":4},{"damage":0,"enemies":"3 Louse","floor":12,"turns":2},{"damage":0,"enemies":"Lots of Slimes","floor":14,"turns":3},{"damage":0,"enemies":"Slime Boss","floor":16,"turns":5},{"damage":0,"enemies":"3 Byrds","floor":18,"turns":4},{"damage":0,"enemies":"2 Thieves","floor":22,"turns":4},{"damage":15,"enemies":"Book of Stabbing","floor":24,"turns":7},{"damage":36,"enemies":"Gremlin Leader","floor":27,"turns":5},{"damage":6,"enemies":"Snake Plant","floor":29,"turns":4},{"damage":11,"enemies":"Centurion and Healer","floor":30,"turns":4},{"damage":0,"enemies":"Snecko","floor":31,"turns":2},{"damage":22,"enemies":"Automaton","floor":33,"turns":6}],"relics_obtained":[{"floor":7,"key":"Oddly Smooth Stone"},{"floor":9,"key":"Shovel"},{"floor":24,"key":"Molten Egg 2"},{"floor":27,"key":"Mango"}],"event_choices":[{"event_name":"The Lab","player_choice":"Got Potions","floor":20,"damage_taken":0},{"event_name":"Ghosts","player_choice":"Ignored","floor":25,"damage_taken":0}],"boss_relics":[{"not_picked":["Fusion Hammer","Runic Pyramid"],"picked":"Cursed Key"}],"items_purged_floors":[5,21],"is_endless":false,"potions_floor_spawned":[2,3,10,12,14,18,30],"seed_played":"-112373709504573666","killed_by":"Automaton","ascension_level":1,"potions_obtained":[{"floor":2,"key":"AttackPotion"},{"floor":3,"key":"Strength Potion"},{"floor":10,"key":"SpeedPotion"},{"floor":12,"key":"GamblersBrew"},{"floor":14,"key":"PowerPotion"},{"floor":20,"key":"Block Potion"},{"floor":20,"key":"Explosive Potion"},{"floor":30,"key":"FearPotion"}],"is_trial":true}