{"gold_per_floor":[113,113,124,299,314,314,339,339,414,440,460,460,49,75,87,99],"floor_reached":16,"playtime":1278,"items_purged":["Strike_R"],"score":124,"play_id":"80beaf1b-5be0-420a-908a-0daf4587093f","local_time":"20190217013417","is_ascension_mode":true,"campfire_choices":[{"floor":6,"key":"RECALL"},{"data":"Bash","floor":8,"key":"SMITH"},{"floor":12,"key":"REST"},{"floor":15,"key":"REST"}],"neow_cost":"NONE","seed_source_timestamp":2482402338799108,"circlet_count":0,"master_deck":["Strike_R","Strike_R","Strike_R","Strike_R","Defend_R","Defend_R","Defend_R","Defend_R","Bash+1","Anger","Pain","Cleave","Doubt","Battle Trance","Headbutt","Forethought","Battle Trance"],"relics":["Runic Dome","WarpedTongs","Oddly Smooth Stone","Bottled Flame","PreservedInsect","Membership Card","Matryoshka","MawBank"],"potions_floor_usage":[7,7,7,10,10,14,16],"damage_taken":[{"damage":2,"enemies":"Small Slimes","floor":1,"turns":3},{"damage":4,"enemies":"Cultist","floor":3,"turns":3},{"damage":14,"enemies":"Jaw Worm","floor":5,"turns":2},{"damage":13,"enemies":"Gremlin Nob","floor":7,"turns":3},{"damage":23,"enemies":"3 Sentries","floor":10,"turns":7},{"damage":12,"enemies":"2 Fungi Beasts","floor":11,"turns":2},{"damage":23,"enemies":"Lagavulin","floor":14,"turns":6},{"damage":37,"enemies":"Slime Boss","floor":16,"turns":7}],"seed_played":"8280198610436587141","potions_obtained":[{"floor":1,"key":"AttackPotion"},{"floor":3,"key":"EntropicBrew"},{"floor":7,"key":"LiquidBronze"},{"floor":11,"key":"Swift Potion"},{"floor":14,"key":"SteroidPotion"}],"is_trial":false,"path_per_floor":["M","?","M","?","M","R","E","R","T","E","M","R","$","E","R","B"],"character_chosen":"IRONCLAD","items_purchased":["Membership Card","Matryoshka","Forethought"],"campfire_rested":2,"item_purchase_floors":[13,13,13],"current_hp_per_floor":[78,78,74,74,60,60,47,47,47,24,12,36,36,13,37,0],"gold":99,"neow_bonus":"BOSS_RELIC","is_prod":false,"is_daily":false,"chose_seed":false,"campfire_upgraded":1,"win_rate":0,"timestamp":1550367257,"path_taken":["M","?","?","?","M","R","E","R","T","E","M","R","$","E","R","BOSS"],"build_version":"2019-01-23","purchased_purges":1,"victory":false,"max_hp_per_floor":[80,80,80,80,80,80,80,80,80,80,80,80,80,80,80,80],"card_choices":[{"not_picked":["Ghostly Armor","Havoc"],"picked":"Anger","floor":1},{"not_picked":["Ghostly Armor","Bloodletting"],"picked":"Cleave","floor":3},{"not_picked":["Wild Strike","Hemokinesis","Sword Boomerang"],"picked":"SKIP","floor":5},{"not_picked":["Reckless Charge","Second Wind"],"picked":"Battle Trance","floor":7},{"not_picked":["Clothesline","Pummel"],"picked":"Headbutt","floor":10},{"not_picked":["Infernal Blade","Anger","Carnage"],"picked":"SKIP","floor":11},{"not_picked":["Hemokinesis","Clothesline"],"picked":"Battle Trance","floor":14}],"player_experience":831236,"relics_obtained":[{"floor":7,"key":"Oddly Smooth Stone"},{"floor":9,"key":"Bottled Flame"},{"floor":10,"key":"PreservedInsect"},{"floor":14,"key":"MawBank"}],"event_choices":[{"damage_healed":0,"gold_gain":0,"player_choice":"Rummage","damage_taken":0,"relics_obtained":["WarpedTongs"],"max_hp_gain":0,"max_hp_loss":0,"event_name":"Accursed Blacksmith","floor":2,"gold_loss":0,"cards_obtained":["Pain"]},{"damage_healed":0,"gold_gain":175,"player_choice":"AGREE","damage_taken":0,"max_hp_gain":0,"max_hp_loss":0,"event_name":"Liars Game","floor":4,"gold_loss":0,"cards_obtained":["Doubt"]}],"is_beta":false,"boss_relics":[],"items_purged_floors":[13],"is_endless":false,"potions_floor_spawned":[1,3,7,11,14],"killed_by":"Slime Boss","ascension_level":1}