{"gold_per_floor":[366,366,381,43,43,43,57,88,165,191,191,207,132,164,164,263,263,281,300,300,215,226,226,256,8,8,8,19,19,37,65,65,165,165,184,0,0,16,34,34,34],"floor_reached":41,"playtime":2919,"items_purged":["Strike_B","Strike_B","Strike_B"],"score":718,"play_id":"0e09097a-0d9f-4c7b-af99-23bfcdc21c32","local_time":"20190213142144","is_ascension_mode":true,"campfire_choices":[{"floor":6,"key":"REST"},{"data":"Zap","floor":11,"key":"SMITH"},{"data":"Sunder","floor":15,"key":"SMITH"},{"floor":23,"key":"REST"},{"floor":29,"key":"REST"},{"floor":32,"key":"REST"},{"floor":40,"key":"REST"}],"neow_cost":"CURSE","seed_source_timestamp":789694324753497,"circlet_count":0,"master_deck":["AscendersBane","Defend_B","Defend_B","Defend_B","Defend_B","Zap+1","Dualcast","Steam","Doom and Gloom","Purity","Sunder+1","BootSequence","Conserve Battery","Conserve Battery","Turbo+1","Loop+1","Sweeping Beam","Steam+1","Streamline","Steam Power","Rebound","FTL","Gash+1","Chaos+1","Chill+1","Hologram+1","Bandage Up","Sweeping Beam","Self Repair","Leap"],"relics":["Cracked Core","Dream Catcher","Dodecahedron","Smiling Mask","Meat on the Bone","Pocketwatch","Bronze Scales","Fusion Hammer","Anchor","Cables","Regal Pillow","Bottled Flame","Enchiridion","Ancient Tea Set","Astrolabe","Red Mask"],"potions_floor_usage":[8,24,31,33],"damage_taken":[{"damage":1,"enemies":"Cultist","floor":1,"turns":3},{"damage":12,"enemies":"Jaw Worm","floor":3,"turns":4},{"damage":0,"enemies":"2 Louse","floor":7,"turns":2},{"damage":8,"enemies":"Gremlin Nob","floor":8,"turns":3},{"damage":35,"enemies":"Lagavulin","floor":10,"turns":7},{"damage":5,"enemies":"Blue Slaver","floor":12,"turns":3},{"damage":16,"enemies":"Gremlin Nob","floor":14,"turns":4},{"damage":19,"enemies":"The Guardian","floor":16,"turns":9},{"damage":16,"enemies":"2 Thieves","floor":18,"turns":3},{"damage":2,"enemies":"Shell Parasite","floor":19,"turns":4},{"damage":1,"enemies":"Snecko","floor":22,"turns":4},{"damage":59,"enemies":"Slavers","floor":24,"turns":5},{"damage":0,"enemies":"Cultist and Chosen","floor":28,"turns":4},{"damage":14,"enemies":"Centurion and Healer","floor":30,"turns":5},{"damage":14,"enemies":"Gremlin Leader","floor":31,"turns":5},{"damage":51,"enemies":"Champ","floor":33,"turns":11},{"damage":0,"enemies":"Orb Walker","floor":35,"turns":3},{"damage":0,"enemies":"3 Shapes","floor":38,"turns":4},{"damage":45,"enemies":"Writhing Mass","floor":39,"turns":7},{"damage":86,"enemies":"Giant Head","floor":41,"turns":7}],"seed_played":"-865325523947807096","potions_obtained":[{"floor":1,"key":"SkillPotion"},{"floor":3,"key":"Explosive Potion"},{"floor":14,"key":"Block Potion"},{"floor":28,"key":"Swift Potion"},{"floor":33,"key":"Fire Potion"},{"floor":38,"key":"Strength Potion"}],"is_trial":false,"path_per_floor":["M","?","M","$","T","R","M","E","T","E","R","M","$","E","R","B",null,"M","M","?","?","M","R","E","$","T","?","M","R","M","E","R","B",null,"M","?","?","M","M","R","E"],"character_chosen":"DEFECT","items_purchased":["Dream Catcher","Purity","Ball Lightning","Conserve Battery","Regal Pillow","Streamline"],"campfire_rested":5,"item_purchase_floors":[4,4,4,13,25,25],"current_hp_per_floor":[67,67,55,55,55,72,72,64,64,41,41,48,48,44,44,37,63,47,45,45,45,44,65,18,18,18,2,14,50,48,46,72,33,62,62,62,62,62,33,69,0],"gold":34,"neow_bonus":"TWO_FIFTY_GOLD","is_prod":false,"is_daily":false,"chose_seed":false,"campfire_upgraded":2,"win_rate":0,"timestamp":1550046104,"path_taken":["M","?","M","$","?","R","?","E","T","E","R","M","$","E","R","BOSS","M","M","?","?","M","R","E","$","T","?","?","R","?","E","R","BOSS","M","?","?","M","M","R","E"],"build_version":"2019-01-23","purchased_purges":3,"victory":false,"max_hp_per_floor":[75,72,72,72,72,72,72,72,72,72,72,72,72,72,72,72,72,72,72,72,72,72,72,72,72,72,72,72,72,72,72,72,72,72,72,72,72,72,72,72,72],"card_choices":[{"not_picked":["Stack","Coolheaded"],"picked":"Steam","floor":1},{"not_picked":["Ball Lightning","Conserve Battery"],"picked":"Doom and Gloom","floor":3},{"not_picked":["Steam","Lockon"],"picked":"Sunder","floor":6},{"not_picked":["Barrage","Machine Learning"],"picked":"BootSequence","floor":7},{"not_picked":["Ball Lightning","Compile Driver","Lockon"],"picked":"SKIP","floor":8},{"not_picked":["Rebound","Recycle","Stack"],"picked":"SKIP","floor":10},{"not_picked":["Static Discharge","Consume","Streamline"],"picked":"SKIP","floor":12},{"not_picked":["Reprogram","Ball Lightning"],"picked":"Conserve Battery","floor":14},{"not_picked":["Conserve Battery","Consume"],"picked":"Fusion","floor":18},{"not_picked":["Static Discharge","Blizzard"],"picked":"Turbo+1","floor":19},{"not_picked":["Redo","Blizzard"],"picked":"Loop+1","floor":22},{"not_picked":["Ball Lightning","Sunder"],"picked":"Sweeping Beam","floor":23},{"not_picked":["Undo","Leap"],"picked":"Steam+1","floor":24},{"not_picked":["Go for the Eyes","Ball Lightning"],"picked":"Steam Power","floor":28},{"not_picked":["Chaos","Sweeping Beam"],"picked":"Cold Snap","floor":29},{"not_picked":["Recycle+1","Double Energy","Heatsinks"],"picked":"SKIP","floor":30},{"not_picked":["Barrage","Chaos"],"picked":"Rebound","floor":31},{"not_picked":["Barrage","Core Surge"],"picked":"FTL","floor":32},{"not_picked":["Steam","White Noise"],"picked":"Hologram+1","floor":35},{"not_picked":["Transmutation","Violence"],"picked":"Bandage Up","floor":37},{"not_picked":["Capacitor+1","Turbo"],"picked":"Sweeping Beam","floor":38},{"not_picked":["Fusion+1","Cold Snap"],"picked":"Self Repair","floor":39},{"not_picked":["Force Field","Turbo"],"picked":"Leap","floor":40}],"player_experience":796197,"relics_obtained":[{"floor":5,"key":"Dodecahedron"},{"floor":8,"key":"Smiling Mask"},{"floor":9,"key":"Meat on the Bone"},{"floor":10,"key":"Pocketwatch"},{"floor":14,"key":"Bronze Scales"},{"floor":24,"key":"Cables"},{"floor":26,"key":"Bottled Flame"},{"floor":27,"key":"Enchiridion"},{"floor":31,"key":"Ancient Tea Set"}],"event_choices":[{"cards_removed":["Parasite"],"damage_healed":0,"gold_gain":0,"player_choice":"Removed Curses","damage_taken":0,"max_hp_gain":0,"max_hp_loss":0,"event_name":"Fountain of Cleansing","floor":2,"gold_loss":0},{"cards_removed":["Strike_B"],"damage_healed":0,"gold_gain":0,"player_choice":"Elegance","damage_taken":0,"max_hp_gain":0,"max_hp_loss":0,"event_name":"Back to Basics","floor":20,"gold_loss":0},{"damage_healed":0,"gold_gain":0,"player_choice":"Obtained Relic","damage_taken":0,"relics_obtained":["Anchor"],"max_hp_gain":0,"max_hp_loss":0,"event_name":"Addict","floor":21,"gold_loss":85},{"damage_healed":0,"gold_gain":0,"player_choice":"Obtained Book","damage_taken":16,"max_hp_gain":0,"max_hp_loss":0,"event_name":"Cursed Tome","floor":27,"gold_loss":0},{"damage_healed":0,"gold_gain":0,"player_choice":"Paid","damage_taken":0,"relics_obtained":["Red Mask"],"max_hp_gain":0,"max_hp_loss":0,"event_name":"Tomb of Lord Red Mask","floor":36,"gold_loss":184},{"damage_healed":0,"gold_gain":0,"player_choice":"Memory 1","damage_taken":0,"max_hp_gain":0,"max_hp_loss":0,"event_name":"SensoryStone","floor":37,"gold_loss":0}],"is_beta":false,"boss_relics":[{"not_picked":["Calling Bell","Runic Dome"],"picked":"Fusion Hammer"},{"not_picked":["Black Star","Snecko Eye"],"picked":"Astrolabe"}],"items_purged_floors":[4,13,25],"is_endless":false,"potions_floor_spawned":[1,3,14,19,28,30,33,38],"killed_by":"Giant Head","ascension_level":12}