{"gold_per_floor":[366,72,72,147,162,162,194,222,234,146,146,146,165,184,184,285,285,301,284,284,284,159,189,205,205,205,51,65,65,65,83,83,185,185,196,246,266,116,116,116,128,147,147,147,167,86,86,105,105,105],"floor_reached":51,"playtime":4726,"items_purged":["Doubt","Defend_G","Strike_G","Defend_G"],"score":809,"play_id":"07316a72-0bb5-4bfe-bfcc-3c249c303849","local_time":"20181015224119","is_ascension_mode":true,"campfire_choices":[{"data":"Neutralize","floor":6,"key":"SMITH"},{"data":"Footwork","floor":11,"key":"SMITH"},{"data":"Footwork","floor":15,"key":"SMITH"},{"floor":25,"key":"REST"},{"data":"Adrenaline","floor":29,"key":"SMITH"},{"floor":32,"key":"REST"},{"data":"Adrenaline","floor":40,"key":"SMITH"},{"data":"Leg Sweep","floor":44,"key":"SMITH"},{"data":"Cloak And Dagger","floor":49,"key":"SMITH"}],"neow_cost":"CURSE","seed_source_timestamp":6616003384802,"circlet_count":0,"master_deck":["Defend_G","Defend_G","Strike_G","Strike_G","Strike_G","Strike_G","Survivor","Neutralize+1","Expertise","Footwork+1","Quick Slash","Footwork+1","Leg Sweep+1","Backflip","Adrenaline+1","Dagger Throw","Backflip","Well Laid Plans+1","Cloak And Dagger+1","Dagger Throw+1","Backflip","Adrenaline+1","Cloak And Dagger","Backflip+1","Cloak And Dagger+1","Blur","Cloak And Dagger+1"],"relics":["Ring of the Snake","Oddly Smooth Stone","Ginger","MawBank","Mercury Hourglass","Darkstone Periapt","Sozu","Nilry\u0027s Codex","FossilizedHelix","Kunai","Juzu Bracelet","Cursed Key","StoneCalendar"],"potions_floor_usage":[14,23],"damage_taken":[{"damage":4,"enemies":"2 Louse","floor":1,"turns":4},{"damage":2,"enemies":"Cultist","floor":5,"turns":5},{"damage":14,"enemies":"3 Sentries","floor":7,"turns":11},{"damage":0,"enemies":"Jaw Worm","floor":8,"turns":5},{"damage":0,"enemies":"2 Fungi Beasts","floor":13,"turns":4},{"damage":7,"enemies":"Exordium Thugs","floor":14,"turns":5},{"damage":12,"enemies":"The Guardian","floor":16,"turns":19},{"damage":13,"enemies":"Spheric Guardian","floor":18,"turns":5},{"damage":0,"enemies":"2 Thieves","floor":19,"turns":4},{"damage":20,"enemies":"Slavers","floor":23,"turns":6},{"damage":0,"enemies":"Chosen and Byrds","floor":24,"turns":6},{"damage":0,"enemies":"Shelled Parasite and Fungi","floor":28,"turns":7},{"damage":0,"enemies":"Snecko","floor":31,"turns":6},{"damage":29,"enemies":"Collector","floor":33,"turns":15},{"damage":0,"enemies":"3 Shapes","floor":35,"turns":3},{"damage":0,"enemies":"Mysterious Sphere","floor":36,"turns":5},{"damage":0,"enemies":"Orb Walker","floor":37,"turns":4},{"damage":0,"enemies":"Spire Growth","floor":41,"turns":6},{"damage":0,"enemies":"Sphere and 2 Shapes","floor":42,"turns":5},{"damage":0,"enemies":"Maw","floor":45,"turns":9},{"damage":0,"enemies":"Transient","floor":48,"turns":5},{"damage":0,"enemies":"Donu and Deca","floor":50,"turns":13}],"seed_played":"9015925132336877796","potions_obtained":[{"floor":7,"key":"Regen Potion"},{"floor":14,"key":"Poison Potion"}],"is_trial":false,"path_per_floor":["M","$","?","?","M","R","E","M","T","$","R","T","M","M","R","B",null,"M","M","?","?","$","E","M","R","T","$","M","R","?","M","R","B",null,"M","?","M","$","?","R","M","M","T","R","M","$","?","M","R","B"],"character_chosen":"THE_SILENT","items_purchased":["Footwork","Oddly Smooth Stone","Juzu Bracelet","Blur"],"campfire_rested":2,"item_purchase_floors":[2,2,27,46],"current_hp_per_floor":[66,66,59,48,46,46,32,32,32,32,32,32,32,39,39,27,70,57,57,57,41,41,21,21,42,42,42,42,42,29,29,51,22,75,75,75,75,75,71,71,71,71,71,71,71,71,71,71,71,71],"gold":105,"neow_bonus":"TWO_FIFTY_GOLD","is_prod":false,"is_daily":false,"chose_seed":false,"campfire_upgraded":7,"win_rate":0,"timestamp":1539654079,"path_taken":["M","$","?","?","M","R","E","?","T","?","R","?","M","M","R","BOSS","M","M","?","?","?","E","M","R","T","$","M","R","?","M","R","BOSS","M","?","M","$","?","R","M","M","T","R","M","?","?","M","R","BOSS"],"build_version":"2018-10-11","purchased_purges":4,"victory":true,"max_hp_per_floor":[70,70,70,70,70,70,70,70,70,70,70,70,70,70,70,70,70,70,70,70,70,70,70,70,70,70,70,70,70,75,75,75,75,75,75,75,75,75,71,71,71,71,71,71,71,71,71,71,71,71],"card_choices":[{"not_picked":["Predator","Bouncing Flask"],"picked":"Expertise","floor":1},{"not_picked":["Tactician","Blade Dance"],"picked":"Quick Slash","floor":5},{"not_picked":["Flying Knee","Slice"],"picked":"Footwork","floor":7},{"not_picked":["Slice","Flying Knee"],"picked":"Leg Sweep","floor":8},{"not_picked":["Slice","Eviscerate","Blade Dance"],"picked":"SKIP","floor":13},{"not_picked":["Riddle With Holes","Catalyst"],"picked":"Backflip","floor":14},{"not_picked":["Bullet Time","After Image"],"picked":"Adrenaline","floor":16},{"not_picked":["Deadly Poison","Dagger Spray","Bouncing Flask+1"],"picked":"SKIP","floor":18},{"not_picked":["Catalyst","Deflect"],"picked":"Dagger Throw","floor":19},{"not_picked":["Poisoned Stab","PiercingWail+1"],"picked":"Well Laid Plans+1","floor":23},{"not_picked":["Terror","Slice+1"],"picked":"Cloak And Dagger","floor":24},{"not_picked":["Deadly Poison+1","All Out Attack+1"],"picked":"Dagger Throw+1","floor":28},{"not_picked":["Finisher","Underhanded Strike"],"picked":"Backflip","floor":31},{"not_picked":["Unload","Storm of Steel"],"picked":"Adrenaline","floor":33},{"not_picked":["Sucker Punch+1","Underhanded Strike+1","Dodge and Roll+1"],"picked":"SKIP","floor":35},{"not_picked":["Well Laid Plans+1","Flying Knee+1","Footwork+1"],"picked":"SKIP","floor":37},{"not_picked":["Dagger Throw+1","Eviscerate+1"],"picked":"Cloak And Dagger","floor":41},{"not_picked":["Bane+1","Flying Knee+1"],"picked":"Backflip+1","floor":42},{"not_picked":["Riddle With Holes+1","Adrenaline"],"picked":"Cloak And Dagger+1","floor":45},{"not_picked":["Bane","Distraction"],"picked":"Cloak And Dagger+1","floor":48}],"player_experience":73724,"relics_obtained":[{"floor":7,"key":"MawBank"},{"floor":9,"key":"Mercury Hourglass"},{"floor":12,"key":"Darkstone Periapt"},{"floor":21,"key":"Nilry\u0027s Codex"},{"floor":23,"key":"FossilizedHelix"},{"floor":26,"key":"Kunai"},{"floor":36,"key":"StoneCalendar"}],"event_choices":[{"event_name":"Scrap Ooze","player_choice":"success","floor":3,"damage_taken":7},{"event_name":"World of Goop","player_choice":"Gather Gold","floor":4,"damage_taken":0},{"event_name":"Duplicator","player_choice":"One dupe","floor":20,"damage_taken":0},{"event_name":"Cursed Tome","player_choice":"Obtained Book","floor":21,"damage_taken":0},{"event_name":"Forgotten Altar","player_choice":"Shed Blood","floor":30,"damage_taken":0},{"event_name":"Mysterious Sphere","player_choice":"Fight","floor":36,"damage_taken":0},{"event_name":"Winding Halls","player_choice":"Max HP","floor":39,"damage_taken":0},{"event_name":"Falling","player_choice":"Removed Skill","floor":47,"damage_taken":0}],"is_beta":false,"boss_relics":[{"not_picked":["Astrolabe","Calling Bell"],"picked":"Sozu"},{"not_picked":["Ring of the Serpent","Fusion Hammer"],"picked":"Cursed Key"}],"items_purged_floors":[2,10,22,38],"is_endless":false,"potions_floor_spawned":[7,14,23,31,33,36,37,42,45],"ascension_level":2}