{"gold_per_floor":[119,130,130,280,72,72,112,112,137,177,177,217,267,288,288,386,386,405,405,425,21,36,36,75,75,99,137,137,152,165,165],"floor_reached":31,"playtime":1572,"items_purged":["Doubt"],"score":553,"play_id":"d96b17b9-c0c4-4a3d-92bd-e93d060ecec1","local_time":"20180919133656","is_ascension_mode":true,"campfire_choices":[{"data":"Sunder","floor":6,"key":"SMITH"},{"data":"Sunder","floor":8,"key":"SMITH"},{"data":"Zap","floor":11,"key":"SMITH"},{"data":"Consume","floor":15,"key":"SMITH"},{"floor":23,"key":"REST"},{"data":"1","floor":25,"key":"LIFT"},{"floor":28,"key":"REST"}],"neow_cost":"NONE","seed_source_timestamp":583584415481742,"circlet_count":0,"master_deck":["Strike_B+1","Strike_B+1","Defend_B","Defend_B","Defend_B","Defend_B","Zap+1","Dualcast","AscendersBane","Sunder+1","Leap","Glacier","Sunder+1","Conserve Battery","Consume+1","Coolheaded","Auto Shields","All For One","Chill","Sweeping Beam","Ball Lightning+1","BootSequence","Steam","PiercingWail","Body Slam","Jack Of All Trades"],"relics":["Cracked Core","Golden Idol","Potion Belt","Whetstone","Girya","Anchor","Nuclear Battery","PrismaticShard","Peace Pipe","Bronze Scales","Cables"],"potions_floor_usage":[7,7,12,18,22,24],"damage_taken":[{"damage":1,"enemies":"Cultist","floor":1,"turns":3},{"damage":0,"enemies":"2 Louse","floor":2,"turns":2},{"damage":18,"enemies":"3 Sentries","floor":7,"turns":8},{"damage":16,"enemies":"Lagavulin","floor":10,"turns":9},{"damage":15,"enemies":"3 Sentries","floor":12,"turns":3},{"damage":0,"enemies":"Jaw Worm","floor":14,"turns":2},{"damage":10,"enemies":"The Guardian","floor":16,"turns":16},{"damage":11,"enemies":"3 Byrds","floor":18,"turns":2},{"damage":6,"enemies":"Spheric Guardian","floor":20,"turns":4},{"damage":13,"enemies":"Snecko","floor":22,"turns":5},{"damage":8,"enemies":"Slavers","floor":24,"turns":8},{"damage":26,"enemies":"Book of Stabbing","floor":27,"turns":4},{"damage":0,"enemies":"Snake Plant","floor":29,"turns":4},{"damage":19,"enemies":"Sentry and Sphere","floor":30,"turns":7},{"damage":0,"enemies":"Chosen and Byrds","floor":31,"turns":5}],"seed_played":"6295992110083515526","potions_obtained":[{"floor":1,"key":"Strength Potion"},{"floor":2,"key":"EssenceOfSteel"},{"floor":7,"key":"Explosive Potion"},{"floor":16,"key":"LiquidBronze"},{"floor":20,"key":"EssenceOfSteel"},{"floor":29,"key":"FearPotion"}],"is_trial":false,"path_per_floor":["M","M","?","?","$","R","E","R","T","E","R","E","?","M","R","B",null,"M","?","M","$","M","R","E","R","T","E","R","M","M"],"character_chosen":"DEFECT","items_purchased":["Glacier","Sunder","BootSequence","Steam","PrismaticShard","Block Potion"],"campfire_rested":2,"item_purchase_floors":[5,5,21,21,21,21],"current_hp_per_floor":[63,63,63,63,63,63,45,45,45,29,29,14,14,14,14,4,49,38,38,32,32,19,38,30,30,30,4,23,23,4,4],"gold":165,"neow_bonus":"REMOVE_CARD","is_prod":false,"is_daily":false,"chose_seed":false,"campfire_upgraded":4,"win_rate":0,"timestamp":1537385816,"path_taken":["M","M","?","?","$","R","E","R","T","E","R","E","?","?","R","BOSS","M","?","M","$","M","R","E","R","T","E","R","M","M","M"],"build_version":"2018-09-18v3","purchased_purges":1,"victory":false,"max_hp_per_floor":[71,71,64,64,64,64,64,64,64,64,64,64,64,64,64,64,64,64,64,64,64,64,64,64,64,64,64,64,64,64,64],"card_choices":[{"not_picked":["Static Discharge","Rebound"],"picked":"Sunder","floor":1},{"not_picked":["Redo","Static Discharge"],"picked":"Leap","floor":2},{"not_picked":["Compile Driver","Rip and Tear"],"picked":"Conserve Battery","floor":7},{"not_picked":["Stack","Storm"],"picked":"Consume","floor":10},{"not_picked":["Sweeping Beam","Consume"],"picked":"Coolheaded","floor":12},{"not_picked":["Scrape","Compile Driver"],"picked":"Auto Shields","floor":14},{"not_picked":["Core Surge","Rainbow"],"picked":"All For One","floor":16},{"not_picked":["Heatsinks","Aggregate"],"picked":"Chill","floor":18},{"not_picked":["Redo+1","Reprogram"],"picked":"Ball Lightning+1","floor":20},{"not_picked":["Heavy Blade+1","Headbutt","Outmaneuver"],"picked":"SKIP","floor":22},{"not_picked":["Sweeping Beam","Poisoned Stab+1"],"picked":"PiercingWail","floor":24},{"not_picked":["Sentinel","Bandage Up"],"picked":"Body Slam","floor":27},{"not_picked":["Sweeping Beam","Heavy Blade","Coolheaded"],"picked":"SKIP","floor":29},{"not_picked":["Evolve","Scrape"],"picked":"Jack Of All Trades","floor":30}],"player_experience":1030056,"relics_obtained":[{"floor":7,"key":"Potion Belt"},{"floor":9,"key":"Whetstone"},{"floor":10,"key":"Girya"},{"floor":12,"key":"Anchor"},{"floor":24,"key":"Peace Pipe"},{"floor":26,"key":"Bronze Scales"},{"floor":27,"key":"Cables"}],"event_choices":[{"event_name":"Golden Idol","player_choice":"Lose Max HP","floor":3,"damage_taken":0},{"event_name":"Liars Game","player_choice":"agreed","floor":4,"damage_taken":0},{"event_name":"Golden Shrine","player_choice":"Pray","floor":13,"damage_taken":0},{"event_name":"Transmorgrifier","player_choice":"Transform","floor":19,"damage_taken":0}],"is_beta":true,"boss_relics":[{"not_picked":["FrozenCore","Eternal Feather"],"picked":"Nuclear Battery"}],"items_purged_floors":[5],"is_endless":false,"potions_floor_spawned":[1,2,7,16,20,29],"killed_by":"Chosen and Byrds","ascension_level":18}