{"gold_per_floor":[109,109,109,125,143,143,168,168,168,203,214,214,239,86,86,157,157,171,221,221,221,72,99,99,116,142,142,142,142,170,0,0,75,75,95,113,113,123,123,123,158,35,35,35,90,90,125,139,139,139],"floor_reached":51,"playtime":2599,"items_purged":["Strike_G","Strike_G","Strike_G"],"score":1826,"play_id":"90f9aa2b-984b-430c-97b0-b4381a0381ae","local_time":"20180801232233","is_ascension_mode":true,"campfire_choices":[{"data":"Neutralize","floor":6,"key":"SMITH"},{"data":"Caltrops","floor":12,"key":"SMITH"},{"data":"Noxious Fumes","floor":15,"key":"SMITH"},{"data":"Tactician","floor":24,"key":"SMITH"},{"data":"After Image","floor":27,"key":"SMITH"},{"data":"Glass Knife","floor":29,"key":"SMITH"},{"data":"Deadly Poison","floor":32,"key":"SMITH"},{"data":"Tactician","floor":40,"key":"SMITH"},{"data":"Footwork","floor":44,"key":"SMITH"},{"data":"Acrobatics","floor":46,"key":"SMITH"},{"data":"Noxious Fumes","floor":49,"key":"SMITH"}],"neow_cost":"TEN_PERCENT_HP_LOSS","seed_source_timestamp":651855362232166,"circlet_count":0,"master_deck":["Defend_G","Defend_G+1","Defend_G","Defend_G","Defend_G","Strike_G+1","Survivor","Neutralize+1","AscendersBane","Dagger Throw+1","Acrobatics+1","Caltrops+1","After Image+1","Deflect","Terror+1","Adrenaline","Noxious Fumes+1","Glass Knife+1","PiercingWail","Tactician+1","Backflip","Poisoned Stab","Deadly Poison+1","Tools of the Trade","Caltrops+1","Dagger Throw","Tactician+1","Footwork+1","Noxious Fumes+1","Crippling Poison"],"relics":["Ring of the Snake","Tough Bandages","Meat on the Bone","Snake Skull","Oddly Smooth Stone","Pen Nib","War Paint","Runic Pyramid","Thread and Needle","Bag of Marbles","Red Mask","Cursed Key","Centennial Puzzle","Tiny Chest","Whetstone"],"potions_floor_usage":[10,10,23,23,50],"damage_taken":[{"damage":0,"enemies":"Jaw Worm","floor":1,"turns":5},{"damage":0,"enemies":"Cultist","floor":4,"turns":3},{"damage":0,"enemies":"2 Louse","floor":5,"turns":3},{"damage":19,"enemies":"Gremlin Nob","floor":7,"turns":5},{"damage":0,"enemies":"3 Sentries","floor":10,"turns":8},{"damage":0,"enemies":"Exordium Wildlife","floor":11,"turns":7},{"damage":0,"enemies":"Lagavulin","floor":13,"turns":9},{"damage":0,"enemies":"The Guardian","floor":16,"turns":10},{"damage":0,"enemies":"Chosen","floor":18,"turns":5},{"damage":6,"enemies":"Gremlin Leader","floor":23,"turns":8},{"damage":0,"enemies":"3 Byrds","floor":25,"turns":2},{"damage":0,"floor":30,"turns":4},{"damage":0,"enemies":"Automaton","floor":33,"turns":8},{"damage":0,"enemies":"3 Shapes","floor":35,"turns":4},{"damage":0,"enemies":"Orb Walker","floor":36,"turns":3},{"damage":1,"enemies":"Transient","floor":38,"turns":5},{"damage":0,"enemies":"Nemesis","floor":41,"turns":7},{"damage":1,"enemies":"2 Orb Walkers","floor":45,"turns":5},{"damage":0,"enemies":"Nemesis","floor":47,"turns":7},{"damage":0,"enemies":"3 Darklings","floor":48,"turns":4},{"damage":0,"enemies":"Donu and Deca","floor":50,"turns":7}],"seed_played":"7654766930961295878","potions_obtained":[{"floor":4,"key":"Energy Potion"},{"floor":7,"key":"FearPotion"},{"floor":8,"key":"Explosive Potion"},{"floor":11,"key":"SmokeBomb"},{"floor":18,"key":"Dexterity Potion"},{"floor":30,"key":"FearPotion"},{"floor":36,"key":"LiquidBronze"},{"floor":45,"key":"Block Potion"}],"is_trial":false,"path_per_floor":["M","?","?","M","M","R","E","?","T","E","M","R","E","$","R","B",null,"M","?","?","?","$","E","R","M","T","R","?","R","?","$","R","B",null,"M","M","?","M","?","R","E","$","T","R","E","R","E","M","R","B"],"character_chosen":"THE_SILENT","items_purchased":["Noxious Fumes","Block Potion","Deadly Poison","Footwork","Block Potion"],"campfire_rested":0,"item_purchase_floors":[14,22,31,42,42],"current_hp_per_floor":[59,59,48,48,48,48,41,41,41,41,41,41,41,41,41,41,55,55,55,55,55,55,49,49,49,49,49,49,49,49,49,49,49,57,57,57,57,56,56,56,56,56,56,56,55,55,55,55,55,55],"gold":139,"neow_bonus":"ONE_RARE_RELIC","is_prod":false,"is_daily":false,"chose_seed":false,"campfire_upgraded":11,"win_rate":0,"timestamp":1533187353,"path_taken":["M","?","?","M","M","R","E","?","T","E","M","R","E","?","R","BOSS","M","?","?","?","$","E","R","?","T","R","?","R","?","$","R","BOSS","M","M","?","M","?","R","E","$","T","R","E","R","E","?","R","BOSS"],"build_version":"2018-07-31","purchased_purges":3,"victory":true,"max_hp_per_floor":[60,60,60,60,60,60,60,60,60,60,60,60,60,60,60,60,60,60,60,60,60,60,60,60,60,60,60,60,60,60,60,60,60,60,60,60,60,60,60,60,60,60,60,60,60,60,60,60,60,60],"card_choices":[{"not_picked":["Bane","Riddle With Holes"],"picked":"Dagger Throw","floor":1},{"not_picked":["Flechettes","Riddle With Holes"],"picked":"Acrobatics","floor":4},{"not_picked":["Eviscerate","Sucker Punch"],"picked":"Caltrops","floor":5},{"not_picked":["Blade Dance","Reflex"],"picked":"After Image","floor":7},{"not_picked":["Flying Knee","Bouncing Flask"],"picked":"Deflect","floor":10},{"not_picked":["Sucker Punch","Backflip"],"picked":"Terror","floor":11},{"not_picked":["Acrobatics","Backflip"],"picked":"Adrenaline","floor":13},{"not_picked":["Malaise","Envenom"],"picked":"Glass Knife","floor":16},{"not_picked":["Deadly Poison","Endless Agony"],"picked":"PiercingWail","floor":18},{"not_picked":["Dash","Masterful Stab","Concentrate"],"picked":"SKIP","floor":23},{"not_picked":["Setup+1","Poisoned Stab"],"picked":"Backflip","floor":25},{"not_picked":["Calculated Gamble","Quick Slash"],"picked":"Poisoned Stab","floor":30},{"not_picked":["Phantasmal Killer","Wraith Form v2"],"picked":"Tools of the Trade","floor":33},{"not_picked":["Blur","Flying Knee"],"picked":"Caltrops","floor":35},{"not_picked":["Masterful Stab","Blade Dance"],"picked":"Dagger Throw","floor":36},{"not_picked":["All Out Attack+1","Noxious Fumes"],"picked":"Tactician","floor":38},{"not_picked":["Infinite Blades","Quick Slash+1","Eviscerate+1"],"picked":"SKIP","floor":41},{"not_picked":["Flechettes","Skewer","Infinite Blades+1"],"picked":"SKIP","floor":45},{"not_picked":["Malaise","Dagger Spray"],"picked":"Noxious Fumes","floor":47},{"not_picked":["Deadly Poison+1","Outmaneuver"],"picked":"Crippling Poison","floor":48}],"player_experience":909355,"relics_obtained":[{"floor":7,"key":"Snake Skull"},{"floor":9,"key":"Oddly Smooth Stone"},{"floor":10,"key":"Pen Nib"},{"floor":13,"key":"War Paint"},{"floor":23,"key":"Thread and Needle"},{"floor":26,"key":"Bag of Marbles"},{"floor":30,"key":"Red Mask"},{"floor":41,"key":"Centennial Puzzle"},{"floor":45,"key":"Tiny Chest"},{"floor":47,"key":"Whetstone"}],"event_choices":[{"event_name":"Purifier","player_choice":"One Purge","floor":2,"damage_taken":0},{"event_name":"Scrap Ooze","player_choice":"success","floor":3,"damage_taken":11},{"event_name":"The Lab","player_choice":"Got Potions","floor":8,"damage_taken":0},{"event_name":"Nest","player_choice":"Stole From Cult","floor":19,"damage_taken":0},{"event_name":"Vampires","player_choice":"Ignored","floor":20,"damage_taken":0},{"event_name":"The Library","player_choice":"Read","floor":21,"damage_taken":0},{"event_name":"Cursed Tome","player_choice":"Ignored","floor":28,"damage_taken":0},{"event_name":"Masked Bandits","player_choice":"Fought over 142 gold","floor":30,"damage_taken":0},{"event_name":"Accursed Blacksmith","player_choice":"Forge","floor":37,"damage_taken":0},{"event_name":"SecretPortal","player_choice":"Rejected Portal.","floor":39,"damage_taken":0}],"is_beta":true,"boss_relics":[{"not_picked":["Philosopher\u0027s Stone","Pandora\u0027s Box"],"picked":"Runic Pyramid"},{"not_picked":["Runic Dome","Tiny House"],"picked":"Cursed Key"}],"items_purged_floors":[14,22,31],"is_endless":false,"potions_floor_spawned":[4,7,11,18,30,36,45],"ascension_level":15}