{"gold_per_floor":[110,110,110,185,110,110,136,136,136,136,136,156,172,204,204,305,305,322,56,74,349,369,400,414,442,442,462,475,490,490,509,509,613,613,633,633,633,644,354,380,397,726,726,726,739,773,773,125,125,125],"floor_reached":51,"playtime":2259,"items_purged":["Regret","Redo","Regret","Dualcast+1"],"score":1212,"play_id":"b8b5e9cc-d894-4b58-81d6-f3bf99fb7c7e","local_time":"20190201045633","is_ascension_mode":true,"campfire_choices":[{"data":"Zap","floor":6,"key":"SMITH"},{"data":"Scrape","floor":8,"key":"SMITH"},{"data":"Hyperbeam","floor":10,"key":"SMITH"},{"data":"FTL","floor":15,"key":"SMITH"},{"data":"Reboot","floor":30,"key":"SMITH"},{"data":"Scrape","floor":32,"key":"SMITH"},{"data":"Reboot","floor":44,"key":"SMITH"},{"data":"Steam Power","floor":47,"key":"SMITH"},{"data":"All For One","floor":49,"key":"SMITH"}],"neow_cost":"NONE","seed_source_timestamp":742689316215353,"circlet_count":0,"master_deck":["Zap+1","Scrape+1","Conserve Battery","FTL+1","Hyperbeam+1","Melter","Undo","Steam Power+1","Beam Cell+1","Beam Cell","BootSequence","Beam Cell","All For One+1","FTL","Swift Strike","Rebound","Hologram+1","Steam","Reboot+1","Tempest+1","Go for the Eyes","Gash","Scrape+1","Reboot+1","Beam Cell","Flash of Steel","Thinking Ahead","BootSequence+1","Go for the Eyes+1"],"relics":["Pandora\u0027s Box","Potion Belt","Darkstone Periapt","Pantograph","Mango","Black Star","Strawberry","Centennial Puzzle","Dodecahedron","Bottled Lightning","Sundial","Coffee Dripper","Gremlin Horn","Bag of Preparation","Old Coin","Question Card","Pear","Calipers","Art of War","Vajra","Bronze Scales"],"potions_floor_usage":[7,16,16,25,25,31,33,41,42,42,46,46,50,50,50],"damage_taken":[{"damage":0,"enemies":"2 Louse","floor":1,"turns":2},{"damage":0,"enemies":"Lagavulin","floor":7,"turns":2},{"damage":0,"enemies":"Jaw Worm","floor":12,"turns":1},{"damage":0,"enemies":"Small Slimes","floor":13,"turns":1},{"damage":0,"enemies":"3 Sentries","floor":14,"turns":2},{"damage":16,"enemies":"Slime Boss","floor":16,"turns":5},{"damage":2,"enemies":"3 Byrds","floor":18,"turns":3},{"damage":0,"enemies":"Spheric Guardian","floor":20,"turns":1},{"damage":10,"enemies":"Shelled Parasite and Fungi","floor":22,"turns":2},{"damage":18,"enemies":"Gremlin Leader","floor":23,"turns":4},{"damage":11,"enemies":"Centurion and Healer","floor":24,"turns":3},{"damage":17,"enemies":"Book of Stabbing","floor":25,"turns":3},{"damage":2,"enemies":"Snake Plant","floor":27,"turns":2},{"damage":5,"enemies":"Cultist and Chosen","floor":28,"turns":3},{"damage":0,"enemies":"Sentry and Sphere","floor":29,"turns":2},{"damage":1,"enemies":"Centurion and Healer","floor":31,"turns":3},{"damage":35,"enemies":"Champ","floor":33,"turns":6},{"damage":0,"enemies":"Orb Walker","floor":35,"turns":1},{"damage":0,"enemies":"3 Darklings","floor":38,"turns":2},{"damage":0,"enemies":"Nemesis","floor":40,"turns":1},{"damage":23,"enemies":"4 Shapes","floor":41,"turns":3},{"damage":0,"enemies":"Reptomancer","floor":42,"turns":2},{"damage":0,"enemies":"Sphere and 2 Shapes","floor":45,"turns":2},{"damage":0,"enemies":"Giant Head","floor":46,"turns":2},{"damage":31,"enemies":"Donu and Deca","floor":50,"turns":5}],"seed_played":"-351391490850918007","potions_obtained":[{"floor":1,"key":"Poison Potion"},{"floor":7,"key":"Ancient Potion"},{"floor":11,"key":"FearPotion"},{"floor":11,"key":"Explosive Potion"},{"floor":11,"key":"FocusPotion"},{"floor":12,"key":"Poison Potion"},{"floor":24,"key":"Swift Potion"},{"floor":25,"key":"Explosive Potion"},{"floor":28,"key":"EssenceOfSteel"},{"floor":33,"key":"Dexterity Potion"},{"floor":40,"key":"Weak Potion"},{"floor":42,"key":"Energy Potion"},{"floor":45,"key":"SkillPotion"}],"is_trial":false,"path_per_floor":["M","?","?","?","$","R","E","R","T","R","?","M","M","E","R","B",null,"M","$","M","?","M","E","M","E","T","M","M","M","R","M","R","B",null,"M","?","?","M","$","E","M","E","T","R","M","E","R","$","R","B",null],"character_chosen":"DEFECT","items_purchased":["FTL","Swift Strike","Thinking Ahead","Vajra","Bronze Scales","Weak Potion","EssenceOfSteel","GamblersBrew"],"campfire_rested":0,"item_purchase_floors":[19,19,39,48,48,48,48,48],"current_hp_per_floor":[75,60,60,49,49,49,49,49,49,49,49,49,49,63,63,72,89,87,87,87,93,83,72,61,44,44,42,37,37,37,36,36,26,102,102,102,102,102,102,102,79,79,89,89,89,89,89,89,89,81],"gold":125,"neow_bonus":"BOSS_RELIC","is_prod":false,"is_daily":false,"chose_seed":false,"campfire_upgraded":9,"win_rate":0,"timestamp":1548993393,"path_taken":["M","?","?","?","$","R","E","R","T","R","?","M","?","E","R","BOSS","M","$","M","?","M","E","M","E","T","?","M","M","R","M","R","BOSS","M","?","?","M","$","E","M","E","T","R","M","E","R","$","R","BOSS"],"build_version":"2019-01-23","purchased_purges":4,"victory":true,"max_hp_per_floor":[75,75,75,75,75,75,75,75,75,75,75,75,75,89,89,89,89,89,89,89,95,95,102,102,102,102,102,102,102,102,102,102,102,102,102,102,102,102,102,102,102,102,112,112,112,112,112,112,112,112],"card_choices":[{"not_picked":["Heatsinks","Redo"],"picked":"Beam Cell","floor":1},{"not_picked":["Rip and Tear","Sunder","Conserve Battery"],"picked":"SKIP","floor":7},{"not_picked":["Leap","Turbo"],"picked":"Beam Cell","floor":12},{"not_picked":["Leap","Defragment"],"picked":"BootSequence","floor":13},{"not_picked":["Recycle","Sweeping Beam"],"picked":"Beam Cell","floor":14},{"not_picked":["Echo Form","Fission"],"picked":"All For One","floor":16},{"not_picked":["Consume","Barrage","Cold Snap"],"picked":"SKIP","floor":18},{"not_picked":["Turbo","Redo+1"],"picked":"Rebound","floor":20},{"not_picked":["Stack","Conserve Battery"],"picked":"Hologram+1","floor":22},{"not_picked":["Chill+1","Barrage"],"picked":"Steam","floor":23},{"not_picked":["Coolheaded","Redo"],"picked":"Reboot","floor":24},{"not_picked":["Darkness+1","Heatsinks","Leap"],"picked":"SKIP","floor":25},{"not_picked":["Cold Snap+1","Ball Lightning"],"picked":"Tempest+1","floor":27},{"not_picked":["Beam Cell","Hologram"],"picked":"Go for the Eyes","floor":28},{"not_picked":["Scrape","Hello World+1"],"picked":"Gash","floor":29},{"not_picked":["Chaos","Defragment"],"picked":"Scrape","floor":31},{"not_picked":["Electrodynamics","Fission"],"picked":"Reboot","floor":33},{"not_picked":["Consume","Coolheaded+1"],"picked":"Beam Cell","floor":35},{"not_picked":["Impatience","Purity"],"picked":"Flash of Steel","floor":36},{"not_picked":["Conserve Battery","Cold Snap+1","Heatsinks+1"],"picked":"SKIP","floor":38},{"not_picked":["Darkness","Conserve Battery+1"],"picked":"BootSequence+1","floor":40},{"not_picked":["Leap","Lockon+1","Coolheaded"],"picked":"SKIP","floor":41},{"not_picked":["Rebound","Reprogram+1"],"picked":"Go for the Eyes+1","floor":42},{"not_picked":["Redo","Aggregate+1","Stack+1","Hello World+1"],"picked":"SKIP","floor":45},{"not_picked":["Stack","Auto Shields+1","Compile Driver","Darkness"],"picked":"SKIP","floor":46}],"player_experience":122632,"relics_obtained":[{"floor":7,"key":"Darkstone Periapt"},{"floor":9,"key":"Pantograph"},{"floor":14,"key":"Mango"},{"floor":23,"key":"Strawberry"},{"floor":23,"key":"Centennial Puzzle"},{"floor":25,"key":"Dodecahedron"},{"floor":25,"key":"Bottled Lightning"},{"floor":26,"key":"Sundial"},{"floor":40,"key":"Gremlin Horn"},{"floor":40,"key":"Bag of Preparation"},{"floor":42,"key":"Old Coin"},{"floor":42,"key":"Question Card"},{"floor":43,"key":"Pear"},{"floor":46,"key":"Calipers"},{"floor":46,"key":"Art of War"}],"event_choices":[{"damage_healed":0,"gold_gain":0,"player_choice":"Entered Light","damage_taken":15,"max_hp_gain":0,"max_hp_loss":0,"event_name":"Shining Light","floor":2,"gold_loss":0,"cards_upgraded":["Beam Cell","Dualcast"]},{"damage_healed":0,"gold_gain":0,"player_choice":"Box","damage_taken":0,"relics_obtained":["Potion Belt"],"max_hp_gain":0,"max_hp_loss":0,"event_name":"Big Fish","floor":3,"gold_loss":0,"cards_obtained":["Regret"]},{"damage_healed":0,"gold_gain":75,"player_choice":"Gather Gold","damage_taken":11,"max_hp_gain":0,"max_hp_loss":0,"event_name":"World of Goop","floor":4,"gold_loss":0},{"damage_healed":0,"gold_gain":0,"player_choice":"Got Potions","damage_taken":0,"max_hp_gain":0,"max_hp_loss":0,"event_name":"Lab","floor":11,"gold_loss":0},{"damage_healed":0,"gold_gain":275,"player_choice":"Desecrate","damage_taken":0,"max_hp_gain":0,"max_hp_loss":0,"event_name":"Golden Shrine","floor":21,"gold_loss":0,"cards_obtained":["Regret"]},{"damage_healed":0,"gold_gain":0,"player_choice":"Memory 1","damage_taken":0,"max_hp_gain":0,"max_hp_loss":0,"event_name":"SensoryStone","floor":36,"gold_loss":0},{"damage_healed":0,"gold_gain":0,"player_choice":"Ignored","damage_taken":0,"max_hp_gain":0,"max_hp_loss":0,"event_name":"Tomb of Lord Red Mask","floor":37,"gold_loss":0}],"is_beta":false,"boss_relics":[{"not_picked":["Nuclear Battery","Runic Pyramid"],"picked":"Black Star"},{"not_picked":["Calling Bell","Tiny House"],"picked":"Coffee Dripper"}],"items_purged_floors":[5,19,39,48],"is_endless":false,"potions_floor_spawned":[1,7,12,24,25,28,33,40,42,45],"ascension_level":4}