{"gold_per_floor":[114,114,134,144,144,144,169,169,196,227,227,227,238,6,6,111,111,127,127],"floor_reached":19,"playtime":1648,"items_purged":[],"score":193,"play_id":"021deb69-8de1-4802-81bb-b517c96fe081","local_time":"20190215221821","is_ascension_mode":true,"campfire_choices":[{"floor":6,"key":"RECALL"},{"floor":8,"key":"REST"},{"floor":15,"key":"REST"}],"neow_cost":"NONE","seed_source_timestamp":2383876056547371,"circlet_count":0,"master_deck":["Strike_B","Strike_B","Strike_B+1","Defend_B","Defend_B","Defend_B","Defend_B","Zap+1","Dualcast","Rebound","Doom and Gloom","Self Repair","Go for the Eyes+1","Coolheaded","FTL","Defragment","Sunder","Purity","Beam Cell","Amplify","Chill"],"relics":["Cracked Core","Dream Catcher","Gremlin Horn","Blood Vial","Sozu"],"potions_floor_usage":[7,10,10,16],"damage_taken":[{"damage":4,"enemies":"2 Louse","floor":1,"turns":2},{"damage":1,"enemies":"Cultist","floor":3,"turns":3},{"damage":7,"enemies":"Small Slimes","floor":4,"turns":3},{"damage":30,"enemies":"Lagavulin","floor":7,"turns":6},{"damage":32,"enemies":"Gremlin Nob","floor":10,"turns":5},{"damage":4,"enemies":"Looter","floor":13,"turns":3},{"damage":19,"enemies":"The Guardian","floor":16,"turns":9},{"damage":52,"enemies":"3 Byrds","floor":18,"turns":5},{"damage":48,"enemies":"Masked Bandits","floor":19,"turns":3}],"seed_played":"712371328167807599","potions_obtained":[{"floor":3,"key":"LiquidBronze"},{"floor":4,"key":"FearPotion"},{"floor":7,"key":"Regen Potion"},{"floor":10,"key":"SteroidPotion"}],"is_trial":false,"path_per_floor":["M","?","M","M","?","R","E","R","T","E","?","?","M","$","R","B",null,"M","?"],"character_chosen":"DEFECT","items_purchased":["Defragment","Sunder","Purity"],"campfire_rested":2,"item_purchase_floors":[14,14,14],"current_hp_per_floor":[78,78,77,70,52,52,29,53,53,37,21,21,26,26,50,40,82,37,0],"gold":127,"neow_bonus":"TEN_PERCENT_HP_BONUS","is_prod":false,"is_daily":false,"chose_seed":false,"campfire_upgraded":0,"win_rate":0,"timestamp":1550269101,"path_taken":["M","?","?","M","?","R","E","R","T","E","?","?","?","$","R","BOSS","M","?"],"build_version":"2019-01-23","purchased_purges":0,"victory":false,"max_hp_per_floor":[82,82,82,82,82,82,82,82,82,82,82,82,82,82,82,82,82,82,82],"card_choices":[{"not_picked":["Stack","Reprogram"],"picked":"Rebound","floor":1},{"not_picked":["Cold Snap","Stack"],"picked":"Doom and Gloom","floor":3},{"not_picked":["Force Field","Chaos"],"picked":"Self Repair","floor":4},{"not_picked":["Blizzard","Rebound","Barrage"],"picked":"SKIP","floor":7},{"not_picked":["Scrape","Conserve Battery"],"picked":"Go for the Eyes","floor":8},{"not_picked":["Reinforced Body","Melter"],"picked":"Coolheaded","floor":10},{"not_picked":["Barrage","Meteor Strike"],"picked":"FTL","floor":13},{"not_picked":["Barrage","Rebound"],"picked":"Beam Cell","floor":15},{"not_picked":["All For One","Multi-Cast"],"picked":"Amplify","floor":16},{"not_picked":["Turbo","Genetic Algorithm"],"picked":"Chill","floor":18}],"player_experience":744232,"relics_obtained":[{"floor":7,"key":"Gremlin Horn"},{"floor":10,"key":"Blood Vial"}],"event_choices":[{"damage_healed":0,"gold_gain":0,"player_choice":"Forge","damage_taken":0,"max_hp_gain":0,"max_hp_loss":0,"event_name":"Accursed Blacksmith","floor":2,"gold_loss":0,"cards_upgraded":["Zap"]},{"damage_healed":0,"gold_gain":0,"player_choice":"Success","damage_taken":18,"relics_obtained":["Dream Catcher"],"max_hp_gain":0,"max_hp_loss":0,"event_name":"Scrap Ooze","floor":5,"gold_loss":0},{"damage_healed":0,"gold_gain":0,"player_choice":"Entered Light","damage_taken":16,"max_hp_gain":0,"max_hp_loss":0,"event_name":"Shining Light","floor":11,"gold_loss":0,"cards_upgraded":["Go for the Eyes","Strike_B"]},{"cards_removed":["Strike_B"],"damage_healed":0,"gold_gain":0,"player_choice":"Offered Basic","damage_taken":0,"max_hp_gain":0,"max_hp_loss":0,"event_name":"Bonfire Elementals","floor":12,"gold_loss":0},{"damage_healed":0,"gold_gain":0,"player_choice":"Fought Bandits","damage_taken":0,"max_hp_gain":0,"max_hp_loss":0,"event_name":"Masked Bandits","floor":19,"gold_loss":0}],"is_beta":false,"boss_relics":[{"not_picked":["Runic Dome","Lizard Tail"],"picked":"Sozu"}],"items_purged_floors":[],"is_endless":false,"potions_floor_spawned":[3,4,7,10],"killed_by":"Masked Bandits","ascension_level":2}