{"gold_per_floor":[115,134,134,134,109,140,140,158,226,226,305,305,345,366,366,496,496,512,530,254,279,300,300,340,340,340,353,386,386,330,330],"floor_reached":31,"playtime":1786,"items_purged":[],"score":441,"play_id":"29fefd14-6ab1-4cbb-8f13-1182fa08396a","local_time":"20181229230632","daily_mods":["SealedDeck","Green Cards"],"is_ascension_mode":true,"campfire_choices":[{"data":"Cloak And Dagger","floor":7,"key":"SMITH"},{"data":"Footwork","floor":12,"key":"SMITH"},{"floor":15,"key":"REST"},{"data":"Feel No Pain","floor":23,"key":"SMITH"},{"data":"Armaments","floor":25,"key":"SMITH"}],"neow_cost":"","seed_source_timestamp":0,"circlet_count":0,"master_deck":["Dagger Throw","Thunderclap","Dagger Throw","Dagger Spray","Armaments","Armaments","Pommel Strike","Cloak And Dagger+1","Feel No Pain+1","Armaments+1","Acrobatics","Cleave","Footwork+1","Die Die Die","Feel No Pain","Burst","True Grit","Power Through","Backstab+1","Twin Strike+1","Clothesline+1","Ghostly","Ghostly","Ghostly","Ghostly","Ghostly"],"relics":["Snecko Eye","Golden Idol","Omamori","Kunai","Unceasing Top","Bag of Preparation","Sozu","Chemical X","Question Card","Bottled Lightning","Ice Cream","Magic Flower"],"potions_floor_usage":[11],"damage_taken":[{"damage":6,"enemies":"Jaw Worm","floor":1,"turns":3},{"damage":0,"enemies":"2 Louse","floor":2,"turns":2},{"damage":8,"enemies":"Gremlin Nob","floor":6,"turns":3},{"damage":1,"enemies":"Small Slimes","floor":8,"turns":3},{"damage":17,"enemies":"Gremlin Nob","floor":11,"turns":4},{"damage":0,"enemies":"Lagavulin","floor":13,"turns":6},{"damage":0,"enemies":"3 Louse","floor":14,"turns":1},{"damage":2,"enemies":"Slime Boss","floor":16,"turns":9},{"damage":0,"enemies":"Spheric Guardian","floor":18,"turns":4},{"damage":0,"enemies":"2 Thieves","floor":19,"turns":3},{"damage":15,"enemies":"Centurion and Healer","floor":21,"turns":7},{"damage":0,"enemies":"Snecko","floor":22,"turns":4},{"damage":3,"enemies":"Book of Stabbing","floor":24,"turns":6},{"damage":9,"enemies":"Snake Plant","floor":27,"turns":6},{"damage":37,"enemies":"Gremlin Leader","floor":28,"turns":9},{"damage":9,"enemies":"Centurion and Healer","floor":31,"turns":1}],"seed_played":"7913881188844963015","potions_obtained":[{"floor":6,"key":"Weak Potion"},{"floor":8,"key":"Fire Potion"},{"floor":14,"key":"Poison Potion"}],"is_trial":true,"path_per_floor":["M","M","?","?","$","E","R","M","T","?","?","R","E","M","R","B",null,"M","M","$","M","M","R","E","R","T","M","E","?","?","M"],"character_chosen":"IRONCLAD","items_purchased":["Acrobatics","True Grit","Power Through","Chemical X"],"campfire_rested":1,"item_purchase_floors":[5,20,20,20],"current_hp_per_floor":[66,66,66,66,66,58,58,57,57,50,33,33,33,33,55,53,69,69,69,69,54,54,54,51,51,51,42,5,5,5,0],"gold":330,"neow_bonus":"","is_prod":false,"is_daily":false,"chose_seed":false,"campfire_upgraded":4,"win_rate":0,"timestamp":1546131992,"path_taken":["M","M","?","?","$","E","R","M","T","?","?","R","E","M","R","BOSS","M","M","$","M","M","R","E","R","T","M","E","?","?","M"],"build_version":"2018-12-20","purchased_purges":0,"victory":false,"max_hp_per_floor":[80,80,80,74,74,74,74,74,74,74,74,74,74,74,74,74,74,74,74,74,74,74,74,74,74,74,74,74,37,37,37],"card_choices":[{"not_picked":["Thunderclap","Pommel Strike","Body Slam"],"picked":"SKIP","floor":1},{"not_picked":["Distraction","Headbutt"],"picked":"Armaments","floor":2},{"not_picked":["Flying Knee","Bloodletting","Body Slam"],"picked":"SKIP","floor":6},{"not_picked":["Wild Strike","Quick Slash"],"picked":"Cleave","floor":8},{"not_picked":["Pommel Strike","Body Slam"],"picked":"Footwork","floor":11},{"not_picked":["Flying Knee","Expertise"],"picked":"Die Die Die","floor":13},{"not_picked":["Bane","Poisoned Stab"],"picked":"Feel No Pain","floor":14},{"not_picked":["Wraith Form v2","Feed"],"picked":"Burst","floor":16},{"not_picked":["Dagger Spray","Cleave+1","Acrobatics"],"picked":"SKIP","floor":18},{"not_picked":["Flex+1","Power Through","Perfected Strike+1"],"picked":"SKIP","floor":19},{"not_picked":["Heavy Blade","Wild Strike","Doppelganger"],"picked":"SKIP","floor":21},{"not_picked":["Clash","Flex+1"],"picked":"Backstab+1","floor":22},{"not_picked":["Distraction","Bane","Perfected Strike+1"],"picked":"SKIP","floor":24},{"not_picked":["Havoc","Searing Blow","Anger"],"picked":"Twin Strike+1","floor":27},{"not_picked":["Envenom","Rampage","Accuracy"],"picked":"Clothesline+1","floor":28}],"player_experience":277621,"relics_obtained":[{"floor":6,"key":"Omamori"},{"floor":9,"key":"Kunai"},{"floor":11,"key":"Unceasing Top"},{"floor":13,"key":"Bag of Preparation"},{"floor":24,"key":"Question Card"},{"floor":26,"key":"Bottled Lightning"},{"floor":28,"key":"Ice Cream"}],"event_choices":[{"damage_healed":0,"gold_gain":0,"player_choice":"Ignored","damage_taken":0,"max_hp_gain":0,"max_hp_loss":0,"event_name":"Liars Game","floor":3,"gold_loss":0},{"damage_healed":0,"gold_gain":0,"player_choice":"Lose Max HP","damage_taken":0,"relics_obtained":["Golden Idol"],"max_hp_gain":0,"max_hp_loss":6,"event_name":"Golden Idol","floor":4,"gold_loss":0},{"cards_removed":["Quick Slash"],"damage_healed":0,"gold_gain":0,"player_choice":"Card Removal","damage_taken":7,"max_hp_gain":0,"max_hp_loss":0,"event_name":"Golden Wing","floor":10,"gold_loss":0},{"damage_healed":0,"gold_gain":0,"player_choice":"Searched \u00272\u0027 times","damage_taken":0,"max_hp_gain":0,"max_hp_loss":0,"event_name":"Dead Adventurer","floor":11,"gold_loss":0},{"damage_healed":0,"gold_gain":0,"player_choice":"Became a Ghost","damage_taken":0,"max_hp_gain":0,"max_hp_loss":37,"event_name":"Ghosts","floor":29,"gold_loss":0,"cards_obtained":["Ghostly","Ghostly","Ghostly","Ghostly","Ghostly"]},{"damage_healed":0,"gold_gain":0,"player_choice":"Paid Gold","damage_taken":0,"relics_obtained":["Magic Flower"],"max_hp_gain":0,"max_hp_loss":0,"event_name":"WeMeetAgain","floor":30,"gold_loss":56}],"is_beta":false,"boss_relics":[{"not_picked":["Tiny House","Ectoplasm"],"picked":"Sozu"}],"items_purged_floors":[],"is_endless":false,"potions_floor_spawned":[6,8,14,18,19,27],"killed_by":"Centurion and Healer","ascension_level":7}