{"gold_per_floor":[366,139,139,152,167,185,185,185,232,270,270,293,293,293,293,418,418,433,558,558,574,590,590,590],"floor_reached":24,"playtime":2354,"items_purged":["Strike_B"],"score":241,"play_id":"aeee5aa2-0d9d-48f3-addc-be8addfd695f","local_time":"20190215225808","is_ascension_mode":true,"campfire_choices":[{"floor":11,"key":"REST"},{"data":"Loop","floor":13,"key":"SMITH"},{"floor":15,"key":"REST"},{"floor":23,"key":"REST"}],"neow_cost":"PERCENT_DAMAGE","seed_source_timestamp":2385556345894665,"circlet_count":0,"master_deck":["Strike_B","Strike_B","Defend_B","Defend_B","Defend_B","Defend_B","Zap","Dualcast","Steam","Hologram","Loop+1","Compile Driver","Cold Snap+1","Static Discharge","Self Repair","Cold Snap","Recycle+1","Rainbow+1","Redo","Cold Snap","Cold Snap","Storm"],"relics":["Cracked Core","Golden Idol","PreservedInsect","Happy Flower","Fusion Hammer","Torii","Shuriken"],"potions_floor_usage":[16,16,16,21],"damage_taken":[{"damage":2,"enemies":"2 Louse","floor":1,"turns":3},{"damage":7,"enemies":"Small Slimes","floor":4,"turns":4},{"damage":0,"enemies":"Jaw Worm","floor":5,"turns":3},{"damage":10,"enemies":"Looter","floor":6,"turns":3},{"damage":6,"enemies":"Lagavulin","floor":10,"turns":6},{"damage":17,"enemies":"Exordium Thugs","floor":12,"turns":6},{"damage":8,"enemies":"Hexaghost","floor":16,"turns":11},{"damage":22,"enemies":"3 Byrds","floor":18,"turns":6},{"damage":24,"enemies":"Colosseum Slavers","floor":19,"turns":5},{"damage":12,"enemies":"Colosseum Nobs","floor":19,"turns":4},{"damage":1,"enemies":"Chosen","floor":21,"turns":4},{"damage":29,"enemies":"Snake Plant","floor":22,"turns":3},{"damage":22,"enemies":"Slavers","floor":24,"turns":1}],"seed_played":"-3200590215281092613","potions_obtained":[{"floor":4,"key":"LiquidBronze"},{"floor":5,"key":"EssenceOfSteel"},{"floor":12,"key":"PowerPotion"},{"floor":19,"key":"Fire Potion"},{"floor":21,"key":"Poison Potion"},{"floor":22,"key":"Weak Potion"}],"is_trial":false,"path_per_floor":["M","$","?","M","M","M","?","?","T","E","R","M","R","?","R","B",null,"M","?","?","M","M","R","E"],"character_chosen":"DEFECT","items_purchased":["Hologram","Loop","Compile Driver"],"campfire_rested":3,"item_purchase_floors":[2,2,2],"current_hp_per_floor":[52,52,52,45,45,35,28,28,28,29,49,39,39,25,45,44,69,54,25,25,31,2,22,0],"gold":590,"neow_bonus":"TWO_FIFTY_GOLD","is_prod":false,"is_daily":false,"chose_seed":false,"campfire_upgraded":1,"win_rate":0,"timestamp":1550271488,"path_taken":["M","$","?","M","M","M","?","?","T","E","R","M","R","?","R","BOSS","M","?","?","?","M","R","E"],"build_version":"2019-01-23","purchased_purges":1,"victory":false,"max_hp_per_floor":[75,75,75,75,75,75,75,69,69,69,69,69,69,69,69,69,69,69,69,69,69,69,69,69],"card_choices":[{"not_picked":["Hologram","Rip and Tear"],"picked":"Steam","floor":1},{"not_picked":["Ball Lightning","Lockon"],"picked":"Cold Snap","floor":4},{"not_picked":["Streamline","Rip and Tear"],"picked":"Static Discharge","floor":5},{"not_picked":["Compile Driver","Hologram"],"picked":"Self Repair","floor":6},{"not_picked":["Streamline","Fission"],"picked":"Cold Snap","floor":10},{"not_picked":["Streamline","Sweeping Beam"],"picked":"Recycle","floor":12},{"not_picked":["Echo Form","Creative AI"],"picked":"Rainbow","floor":16},{"not_picked":["Barrage","Auto Shields"],"picked":"Redo","floor":18},{"not_picked":["Lockon+1","Compile Driver+1"],"picked":"Cold Snap","floor":19},{"not_picked":["Reinforced Body+1","Sunder"],"picked":"Cold Snap","floor":21},{"not_picked":["Sunder","Hyperbeam"],"picked":"Storm","floor":22}],"player_experience":745880,"relics_obtained":[{"floor":9,"key":"PreservedInsect"},{"floor":10,"key":"Happy Flower"},{"floor":19,"key":"Torii"},{"floor":19,"key":"Shuriken"}],"event_choices":[{"damage_healed":0,"gold_gain":0,"player_choice":"Ignored","damage_taken":0,"max_hp_gain":0,"max_hp_loss":0,"event_name":"Liars Game","floor":3,"gold_loss":0},{"cards_removed":["Strike_B"],"damage_healed":0,"gold_gain":0,"player_choice":"Card Removal","damage_taken":7,"max_hp_gain":0,"max_hp_loss":0,"event_name":"Golden Wing","floor":7,"gold_loss":0},{"damage_healed":0,"gold_gain":0,"player_choice":"Lose Max HP","damage_taken":0,"relics_obtained":["Golden Idol"],"max_hp_gain":0,"max_hp_loss":6,"event_name":"Golden Idol","floor":8,"gold_loss":0},{"damage_healed":0,"gold_gain":0,"player_choice":"Entered Light","damage_taken":14,"max_hp_gain":0,"max_hp_loss":0,"event_name":"Shining Light","floor":14,"gold_loss":0,"cards_upgraded":["Cold Snap","Recycle"]},{"damage_healed":0,"gold_gain":0,"player_choice":"Fight","damage_taken":0,"max_hp_gain":0,"max_hp_loss":0,"event_name":"Colosseum","floor":19,"gold_loss":0},{"damage_healed":0,"gold_gain":0,"player_choice":"Fought Nobs","damage_taken":0,"max_hp_gain":0,"max_hp_loss":0,"event_name":"Colosseum","floor":19,"gold_loss":0},{"damage_healed":0,"gold_gain":0,"player_choice":"Forge","damage_taken":0,"max_hp_gain":0,"max_hp_loss":0,"event_name":"Accursed Blacksmith","floor":20,"gold_loss":0,"cards_upgraded":["Rainbow"]}],"is_beta":false,"boss_relics":[{"not_picked":["Pandora\u0027s Box","Coffee Dripper"],"picked":"Fusion Hammer"}],"items_purged_floors":[2],"is_endless":false,"potions_floor_spawned":[4,5,12,19,21,22],"killed_by":"Slavers","ascension_level":2}