{"gold_per_floor":[116,116,116,134,154,154,173,173,196,228,242,242],"floor_reached":12,"playtime":325,"items_purged":[],"score":140,"play_id":"b9b62cc6-8c9b-4867-9055-7b48507675aa","local_time":"20180730170245","is_ascension_mode":true,"campfire_choices":[{"data":"Zap","floor":6,"key":"SMITH"},{"data":"Beam Cell","floor":8,"key":"SMITH"}],"neow_cost":"NONE","seed_source_timestamp":458558139841462,"circlet_count":0,"master_deck":["Strike_B","Strike_B","Strike_B","Strike_B+1","Defend_B","Defend_B","Defend_B","Defend_B+1","Zap+1","Dualcast","AscendersBane","Compile Driver","Melter","Ball Lightning","Beam Cell+1","Ball Lightning","Auto Shields","Rebound+1"],"relics":["Cracked Core","Boot","Omamori","Molten Egg 2"],"potions_floor_usage":[7,7],"damage_taken":[{"damage":7,"enemies":"Jaw Worm","floor":1,"turns":3},{"damage":0,"enemies":"2 Louse","floor":4,"turns":2},{"damage":0,"enemies":"Cultist","floor":5,"turns":2},{"damage":16,"enemies":"Exordium Wildlife","floor":7,"turns":5},{"damage":16,"enemies":"Gremlin Nob","floor":10,"turns":3},{"damage":12,"enemies":"Lots of Slimes","floor":11,"turns":4},{"damage":0,"enemies":"Exordium Thugs","floor":12,"turns":2}],"seed_played":"-7790044675600035631","potions_obtained":[{"floor":4,"key":"EssenceOfSteel"},{"floor":5,"key":"Regen Potion"}],"is_trial":false,"path_per_floor":["M","?","?","M","M","R","M","R","T","E","M"],"character_chosen":"DEFECT","items_purchased":[],"campfire_rested":0,"item_purchase_floors":[],"current_hp_per_floor":[57,36,31,31,31,31,29,29,29,13,1,1],"gold":242,"neow_bonus":"THREE_CARDS","is_prod":false,"is_daily":false,"chose_seed":false,"campfire_upgraded":2,"win_rate":0,"timestamp":1532991765,"path_taken":["M","?","?","M","M","R","M","R","T","E","M","?"],"build_version":"2018-07-26","purchased_purges":0,"victory":false,"max_hp_per_floor":[71,71,71,71,71,71,71,71,71,71,71,71],"card_choices":[{"not_picked":["Static Discharge","Steam Power"],"picked":"Compile Driver","floor":0},{"not_picked":["Sweeping Beam","Stack"],"picked":"Melter","floor":1},{"not_picked":["Streamline","Hologram"],"picked":"Ball Lightning","floor":4},{"not_picked":["Sweeping Beam","Scrape"],"picked":"Beam Cell","floor":5},{"not_picked":["Rebound","Recycle"],"picked":"Ball Lightning","floor":7},{"not_picked":["Force Field","Stack"],"picked":"Auto Shields","floor":10},{"not_picked":["Darkness","Genetic Algorithm"],"picked":"Rebound+1","floor":11}],"player_experience":875420,"relics_obtained":[{"floor":9,"key":"Omamori"},{"floor":10,"key":"Molten Egg 2"}],"event_choices":[{"event_name":"Shining Light","player_choice":"Entered Light","floor":2,"damage_taken":0},{"event_name":"Scrap Ooze","player_choice":"success","floor":3,"damage_taken":5}],"is_beta":true,"boss_relics":[],"items_purged_floors":[],"is_endless":false,"potions_floor_spawned":[4,5],"killed_by":"Exordium Thugs","ascension_level":15}