{"gold_per_floor":[113,113,113,124,74,74,74,92,92,17,17,17,35,47,47,142,142,156,156,56,56,56,56,74,84,110,128,139,139,14,40,40,40],"floor_reached":33,"playtime":2850,"items_purged":["Strike_R","Strike_R","Pain"],"score":255,"play_id":"e9bb5fa9-1d4d-4a27-8c58-64a8b8a8c10e","local_time":"20190128012728","is_ascension_mode":false,"campfire_choices":[{"data":"Shrug It Off","floor":6,"key":"SMITH"},{"data":"Inflame","floor":11,"key":"SMITH"},{"data":"True Grit","floor":15,"key":"SMITH"},{"data":"Flame Barrier","floor":23,"key":"SMITH"},{"floor":29,"key":"REST"},{"floor":32,"key":"REST"}],"neow_cost":"NONE","seed_source_timestamp":10339396052900,"circlet_count":0,"master_deck":["Strike_R+1","Defend_R","Defend_R","Defend_R","Defend_R","Bash+1","Shrug It Off+1","Inflame+1","Immolate+1","Clothesline+1","True Grit+1","Demon Form","Flame Barrier+1","Metallicize","Inflame","Injury","Reaper+1","Flame Barrier","Pummel+1"],"relics":["Burning Blood","Molten Egg 2","Bottled Lightning","Ornamental Fan","Cursed Key","WarpedTongs","Lantern","Whetstone"],"potions_floor_usage":[16,16,25,28,31,33,33],"damage_taken":[{"damage":10,"enemies":"Small Slimes","floor":1,"turns":3},{"damage":4,"enemies":"Cultist","floor":4,"turns":4},{"damage":14,"enemies":"Jaw Worm","floor":8,"turns":4},{"damage":3,"enemies":"Exordium Wildlife","floor":13,"turns":4},{"damage":1,"enemies":"3 Louse","floor":14,"turns":2},{"damage":60,"enemies":"Hexaghost","floor":16,"turns":12},{"damage":27,"enemies":"3 Byrds","floor":18,"turns":5},{"damage":1,"enemies":"Chosen","floor":24,"turns":6},{"damage":5,"enemies":"Snecko","floor":25,"turns":6},{"damage":16,"enemies":"Snake Plant","floor":27,"turns":6},{"damage":22,"enemies":"Shelled Parasite and Fungi","floor":28,"turns":5},{"damage":21,"enemies":"Book of Stabbing","floor":31,"turns":6},{"damage":89,"enemies":"Automaton","floor":33,"turns":12}],"seed_played":"-6950264055779928773","potions_obtained":[{"floor":8,"key":"LiquidBronze"},{"floor":13,"key":"SkillPotion"},{"floor":24,"key":"EntropicBrew"},{"floor":28,"key":"FearPotion"}],"is_trial":false,"path_per_floor":["M","?","?","M","?","R","T","M","T","$","R","?","M","M","R","B",null,"M","?","$","?","$","R","M","M","T","M","M","R","$","E","R","B"],"character_chosen":"IRONCLAD","items_purchased":[],"campfire_rested":2,"item_purchase_floors":[],"current_hp_per_floor":[76,76,76,78,78,78,78,70,70,70,70,70,73,78,78,24,80,59,59,59,59,59,59,64,65,65,55,44,68,68,65,80,0],"gold":40,"neow_bonus":"THREE_CARDS","is_prod":false,"is_daily":false,"chose_seed":false,"campfire_upgraded":4,"win_rate":0.0,"timestamp":1548667648,"path_taken":["M","?","?","?","?","R","?","M","T","$","R","?","?","M","R","BOSS","M","?","?","?","$","R","?","?","T","M","M","R","?","E","R","BOSS"],"build_version":"2019-01-23","purchased_purges":3,"victory":false,"max_hp_per_floor":[80,80,80,80,80,80,80,80,80,80,80,80,80,80,80,80,80,80,80,80,80,80,80,80,80,80,80,80,80,80,80,80,80],"card_choices":[{"not_picked":["Clothesline","Thunderclap"],"picked":"Shrug It Off","floor":0},{"not_picked":["Headbutt","Heavy Blade"],"picked":"Shrug It Off","floor":1},{"not_picked":["True Grit","Sword Boomerang+1"],"picked":"Inflame","floor":4},{"not_picked":["Shrug It Off","Spot Weakness"],"picked":"Immolate+1","floor":8},{"not_picked":["Evolve","Twin Strike+1"],"picked":"Clothesline+1","floor":13},{"not_picked":["Rampage+1","Wild Strike+1"],"picked":"True Grit","floor":14},{"not_picked":["Dark Embrace","Barricade"],"picked":"Demon Form","floor":16},{"not_picked":["Whirlwind+1","Clash+1"],"picked":"Flame Barrier","floor":18},{"not_picked":["Spot Weakness","True Grit"],"picked":"Metallicize","floor":24},{"not_picked":["Headbutt+1","Shrug It Off+1"],"picked":"Inflame","floor":25},{"not_picked":["Perfected Strike+1","True Grit"],"picked":"Reaper+1","floor":27},{"not_picked":["True Grit","Clothesline+1"],"picked":"Flame Barrier","floor":28},{"not_picked":["Clash+1","Sentinel"],"picked":"Pummel+1","floor":31}],"player_experience":52880,"relics_obtained":[{"floor":7,"key":"Bottled Lightning"},{"floor":9,"key":"Ornamental Fan"},{"floor":26,"key":"Lantern"},{"floor":31,"key":"Whetstone"}],"event_choices":[{"damage_healed":0,"gold_gain":0,"player_choice":"Ignored","damage_taken":0,"max_hp_gain":0,"max_hp_loss":0,"event_name":"Liars Game","floor":2,"gold_loss":0},{"cards_removed":["Shrug It Off"],"damage_healed":0,"gold_gain":0,"player_choice":"Gave Card","damage_taken":0,"relics_obtained":["Molten Egg 2"],"max_hp_gain":0,"max_hp_loss":0,"event_name":"WeMeetAgain","floor":3,"gold_loss":0},{"cards_removed":["Strike_R"],"damage_healed":0,"gold_gain":0,"player_choice":"Card Removal","damage_taken":0,"max_hp_gain":0,"max_hp_loss":0,"event_name":"The Cleric","floor":5,"gold_loss":50},{"cards_removed":["Strike_R"],"damage_healed":0,"gold_gain":0,"player_choice":"Forget","damage_taken":0,"max_hp_gain":0,"max_hp_loss":0,"event_name":"Living Wall","floor":12,"gold_loss":0},{"damage_healed":0,"gold_gain":0,"player_choice":"Bought 0 Potions","damage_taken":0,"max_hp_gain":0,"max_hp_loss":0,"event_name":"The Woman in Blue","floor":19,"gold_loss":0},{"damage_healed":0,"gold_gain":0,"player_choice":"Rummage","damage_taken":0,"relics_obtained":["WarpedTongs"],"max_hp_gain":0,"max_hp_loss":0,"event_name":"Accursed Blacksmith","floor":21,"gold_loss":0,"cards_obtained":["Pain"]}],"is_beta":false,"boss_relics":[{"not_picked":["Busted Crown","Lizard Tail"],"picked":"Cursed Key"}],"items_purged_floors":[10,20,30],"is_endless":false,"potions_floor_spawned":[8,13,24,25,28],"killed_by":"Automaton","ascension_level":0}