{"gold_per_floor":[111,186,203,303,41,41,75,92,118,118,129,5,19,39,39,143,143,156,156,1,20,20,50,50,85,109,109,137,155,6,21,21,119,119,132,148,227,73,73,100,100,115,115,133,143,143,157,20,20,20,20,20,2,27,27],"floor_reached":55,"playtime":2095,"items_purged":["Strike_R","Writhe","Normality"],"score":969,"play_id":"b26184f1-2011-4a93-8e6b-04a695e04973","local_time":"20181215223712","is_ascension_mode":true,"campfire_choices":[{"data":"Body Slam","floor":6.0,"key":"SMITH"},{"data":"Seeing Red","floor":10.0,"key":"SMITH"},{"data":"Whirlwind","floor":15.0,"key":"SMITH"},{"floor":24,"key":"REST"},{"floor":32,"key":"REST"},{"floor":41,"key":"RECALL"},{"floor":46,"key":"REST"},{"floor":49,"key":"REST"},{"floor":52,"key":"REST"}],"neow_cost":"NONE","seed_source_timestamp":9741277697364,"circlet_count":0,"master_deck":["Strike_R","Strike_R","Strike_R","Defend_R","Defend_R","Defend_R","Defend_R","Bash+1","Body Slam+1","Pommel Strike","Cleave","Panacea","Clash","Seeing Red+1","Shrug It Off","Whirlwind+1","Anger","Demon Form","Disarm","Corruption","Flame Barrier","Shrug It Off","Impervious","Spot Weakness","Shockwave","Feel No Pain+1","Power Through","Shockwave","Offering","Flame Barrier+1","Disarm+1","Decay","Shrug It Off+1","Rage+1","Flame Barrier+1","Heavy Blade+1","Parasite","Limit Break+1","Rupture+1","Juggernaut+1"],"special_seed":0,"relics":["Burning Blood","Membership Card","Orichalcum","Happy Flower","Kunai","Fusion Hammer","Oddly Smooth Stone","MutagenicStrength","Frozen Egg 2","Whetstone","Bronze Scales","Gremlin Horn","Bottled Lightning","Art of War","Cursed Key","Toxic Egg 2","Pen Nib","Thread and Needle","Bottled Flame"],"potions_floor_usage":[25,25,28,29,44,54,54,55],"damage_taken":[{"damage":8.0,"enemies":"Jaw Worm","floor":1.0,"turns":5.0},{"damage":0.0,"enemies":"Small Slimes","floor":3.0,"turns":3.0},{"damage":15.0,"enemies":"3 Sentries","floor":7.0,"turns":6.0},{"damage":0.0,"enemies":"Cultist","floor":8.0,"turns":4.0},{"damage":3.0,"enemies":"3 Louse","floor":11.0,"turns":2.0},{"damage":12.0,"enemies":"Exordium Thugs","floor":13.0,"turns":3.0},{"damage":2.0,"enemies":"Large Slime","floor":14.0,"turns":4.0},{"damage":18,"enemies":"Slime Boss","floor":16,"turns":8},{"damage":12,"enemies":"Spheric Guardian","floor":18,"turns":4},{"damage":0,"enemies":"3 Byrds","floor":21,"turns":3},{"damage":57,"enemies":"Gremlin Leader","floor":23,"turns":7},{"damage":30,"enemies":"Slavers","floor":25,"turns":4},{"damage":9,"enemies":"Book of Stabbing","floor":28,"turns":4},{"damage":15,"enemies":"Snake Plant","floor":29,"turns":4},{"damage":0,"enemies":"3 Cultists","floor":31,"turns":2},{"damage":7,"enemies":"Champ","floor":33,"turns":10},{"damage":10,"enemies":"Orb Walker","floor":35,"turns":3},{"damage":6,"enemies":"3 Shapes","floor":36,"turns":3},{"damage":0,"enemies":"Giant Head","floor":40,"turns":9},{"damage":6,"enemies":"3 Darklings","floor":42,"turns":5},{"damage":25,"enemies":"Transient","floor":44,"turns":5},{"damage":1,"enemies":"Jaw Worm Horde","floor":45,"turns":3},{"damage":9,"enemies":"Writhing Mass","floor":47,"turns":4},{"damage":52,"enemies":"Time Eater","floor":50,"turns":9},{"damage":70,"enemies":"Shield and Spear","floor":54,"turns":5},{"damage":60,"enemies":"The Heart","floor":55,"turns":3}],"seed_played":"1568938102670377913","potions_obtained":[{"floor":0.0,"key":"LiquidBronze"},{"floor":0.0,"key":"LiquidBronze"},{"floor":0.0,"key":"SkillPotion"},{"floor":7.0,"key":"EssenceOfSteel"},{"floor":11.0,"key":"Weak Potion"},{"floor":28,"key":"PowerPotion"},{"floor":33,"key":"Regen Potion"},{"floor":40,"key":"Block Potion"},{"floor":42,"key":"BloodPotion"},{"floor":44,"key":"Energy Potion"},{"floor":54,"key":"LiquidBronze"}],"is_trial":false,"path_per_floor":["M","?","M","?","$","R","E","M","T","R","M","$","M","M","R","B",null,"M","?","$","M","?","E","R","E","T","?","E","M","$","M","R","B",null,"M","M","T","$","?","E","R","M","T","M","M","R","M","$","R","B",null,"R","$","E","B"],"character_chosen":"IRONCLAD","items_purchased":["Membership Card","Cleave","Panacea","Kunai","Corruption","Oddly Smooth Stone","Feel No Pain+1","Power Through","Art of War","Shrug It Off+1","Pen Nib","Limit Break+1","Rupture+1"],"campfire_rested":5,"item_purchase_floors":[5,5,5,12,20,20,30,30,30,38,38,48,53],"current_hp_per_floor":[78,67,73,73,73,73,64,70,70,70,73,73,67,71,71,59,80,74,74,74,80,80,29,53,29,29,29,26,17,17,23,47,46,80,76,76,76,76,76,80,80,80,80,61,66,80,77,77,80,34,80,80,80,33,0],"gold":27,"neow_bonus":"THREE_SMALL_POTIONS","is_prod":false,"is_daily":false,"chose_seed":false,"campfire_upgraded":3,"win_rate":0,"timestamp":1544920632,"path_taken":["M","?","M","?","$","R","E","M","T","R","M","$","?","M","R","BOSS","M","?","?","M","?","E","R","E","T","?","E","?","$","?","R","BOSS","M","?","?","$","?","E","R","M","T","M","M","R","M","$","R","BOSS","R","$","E","BOSS"],"build_version":"2018-12-13","purchased_purges":3,"victory":false,"max_hp_per_floor":[80,80,80,80,80,80,80,80,80,80,80,80,80,80,80,80,80,80,80,80,80,80,80,80,80,80,80,80,80,80,80,80,80,80,80,80,80,80,80,80,80,80,80,80,80,80,80,80,80,80,80,80,80,80,80],"card_choices":[{"not_picked":["Thunderclap","Clothesline"],"picked":"Body Slam","floor":1.0},{"not_picked":["Second Wind","Iron Wave"],"picked":"Pommel Strike","floor":3.0},{"not_picked":["Power Through","Dropkick"],"picked":"Clash","floor":7.0},{"not_picked":["Dropkick","True Grit"],"picked":"Seeing Red","floor":8.0},{"not_picked":["Iron Wave","Headbutt"],"picked":"Shrug It Off","floor":11.0},{"not_picked":["Body Slam","Infernal Blade"],"picked":"Whirlwind","floor":13.0},{"not_picked":["Armaments","Carnage"],"picked":"Anger","floor":14.0},{"not_picked":["Exhume","Fiend Fire"],"picked":"Demon Form","floor":16},{"not_picked":["Warcry+1","Iron Wave"],"picked":"Disarm","floor":18},{"not_picked":["Ghostly Armor","Body Slam"],"picked":"Flame Barrier","floor":21},{"not_picked":["Anger","Headbutt"],"picked":"Shrug It Off","floor":23},{"not_picked":["Corruption+1","Warcry"],"picked":"Impervious","floor":25},{"not_picked":["Rampage+1","True Grit"],"picked":"Spot Weakness","floor":28},{"not_picked":["Seeing Red+1","Uppercut"],"picked":"Shockwave","floor":29},{"not_picked":["Second Wind+1","Twin Strike+1"],"picked":"Shockwave","floor":31},{"not_picked":["Impervious","Fiend Fire"],"picked":"Offering","floor":33},{"not_picked":["Heavy Blade","Infernal Blade"],"picked":"Flame Barrier+1","floor":35},{"not_picked":["Iron Wave+1","Heavy Blade+1"],"picked":"Disarm+1","floor":36},{"not_picked":["Perfected Strike+1","Sever Soul","Wild Strike+1"],"picked":"SKIP","floor":40},{"not_picked":["Wild Strike","Headbutt+1"],"picked":"Rage+1","floor":42},{"not_picked":["Shrug It Off+1","Bludgeon"],"picked":"Flame Barrier+1","floor":44},{"not_picked":["Sword Boomerang","Entrench+1"],"picked":"Heavy Blade+1","floor":45},{"not_picked":["Reckless Charge+1","Havoc+1","Perfected Strike+1"],"picked":"SKIP","floor":47},{"not_picked":["Body Slam+1","Power Through+1"],"picked":"Juggernaut+1","floor":54}],"player_experience":251275,"relics_obtained":[{"floor":7.0,"key":"Orichalcum"},{"floor":9.0,"key":"Happy Flower"},{"floor":23,"key":"Frozen Egg 2"},{"floor":25,"key":"Whetstone"},{"floor":26,"key":"Bronze Scales"},{"floor":28,"key":"Bottled Lightning"},{"floor":37,"key":"Toxic Egg 2"},{"floor":40,"key":"Thread and Needle"},{"floor":54,"key":"Bottled Flame"}],"event_choices":[{"damage_healed":0.0,"max_hp_gain":0.0,"max_hp_loss":0.0,"gold_gain":75.0,"event_name":"World of Goop","player_choice":"Gather Gold","floor":2.0,"gold_loss":0.0,"damage_taken":11.0},{"damage_healed":0.0,"max_hp_gain":0.0,"max_hp_loss":0.0,"gold_gain":100.0,"event_name":"Golden Shrine","player_choice":"Pray","floor":4.0,"gold_loss":0.0,"damage_taken":0.0},{"damage_healed":0,"gold_gain":0,"player_choice":"Got Potions","damage_taken":0,"max_hp_gain":0,"max_hp_loss":0,"event_name":"Lab","floor":19,"gold_loss":0},{"damage_healed":0,"gold_gain":0,"player_choice":"Inject Mutagens","damage_taken":0,"relics_obtained":["MutagenicStrength"],"max_hp_gain":0,"max_hp_loss":0,"event_name":"Drug Dealer","floor":22,"gold_loss":0},{"damage_healed":0,"gold_gain":0,"player_choice":"Opened","damage_taken":0,"relics_obtained":["Gremlin Horn"],"max_hp_gain":0,"max_hp_loss":0,"event_name":"The Mausoleum","floor":27,"gold_loss":0,"cards_obtained":["Writhe"]},{"cards_removed":["Strike_R"],"damage_healed":0,"gold_gain":0,"player_choice":"Removed Attack","damage_taken":0,"max_hp_gain":0,"max_hp_loss":0,"event_name":"Falling","floor":39,"gold_loss":0}],"is_beta":false,"boss_relics":[{"not_picked":["Orrery","Runic Dome"],"picked":"Fusion Hammer"},{"not_picked":["Philosopher\u0027s Stone","Lizard Tail"],"picked":"Cursed Key"}],"items_purged_floors":[20,38,48],"is_endless":false,"potions_floor_spawned":[3,7,11,14,16,21,23,28,33,40,42,44,47,54],"killed_by":"The Heart","ascension_level":4}