{"gold_per_floor":[363,463,481,494,444,476,495,131,208,208,108,183,6,24,24,24],"floor_reached":16,"playtime":820,"items_purged":["Strike_B","Defend_B","Strike_B"],"score":105,"play_id":"9a9ebfd3-2814-4480-87ec-ca228ba0bc5d","local_time":"20190213204643","is_ascension_mode":true,"campfire_choices":[{"data":"Zap","floor":10,"key":"SMITH"},{"floor":15,"key":"REST"}],"neow_cost":"TEN_PERCENT_HP_LOSS","seed_source_timestamp":7479368418981,"circlet_count":0,"master_deck":["Strike_B","Strike_B","Defend_B","Defend_B","Zap+1","Dualcast","Coolheaded","Coolheaded"],"relics":["Cracked Core","Bird Faced Urn","Matryoshka","Centennial Puzzle","Symbiotic Virus"],"potions_floor_usage":[6,6,16],"damage_taken":[{"damage":3,"enemies":"Jaw Worm","floor":1,"turns":4},{"damage":1,"enemies":"Cultist","floor":3,"turns":3},{"damage":4,"enemies":"Small Slimes","floor":4,"turns":3},{"damage":17,"enemies":"3 Sentries","floor":6,"turns":7},{"damage":5,"enemies":"Exordium Wildlife","floor":7,"turns":3},{"damage":1,"enemies":"Looter","floor":14,"turns":3},{"damage":50,"enemies":"The Guardian","floor":16,"turns":20}],"seed_played":"-1307251660070908581","potions_obtained":[{"floor":1,"key":"SteroidPotion"},{"floor":3,"key":"PowerPotion"},{"floor":4,"key":"SneckoOil"}],"is_trial":false,"path_per_floor":["M","?","M","M","?","E","M","$","T","R","$","?","$","M","R","B"],"character_chosen":"DEFECT","items_purchased":["Coolheaded","Matryoshka","Coolheaded"],"campfire_rested":1,"item_purchase_floors":[8,8,13],"current_hp_per_floor":[65,65,64,60,60,43,38,38,38,38,38,27,27,26,46,0],"gold":24,"neow_bonus":"TWO_FIFTY_GOLD","is_prod":false,"is_daily":false,"chose_seed":false,"campfire_upgraded":1,"win_rate":0,"timestamp":1550098003,"path_taken":["M","?","M","?","?","E","M","$","T","R","?","?","?","M","R","BOSS"],"build_version":"2019-01-23","purchased_purges":3,"victory":false,"max_hp_per_floor":[68,68,68,68,68,68,68,68,68,68,68,68,68,68,68,68],"card_choices":[{"not_picked":["Scrape","Compile Driver","Doom and Gloom"],"picked":"SKIP","floor":1},{"not_picked":["Conserve Battery","Recycle","Auto Shields"],"picked":"SKIP","floor":3},{"not_picked":["Barrage","Darkness","Beam Cell"],"picked":"SKIP","floor":4},{"not_picked":["Scrape","Blizzard","Loop"],"picked":"SKIP","floor":6},{"not_picked":["Turbo","Melter","Streamline"],"picked":"SKIP","floor":7},{"not_picked":["Double Energy","Hologram","Redo"],"picked":"SKIP","floor":14}],"player_experience":326667,"relics_obtained":[{"floor":6,"key":"Bird Faced Urn"},{"floor":9,"key":"Centennial Puzzle"},{"floor":9,"key":"Symbiotic Virus"}],"event_choices":[{"damage_healed":0,"gold_gain":100,"player_choice":"Pray","damage_taken":0,"max_hp_gain":0,"max_hp_loss":0,"event_name":"Golden Shrine","floor":2,"gold_loss":0},{"cards_removed":["Defend_B"],"damage_healed":0,"gold_gain":0,"player_choice":"Card Removal","damage_taken":0,"max_hp_gain":0,"max_hp_loss":0,"event_name":"The Cleric","floor":5,"gold_loss":50},{"damage_healed":0,"gold_gain":75,"player_choice":"Gather Gold","damage_taken":11,"max_hp_gain":0,"max_hp_loss":0,"event_name":"World of Goop","floor":12,"gold_loss":0}],"is_beta":false,"boss_relics":[],"items_purged_floors":[8,11,13],"is_endless":false,"potions_floor_spawned":[1,3,4],"killed_by":"The Guardian","ascension_level":1}