{"gold_per_floor":[119,69,83,83,83,109,124,124,150,169,18,31,31,106,106,210,210,220,55,55,75,0,27,27,60,60,79,93,93],"floor_reached":29,"playtime":5822,"items_purged":[],"score":313,"play_id":"04898cd4-a5d1-4c23-8ddd-a26029557045","local_time":"20190202214556","is_ascension_mode":false,"campfire_choices":[{"data":"Deadly Poison","floor":8,"key":"SMITH"},{"floor":15,"key":"REST"},{"floor":24,"key":"REST"}],"neow_cost":"NONE","seed_source_timestamp":1254536224083372,"circlet_count":0,"master_deck":["Defend_G","Defend_G","Defend_G","Strike_G","Strike_G","Strike_G","Strike_G","Survivor","Neutralize","Backflip","Skewer","Deadly Poison+1","Distraction","Underhanded Strike","Footwork","Crippling Poison","Escape Plan","Malaise","Poisoned Stab","Bullet Time","Bane","Acrobatics","Footwork+1","Eviscerate","All Out Attack","Prepared","Quick Slash+1","Choke"],"relics":["Ring of the Snake","NeowsBlessing","Bronze Scales","Orichalcum","Runic Pyramid","Pen Nib","Prayer Wheel","Frozen Egg 2"],"potions_floor_usage":[],"damage_taken":[{"damage":0,"enemies":"2 Louse","floor":1,"turns":1},{"damage":0,"enemies":"Jaw Worm","floor":3,"turns":1},{"damage":0,"enemies":"Lagavulin","floor":6,"turns":1},{"damage":1,"enemies":"Small Slimes","floor":7,"turns":3},{"damage":0,"enemies":"Looter","floor":10,"turns":4},{"damage":2,"enemies":"Exordium Thugs","floor":12,"turns":5},{"damage":23,"enemies":"The Guardian","floor":16,"turns":8},{"damage":14,"enemies":"Spheric Guardian","floor":18,"turns":8},{"damage":0,"enemies":"Shell Parasite","floor":21,"turns":5},{"damage":52,"enemies":"Slavers","floor":23,"turns":8},{"damage":0,"enemies":"Book of Stabbing","floor":25,"turns":6},{"damage":27,"enemies":"3 Cultists","floor":27,"turns":6},{"damage":0,"enemies":"Snecko","floor":28,"turns":4},{"damage":6,"enemies":"Sentry and Sphere","floor":29,"turns":5}],"seed_played":"3467756575731710839","potions_obtained":[{"floor":3,"key":"Explosive Potion"},{"floor":6,"key":"SpeedPotion"},{"floor":12,"key":"FearPotion"}],"is_trial":false,"path_per_floor":["M","?","M","?","?","E","M","R","T","M","$","M","$","?","R","B",null,"M","$","?","M","?","E","R","E","T","M","M","M"],"character_chosen":"THE_SILENT","items_purchased":["Footwork","Crippling Poison","Bullet Time","Bane"],"campfire_rested":2,"item_purchase_floors":[11,11,19,19],"current_hp_per_floor":[70,70,70,75,68,68,67,67,67,67,67,65,65,54,75,52,75,61,61,61,61,61,9,31,31,31,4,4,0],"gold":93,"neow_bonus":"THREE_ENEMY_KILL","is_prod":false,"is_daily":false,"chose_seed":false,"campfire_upgraded":1,"win_rate":0.0,"timestamp":1549143956,"path_taken":["M","?","M","?","?","E","M","R","T","M","$","M","?","?","R","BOSS","M","$","?","M","?","E","R","E","T","M","?","M"],"build_version":"2019-01-23","purchased_purges":0,"victory":false,"max_hp_per_floor":[70,70,70,75,75,75,75,75,75,75,75,75,75,75,75,75,75,75,75,75,75,75,75,75,75,75,75,75,75],"card_choices":[{"not_picked":["Expertise","Calculated Gamble"],"picked":"Backflip","floor":1},{"not_picked":["Underhanded Strike","Distraction"],"picked":"Skewer","floor":3},{"not_picked":["Backflip","Eviscerate"],"picked":"Deadly Poison","floor":6},{"not_picked":["PiercingWail","Prepared"],"picked":"Distraction","floor":7},{"not_picked":["Prepared","Bane"],"picked":"Underhanded Strike","floor":10},{"not_picked":["PiercingWail","Backflip"],"picked":"Escape Plan","floor":12},{"not_picked":["Glass Knife","A Thousand Cuts"],"picked":"Malaise","floor":16},{"not_picked":["Outmaneuver","Flying Knee+1"],"picked":"Poisoned Stab","floor":18},{"not_picked":["Outmaneuver","Underhanded Strike"],"picked":"Acrobatics","floor":21},{"not_picked":["Tactician+1","Dagger Throw"],"picked":"Footwork+1","floor":23},{"not_picked":["Expertise","Dagger Spray"],"picked":"Eviscerate","floor":25},{"not_picked":["Deflect","Blade Dance+1"],"picked":"All Out Attack","floor":27},{"not_picked":["Flying Knee","Dagger Spray"],"picked":"Prepared","floor":27},{"not_picked":["Dagger Spray","Flying Knee"],"picked":"Quick Slash+1","floor":28},{"not_picked":["Dagger Throw+1","Caltrops+1"],"picked":"Choke","floor":28}],"player_experience":103187,"relics_obtained":[{"floor":6,"key":"Bronze Scales"},{"floor":9,"key":"Orichalcum"},{"floor":23,"key":"Pen Nib"},{"floor":25,"key":"Prayer Wheel"},{"floor":26,"key":"Frozen Egg 2"}],"event_choices":[{"cards_removed":["Strike_G"],"damage_healed":0,"gold_gain":0,"player_choice":"Card Removal","damage_taken":0,"max_hp_gain":0,"max_hp_loss":0,"event_name":"The Cleric","floor":2,"gold_loss":50},{"damage_healed":0,"gold_gain":0,"player_choice":"Donut","damage_taken":0,"max_hp_gain":5,"max_hp_loss":0,"event_name":"Big Fish","floor":4,"gold_loss":0},{"cards_removed":["Defend_G"],"damage_healed":0,"gold_gain":0,"player_choice":"Card Removal","damage_taken":7,"max_hp_gain":0,"max_hp_loss":0,"event_name":"Golden Wing","floor":5,"gold_loss":0},{"damage_healed":0,"gold_gain":75,"player_choice":"Gather Gold","damage_taken":11,"max_hp_gain":0,"max_hp_loss":0,"event_name":"World of Goop","floor":14,"gold_loss":0},{"cards_removed":["Defend_G"],"damage_healed":0,"gold_gain":0,"player_choice":"Gave Gold","damage_taken":0,"max_hp_gain":0,"max_hp_loss":0,"event_name":"Beggar","floor":22,"gold_loss":75}],"is_beta":false,"boss_relics":[{"not_picked":["Empty Cage","Busted Crown"],"picked":"Runic Pyramid"}],"items_purged_floors":[],"is_endless":false,"potions_floor_spawned":[3,6,12,28],"killed_by":"Sentry and Sphere","ascension_level":0}