{"gold_per_floor":[114,131,145,145,165,196,209,209,209,224,243,3,3,21,21,151,151,137,137,52,2,2,2,18,18,64,14,55,55,79,98,98,227,227,252,252,202,221,321,321,344,0,24,24,38,69,69,402,402,402],"floor_reached":51,"playtime":5330,"items_purged":["Strike_G","Strike_G","Defend_G","Strike_G","Defend_G"],"score":914,"play_id":"4fb67a97-ed66-466b-9cba-2a168fdd59c0","local_time":"20181014110459","is_ascension_mode":true,"campfire_choices":[{"data":"Neutralize","floor":8,"key":"SMITH"},{"data":"Footwork","floor":15,"key":"SMITH"},{"data":"Tools of the Trade","floor":23,"key":"SMITH"},{"data":"Well Laid Plans","floor":25,"key":"SMITH"},{"data":"Acrobatics","floor":32,"key":"SMITH"},{"data":"Backflip","floor":40,"key":"SMITH"},{"data":"Finisher","floor":44,"key":"SMITH"},{"data":"Blur","floor":49,"key":"SMITH"}],"neow_cost":"PERCENT_DAMAGE","seed_source_timestamp":376752475894,"circlet_count":0,"master_deck":["Defend_G","Defend_G","Defend_G","Survivor","Neutralize+1","Infinite Blades","Dagger Throw","Footwork+1","Backflip+1","Tools of the Trade+1","Backstab","Well Laid Plans+1","Flying Knee","Blur+1","Dagger Spray","Burst+1","Sucker Punch+1","Cloak And Dagger","Acrobatics+1","Heel Hook+1","Backstab+1","Finesse","Cloak And Dagger+1","Finisher+1","Finisher+1","Backflip+1"],"relics":["Ring of the Snake","Thread and Needle","Ninja Scroll","Smiling Mask","Lantern","Sozu","Oddly Smooth Stone","Potion Belt","Sundial","Black Star","Pen Nib","Juzu Bracelet","Bag of Marbles","Snake Skull","Bag of Preparation"],"potions_floor_usage":[6,50],"damage_taken":[{"damage":0,"enemies":"2 Louse","floor":1,"turns":3},{"damage":0,"enemies":"Jaw Worm","floor":2,"turns":6},{"damage":0,"enemies":"Cultist","floor":3,"turns":4},{"damage":0,"enemies":"Looter","floor":5,"turns":4},{"damage":16,"enemies":"Gremlin Nob","floor":6,"turns":5},{"damage":0,"enemies":"Blue Slaver","floor":7,"turns":4},{"damage":0,"enemies":"Exordium Wildlife","floor":10,"turns":2},{"damage":0,"enemies":"Gremlin Gang","floor":11,"turns":5},{"damage":0,"enemies":"Looter","floor":14,"turns":2},{"damage":0,"enemies":"Hexaghost","floor":16,"turns":12},{"damage":8,"enemies":"2 Thieves","floor":18,"turns":4},{"damage":0,"enemies":"Chosen","floor":24,"turns":5},{"damage":6,"enemies":"Slavers","floor":28,"turns":6},{"damage":0,"enemies":"Snake Plant","floor":30,"turns":6},{"damage":0,"enemies":"Centurion and Healer","floor":31,"turns":7},{"damage":0,"enemies":"Automaton","floor":33,"turns":14},{"damage":0,"enemies":"3 Darklings","floor":35,"turns":7},{"damage":0,"enemies":"Orb Walker","floor":38,"turns":4},{"damage":0,"enemies":"Maw","floor":41,"turns":10},{"damage":0,"enemies":"4 Shapes","floor":45,"turns":3},{"damage":5,"enemies":"Nemesis","floor":46,"turns":3},{"damage":0,"enemies":"Time Eater","floor":50,"turns":13}],"seed_played":"-8482601367548882867","potions_obtained":[{"floor":3,"key":"Regen Potion"},{"floor":6,"key":"Swift Potion"},{"floor":7,"key":"Poison Potion"},{"floor":11,"key":"SkillPotion"}],"is_trial":false,"path_per_floor":["M","M","M","?","M","E","M","R","T","M","M","$","?","M","R","B",null,"M","?","?","$","?","R","M","R","T","$","E","?","M","M","R","B",null,"M","?","$","M","?","R","M","$","T","R","M","E","?","?","R","B"],"character_chosen":"THE_SILENT","items_purchased":["Blur","Lantern","Pen Nib","Juzu Bracelet"],"campfire_rested":0,"item_purchase_floors":[12,12,42,42],"current_hp_per_floor":[49,49,49,49,49,47,47,47,47,47,47,47,47,47,47,47,65,57,57,57,57,57,57,57,57,57,57,51,51,51,51,51,51,65,65,65,65,65,65,65,65,65,65,65,65,60,60,60,60,60],"gold":402,"neow_bonus":"ONE_RARE_RELIC","is_prod":false,"is_daily":false,"chose_seed":false,"campfire_upgraded":8,"win_rate":0,"timestamp":1539525899,"path_taken":["M","M","M","?","M","E","M","R","T","M","?","$","?","M","R","BOSS","M","?","?","$","?","R","M","R","T","?","E","?","?","M","R","BOSS","M","?","$","M","?","R","M","$","T","R","M","E","?","?","R","BOSS"],"build_version":"2018-10-11","purchased_purges":5,"victory":true,"max_hp_per_floor":[70,70,70,70,70,70,70,70,70,70,70,70,65,65,65,65,65,65,65,65,65,65,65,65,65,65,65,65,65,65,65,65,65,65,65,65,65,65,65,65,65,65,65,65,65,65,65,65,65,65],"card_choices":[{"not_picked":["Underhanded Strike","Distraction"],"picked":"Infinite Blades","floor":1},{"not_picked":["Bane","Outmaneuver"],"picked":"Dagger Throw","floor":2},{"not_picked":["Flying Knee","Catalyst"],"picked":"Footwork","floor":3},{"not_picked":["Dagger Spray","Prepared"],"picked":"Backflip","floor":5},{"not_picked":["Masterful Stab","Deflect"],"picked":"Tools of the Trade","floor":6},{"not_picked":["Dagger Throw","Accuracy"],"picked":"Backstab","floor":7},{"not_picked":["Flying Knee","Backflip"],"picked":"Well Laid Plans","floor":10},{"not_picked":["Underhanded Strike","Backstab"],"picked":"Flying Knee","floor":11},{"not_picked":["Bouncing Flask","Sucker Punch"],"picked":"Dagger Spray","floor":14},{"not_picked":["Glass Knife","Malaise"],"picked":"Burst","floor":16},{"not_picked":["Dagger Throw","Quick Slash"],"picked":"Sucker Punch+1","floor":18},{"not_picked":["Dodge and Roll+1","Choke+1"],"picked":"Cloak And Dagger","floor":24},{"not_picked":["Distraction","Heel Hook+1"],"picked":"Acrobatics","floor":28},{"not_picked":["Underhanded Strike","Bane","Expertise+1"],"picked":"SKIP","floor":30},{"not_picked":["Expertise","Poisoned Stab"],"picked":"Heel Hook+1","floor":31},{"not_picked":["Poisoned Stab+1","Dodge and Roll"],"picked":"Backstab+1","floor":35},{"not_picked":["Trip","Metamorphosis"],"picked":"Finesse","floor":36},{"not_picked":["PiercingWail+1","Acrobatics"],"picked":"Cloak And Dagger+1","floor":38},{"not_picked":["Cloak And Dagger","Prepared"],"picked":"Finisher","floor":41},{"not_picked":["Outmaneuver+1","Leg Sweep+1"],"picked":"Finisher+1","floor":45},{"not_picked":["Slice+1","After Image"],"picked":"Backflip+1","floor":46}],"player_experience":57383,"relics_obtained":[{"floor":6,"key":"Ninja Scroll"},{"floor":9,"key":"Smiling Mask"},{"floor":26,"key":"Potion Belt"},{"floor":28,"key":"Sundial"},{"floor":43,"key":"Bag of Marbles"},{"floor":46,"key":"Snake Skull"},{"floor":46,"key":"Bag of Preparation"}],"event_choices":[{"event_name":"Liars Game","player_choice":"disagreed","floor":4,"damage_taken":0},{"event_name":"Golden Idol","player_choice":"Lose Max HP","floor":13,"damage_taken":0},{"event_name":"Upgrade Shrine","player_choice":"Upgraded","floor":19,"damage_taken":0},{"event_name":"Addict","player_choice":"Obtained Relic","floor":20,"damage_taken":0},{"event_name":"Back to Basics","player_choice":"Elegance","floor":22,"damage_taken":0},{"event_name":"Vampires","player_choice":"Ignored","floor":29,"damage_taken":0},{"event_name":"SensoryStone","player_choice":"Memory 1","floor":36,"damage_taken":0},{"event_name":"Golden Shrine","player_choice":"Pray","floor":39,"damage_taken":0},{"event_name":"Bonfire Elementals","player_choice":"BASIC","floor":47,"damage_taken":0},{"event_name":"The Moai Head","player_choice":"Gave Idol","floor":48,"damage_taken":0}],"is_beta":false,"boss_relics":[{"not_picked":["Busted Crown","Philosopher\u0027s Stone"],"picked":"Sozu"},{"not_picked":["Runic Pyramid","Snecko Eye"],"picked":"Black Star"}],"items_purged_floors":[12,21,27,37,42],"is_endless":false,"potions_floor_spawned":[3,6,7,11,24,28,35,41,45],"ascension_level":1}