{"gold_per_floor":[109,119,132,152,152,184,184,230,299,331,331,350,62,77,77,177,177,188,288,288,198],"floor_reached":21,"playtime":1672,"items_purged":["Writhe"],"score":217,"play_id":"1c3e5f21-a7e9-4384-b57e-0d2a45027261","local_time":"20190127195754","is_ascension_mode":true,"campfire_choices":[{"data":"Beam Cell","floor":7,"key":"SMITH"},{"data":"Beam Cell","floor":11,"key":"SMITH"},{"floor":15,"key":"REST"}],"neow_cost":"CURSE","seed_source_timestamp":365355786486266,"circlet_count":0,"master_deck":["Strike_B","Strike_B","Strike_B","Strike_B","Defend_B","Defend_B","Zap","Dualcast","Glacier","Multi-Cast","Gash","Beam Cell+1","Beam Cell+1","Steam","Conserve Battery","Rip and Tear","Conserve Battery","Mayhem+1","Go for the Eyes","Conserve Battery","Machine Learning+1","Rebound","Beam Cell+1","Pain"],"relics":["Cracked Core","Frozen Egg 2","Oddly Smooth Stone","Blood Vial","Pear","Letter Opener","Black Star","Meat on the Bone","Turnip","WarpedTongs"],"potions_floor_usage":[3,6,6,6,6,16,19],"damage_taken":[{"damage":0,"enemies":"Cultist","floor":1,"turns":4},{"damage":16,"enemies":"2 Louse","floor":2,"turns":2},{"damage":16,"enemies":"Jaw Worm","floor":3,"turns":4},{"damage":5,"enemies":"Blue Slaver","floor":4,"turns":3},{"damage":10,"enemies":"3 Sentries","floor":6,"turns":8},{"damage":27,"enemies":"Lagavulin","floor":10,"turns":8},{"damage":22,"enemies":"Red Slaver","floor":12,"turns":4},{"damage":12,"enemies":"Large Slime","floor":14,"turns":4},{"damage":6,"enemies":"Hexaghost","floor":16,"turns":11},{"damage":12,"enemies":"Spheric Guardian","floor":18,"turns":5},{"damage":15,"enemies":"Colosseum Slavers","floor":19,"turns":4},{"damage":48,"enemies":"Colosseum Nobs","floor":19,"turns":6},{"damage":26,"enemies":"2 Thieves","floor":21,"turns":3}],"seed_played":"1763282170785017332","potions_obtained":[{"floor":2,"key":"Regen Potion"},{"floor":4,"key":"EntropicBrew"},{"floor":14,"key":"SkillPotion"},{"floor":16,"key":"Fire Potion"}],"is_trial":false,"path_per_floor":["M","M","M","M","?","E","R","T","T","E","R","M","$","M","R","B",null,"M","?","?","M"],"character_chosen":"DEFECT","items_purchased":["Mayhem+1","Go for the Eyes"],"campfire_rested":1,"item_purchase_floors":[13,13],"current_hp_per_floor":[75,59,55,50,43,48,48,48,58,33,33,13,13,3,28,24,85,73,14,14,0],"gold":198,"neow_bonus":"TRANSFORM_TWO_CARDS","is_prod":false,"is_daily":false,"chose_seed":false,"campfire_upgraded":2,"win_rate":0,"timestamp":1548615474,"path_taken":["M","?","M","M","?","E","R","?","T","E","R","M","?","?","R","BOSS","M","?","?","M"],"build_version":"2019-01-23","purchased_purges":1,"victory":false,"max_hp_per_floor":[75,75,75,75,75,75,75,75,85,85,85,85,85,85,85,85,85,85,85,85,85],"card_choices":[{"not_picked":["Recycle","Compile Driver"],"picked":"Gash","floor":1},{"not_picked":["Hologram","Doom and Gloom"],"picked":"Beam Cell","floor":2},{"not_picked":["Tempest","Chill"],"picked":"Beam Cell","floor":3},{"not_picked":["Stack","Sweeping Beam"],"picked":"Steam","floor":4},{"not_picked":["Redo","Sweeping Beam"],"picked":"Conserve Battery","floor":6},{"not_picked":["FTL","Sweeping Beam"],"picked":"Rip and Tear","floor":10},{"not_picked":["Redo","Cold Snap"],"picked":"Conserve Battery","floor":12},{"not_picked":["Defragment+1","Rebound"],"picked":"Conserve Battery","floor":14},{"not_picked":["Fission","Electrodynamics+1"],"picked":"Machine Learning+1","floor":16},{"not_picked":["Ball Lightning","Steam"],"picked":"Rebound","floor":18},{"not_picked":["Fusion","Redo"],"picked":"Beam Cell+1","floor":19}],"player_experience":100227,"relics_obtained":[{"floor":6,"key":"Oddly Smooth Stone"},{"floor":8,"key":"Blood Vial"},{"floor":9,"key":"Pear"},{"floor":10,"key":"Letter Opener"},{"floor":19,"key":"Meat on the Bone"},{"floor":19,"key":"Turnip"}],"event_choices":[{"damage_healed":0,"gold_gain":0,"player_choice":"Success","damage_taken":7,"relics_obtained":["Frozen Egg 2"],"max_hp_gain":0,"max_hp_loss":0,"event_name":"Scrap Ooze","floor":5,"gold_loss":0},{"damage_healed":0,"gold_gain":0,"player_choice":"Fight","damage_taken":0,"max_hp_gain":0,"max_hp_loss":0,"event_name":"Colosseum","floor":19,"gold_loss":0},{"damage_healed":0,"gold_gain":0,"player_choice":"Fought Nobs","damage_taken":0,"max_hp_gain":0,"max_hp_loss":0,"event_name":"Colosseum","floor":19,"gold_loss":0},{"damage_healed":0,"gold_gain":0,"player_choice":"Rummage","damage_taken":0,"relics_obtained":["WarpedTongs"],"max_hp_gain":0,"max_hp_loss":0,"event_name":"Accursed Blacksmith","floor":20,"gold_loss":0,"cards_obtained":["Pain"]}],"is_beta":false,"boss_relics":[{"not_picked":["Empty Cage","Lizard Tail"],"picked":"Black Star"}],"items_purged_floors":[13],"is_endless":false,"potions_floor_spawned":[2,4,14,16,19],"killed_by":"2 Thieves","ascension_level":3}