{"gold_per_floor":[113,113,133,19,19,52,52,68,68,68,68,107,120,139,139,237,237,252,267,267,291,325,325,340,378,453,453,471,471,483,63,63,134,134,151,373,373,389,403,434,434,447,447,447,462,30,30,30,30,30],"floor_reached":51,"playtime":5810,"items_purged":["Strike_G+1"],"score":1175,"play_id":"df328d7a-ebf2-4502-80cb-a56a3c80accd","local_time":"20190219021708","is_ascension_mode":true,"campfire_choices":[{"floor":7,"key":"REST"},{"data":"After Image","floor":11,"key":"SMITH"},{"data":"Predator","floor":15,"key":"SMITH"},{"floor":23,"key":"REST"},{"floor":29,"key":"REST"},{"data":"Leg Sweep","floor":32,"key":"SMITH"},{"floor":41,"key":"REST"},{"floor":49,"key":"REST"}],"neow_cost":"NONE","seed_source_timestamp":24160735481730,"circlet_count":0,"master_deck":["AscendersBane","Defend_G+1","Defend_G+1","Defend_G+1","Defend_G+1","Strike_G+1","Strike_G+1","Strike_G+1","Strike_G+1","Survivor+1","Neutralize+1","PiercingWail+1","Infinite Blades+1","Predator+1","After Image+1","Dagger Spray+1","Infinite Blades+1","After Image+1","Choke+1","Skewer+1","Riddle With Holes+1","Calculated Gamble+1","Leg Sweep+1","Die Die Die+1","Mayhem+1","Dash+1","Storm of Steel+1","Underhanded Strike+1","Backflip+1","Tools of the Trade"],"relics":["Ring of the Snake","NeowsBlessing","Bloody Idol","Bronze Scales","Kunai","Question Card","Molten Egg 2","Snecko Eye","Enchiridion","Red Mask","Oddly Smooth Stone","Pear","Art of War","Runic Dome","Dream Catcher","Omamori","Mark of the Bloom","Calipers"],"potions_floor_usage":[12,21,22,22,22,24,38,45,50],"damage_taken":[{"damage":0,"enemies":"Cultist","floor":1,"turns":1},{"damage":0,"enemies":"Small Slimes","floor":3,"turns":1},{"damage":0,"enemies":"Lagavulin","floor":6,"turns":1},{"damage":0,"enemies":"2 Louse","floor":8,"turns":3},{"damage":28,"enemies":"Gremlin Nob","floor":12,"turns":5},{"damage":9,"enemies":"Looter","floor":13,"turns":4},{"damage":0,"enemies":"Large Slime","floor":14,"turns":5},{"damage":3,"enemies":"Hexaghost","floor":16,"turns":11},{"damage":11,"enemies":"Spheric Guardian","floor":18,"turns":5},{"damage":14,"enemies":"2 Thieves","floor":19,"turns":4},{"damage":0,"enemies":"Snake Plant","floor":21,"turns":3},{"damage":2,"enemies":"Masked Bandits","floor":22,"turns":3},{"damage":2,"enemies":"Centurion and Healer","floor":24,"turns":4},{"damage":33,"enemies":"Book of Stabbing","floor":25,"turns":5},{"damage":0,"enemies":"Snecko","floor":28,"turns":3},{"damage":0,"enemies":"Shelled Parasite and Fungi","floor":30,"turns":2},{"damage":21,"enemies":"Collector","floor":33,"turns":11},{"damage":0,"enemies":"Orb Walker","floor":35,"turns":3},{"damage":16,"enemies":"3 Shapes","floor":38,"turns":5},{"damage":22,"enemies":"3 Darklings","floor":39,"turns":4},{"damage":15,"enemies":"Nemesis","floor":40,"turns":7},{"damage":0,"enemies":"Sphere and 2 Shapes","floor":42,"turns":3},{"damage":0,"enemies":"Writhing Mass","floor":45,"turns":4},{"damage":34,"enemies":"Time Eater","floor":50,"turns":11}],"seed_played":"-7413457064859991611","potions_obtained":[{"floor":3,"key":"EssenceOfSteel"},{"floor":6,"key":"EntropicBrew"},{"floor":12,"key":"GamblersBrew"},{"floor":22,"key":"GhostInAJar"},{"floor":28,"key":"Energy Potion"},{"floor":33,"key":"Dexterity Potion"},{"floor":38,"key":"SpeedPotion"},{"floor":39,"key":"Block Potion"},{"floor":40,"key":"EssenceOfSteel"}],"is_trial":false,"path_per_floor":["M","$","M","$","?","E","R","M","T","?","R","E","M","M","R","B",null,"M","M","?","M","?","R","M","E","T","?","M","R","M","$","R","B",null,"M","?","?","M","M","E","R","M","T","?","M","$","?","$","R","B",null],"character_chosen":"THE_SILENT","items_purchased":["Infinite Blades","Predator","Mayhem","Dash+1","Art of War","Calipers","Swift Potion"],"campfire_rested":5,"item_purchase_floors":[4,4,31,31,31,46,46],"current_hp_per_floor":[63,63,63,63,46,46,67,67,67,60,60,32,23,23,23,20,58,47,33,17,17,15,36,34,1,11,11,16,40,45,45,45,29,67,72,77,77,66,49,39,63,68,68,68,68,68,68,68,68,34],"gold":30,"neow_bonus":"THREE_ENEMY_KILL","is_prod":false,"is_daily":false,"chose_seed":false,"campfire_upgraded":3,"win_rate":0,"timestamp":1550564228,"path_taken":["M","?","?","$","?","E","R","M","T","?","R","E","M","M","R","BOSS","M","M","?","M","?","R","M","E","T","?","?","R","?","$","R","BOSS","M","?","?","?","M","E","R","M","T","?","M","$","?","?","R","BOSS"],"build_version":"2019-01-23","purchased_purges":1,"victory":true,"max_hp_per_floor":[70,70,70,70,70,70,70,70,70,70,70,70,70,70,70,70,70,70,70,70,70,70,70,70,70,80,80,80,80,80,80,80,80,80,80,80,80,80,80,80,80,80,80,80,80,80,80,80,80,80],"card_choices":[{"not_picked":["Slice","Sucker Punch","Bane"],"picked":"SKIP","floor":1},{"not_picked":["Deflect","Bane"],"picked":"PiercingWail","floor":3},{"not_picked":["Catalyst","Poisoned Stab","Flying Knee"],"picked":"SKIP","floor":6},{"not_picked":["Bouncing Flask","Quick Slash"],"picked":"After Image","floor":8},{"not_picked":["Flying Knee","Dagger Throw","Deadly Poison"],"picked":"Dagger Spray","floor":12},{"not_picked":["Setup","Acrobatics","Expertise","Finisher+1"],"picked":"SKIP","floor":13},{"not_picked":["Choke+1","Dagger Throw+1","Dagger Spray+1"],"picked":"Infinite Blades","floor":14},{"not_picked":["Burst","Doppelganger","Phantasmal Killer"],"picked":"After Image","floor":16},{"not_picked":["PiercingWail","Flying Knee+1","Riddle With Holes+1"],"picked":"Choke+1","floor":18},{"not_picked":["Quick Slash+1","Masterful Stab+1","Heel Hook+1","Catalyst"],"picked":"SKIP","floor":19},{"not_picked":["Heel Hook+1","Endless Agony+1","Bane+1"],"picked":"Skewer+1","floor":21},{"not_picked":["Deadly Poison","Expertise","Deflect"],"picked":"Riddle With Holes+1","floor":22},{"not_picked":["Dagger Spray+1","Underhanded Strike+1","Blade Dance"],"picked":"Calculated Gamble+1","floor":24},{"not_picked":["PiercingWail","Poisoned Stab+1","Slice+1"],"picked":"Leg Sweep","floor":25},{"not_picked":["Deflect","Outmaneuver","Slice+1"],"picked":"Die Die Die+1","floor":28},{"not_picked":["Deadly Poison","Blade Dance","Reflex","Escape Plan"],"picked":"SKIP","floor":30},{"not_picked":["Doppelganger","Corpse Explosion","Wraith Form v2"],"picked":"Storm of Steel","floor":33},{"not_picked":["Quick Slash+1","Distraction","Dodge and Roll","Setup"],"picked":"SKIP","floor":35},{"not_picked":["Caltrops","Slice+1","Bane+1"],"picked":"Underhanded Strike+1","floor":38},{"not_picked":["Dodge and Roll+1","Dagger Spray+1","Bane+1","Blade Dance+1"],"picked":"SKIP","floor":39},{"not_picked":["After Image","Flying Knee+1","Outmaneuver"],"picked":"Backflip","floor":40},{"not_picked":["Outmaneuver","Deflect","PiercingWail","Skewer+1"],"picked":"SKIP","floor":42},{"not_picked":["Blade Dance","Dagger Spray+1","Bane+1","Quick Slash+1"],"picked":"SKIP","floor":45},{"not_picked":["Heel Hook+1","Predator+1","Dash+1"],"picked":"Tools of the Trade","floor":49}],"player_experience":413980,"relics_obtained":[{"floor":6,"key":"Bronze Scales"},{"floor":9,"key":"Kunai"},{"floor":12,"key":"Molten Egg 2"},{"floor":20,"key":"Enchiridion"},{"floor":22,"key":"Red Mask"},{"floor":25,"key":"Oddly Smooth Stone"},{"floor":26,"key":"Pear"},{"floor":40,"key":"Dream Catcher"},{"floor":43,"key":"Omamori"}],"event_choices":[{"damage_healed":0,"gold_gain":0,"player_choice":"Take Damage","damage_taken":17,"relics_obtained":["Golden Idol"],"max_hp_gain":0,"max_hp_loss":0,"event_name":"Golden Idol","floor":5,"gold_loss":0},{"damage_healed":0,"gold_gain":0,"player_choice":"Success","damage_taken":7,"relics_obtained":["Question Card"],"max_hp_gain":0,"max_hp_loss":0,"event_name":"Scrap Ooze","floor":10,"gold_loss":0},{"damage_healed":0,"gold_gain":0,"player_choice":"Obtained Book","damage_taken":16,"max_hp_gain":0,"max_hp_loss":0,"event_name":"Cursed Tome","floor":20,"gold_loss":0},{"damage_healed":0,"gold_gain":0,"player_choice":"Fought Bandits","damage_taken":0,"max_hp_gain":0,"max_hp_loss":0,"event_name":"Masked Bandits","floor":22,"gold_loss":0},{"damage_healed":0,"gold_gain":0,"player_choice":"Gave Idol","damage_taken":0,"relics_obtained":["Bloody Idol"],"max_hp_gain":0,"max_hp_loss":0,"event_name":"Forgotten Altar","floor":27,"relics_lost":["Golden Idol"],"gold_loss":0},{"damage_healed":0,"gold_gain":222,"player_choice":"Wore Mask","damage_taken":0,"max_hp_gain":0,"max_hp_loss":0,"event_name":"Tomb of Lord Red Mask","floor":36,"gold_loss":0},{"damage_healed":0,"gold_gain":0,"player_choice":"Bought 0 Potions","damage_taken":0,"max_hp_gain":0,"max_hp_loss":0,"event_name":"The Woman in Blue","floor":37,"gold_loss":0},{"damage_healed":0,"gold_gain":0,"player_choice":"Upgrade","damage_taken":0,"relics_obtained":["Mark of the Bloom"],"max_hp_gain":0,"max_hp_loss":0,"event_name":"MindBloom","floor":44,"gold_loss":0,"cards_upgraded":["Defend_G","Defend_G","Defend_G","Defend_G","Defend_G","Strike_G","Strike_G","Strike_G","Strike_G","Strike_G","Survivor","Neutralize","PiercingWail","Infinite Blades","Infinite Blades","After Image","Mayhem","Storm of Steel","Backflip"]},{"cards_removed":["Defend_G"],"damage_healed":0,"gold_gain":0,"player_choice":"Removed Skill","damage_taken":0,"max_hp_gain":0,"max_hp_loss":0,"event_name":"Falling","floor":47,"gold_loss":0}],"is_beta":false,"boss_relics":[{"not_picked":["Runic Pyramid","Philosopher\u0027s Stone"],"picked":"Snecko Eye"},{"not_picked":["Calling Bell","White Beast Statue"],"picked":"Runic Dome"}],"items_purged_floors":[46],"is_endless":false,"potions_floor_spawned":[3,6,12,14,18,22,28,33,38,39,40],"ascension_level":13}