{"path_per_floor":["M","$","?","M","M","R","E","?","T","R","M","E","R","M","R","B",null,"M","?","M","?"],"character_chosen":"DEFECT","items_purchased":["Scrape","BootSequence"],"gold_per_floor":[362,180,180,195,208,208,243,318,341,341,360,388,388,407,407,482,482,466,389,407,587,587],"floor_reached":22,"campfire_rested":2,"playtime":999,"item_purchase_floors":[2,2],"current_hp_per_floor":[58,58,58,56,56,56,26,15,15,36,35,3,24,24,24,15,57,44,44,44,23,0],"items_purged":["Normality"],"gold":587,"score":340,"play_id":"70801bfd-6647-442b-a60b-66a6b62e4ae9","local_time":"20180624161140","is_prod":false,"is_daily":false,"chose_seed":false,"is_ascension_mode":true,"campfire_upgraded":2,"win_rate":0,"timestamp":1529878300,"campfire_choices":[{"data":"Zap","floor":6,"key":"SMITH"},{"floor":10,"key":"REST"},{"floor":13,"key":"REST"},{"data":"Redo","floor":15,"key":"SMITH"}],"path_taken":["M","$","?","M","?","R","E","?","T","R","M","E","R","M","R","BOSS","M","?","M","?","M"],"build_version":"2018-06-21","seed_source_timestamp":185002076985009,"purchased_purges":1,"circlet_count":0,"victory":false,"master_deck":["Strike_B","Strike_B","Strike_B","Defend_B","Defend_B","Defend_B","Defend_B","Zap+1","Dualcast","AscendersBane","Gash","Scrape","BootSequence","Redo+1","Leap","Beam Cell","Hologram","Glacier","Scrape","Echo Form","Reinforced Body","J.A.X.","Chaos+1"],"max_hp_per_floor":[71,71,71,71,71,71,71,71,71,71,71,71,71,71,71,71,71,71,71,71,71,71],"relics":["Cracked Core","Vajra","Art of War","Bag of Preparation","Snecko Eye"],"card_choices":[{"not_picked":["Stack","Sweeping Beam"],"picked":"Gash","floor":1},{"not_picked":["Barrage","Sweeping Beam"],"picked":"Redo","floor":4},{"not_picked":["Lockon","Recycle"],"picked":"Leap","floor":5},{"not_picked":["Steam Power","Compile Driver"],"picked":"Beam Cell","floor":7},{"not_picked":["Sweeping Beam","Chaos"],"picked":"Hologram","floor":11},{"not_picked":["Tempest","Buffer"],"picked":"Glacier","floor":12},{"not_picked":["Tempest","Recycle"],"picked":"Scrape","floor":14},{"not_picked":["Thunder Strike","Creative AI"],"picked":"Echo Form","floor":16},{"not_picked":["Stack","Ball Lightning"],"picked":"Reinforced Body","floor":18},{"not_picked":["Recycle+1","Sweeping Beam"],"picked":"Chaos+1","floor":20}],"player_experience":718906,"potions_floor_usage":[7,12,12],"damage_taken":[{"damage":6,"enemies":"Cultist","floor":1,"turns":3},{"damage":2,"enemies":"Jaw Worm","floor":4,"turns":3},{"damage":0,"enemies":"2 Louse","floor":5,"turns":2},{"damage":30,"enemies":"Lagavulin","floor":7,"turns":6},{"damage":1,"enemies":"Looter","floor":11,"turns":2},{"damage":32,"enemies":"Gremlin Nob","floor":12,"turns":5},{"damage":0,"enemies":"Gremlin Gang","floor":14,"turns":7},{"damage":9,"enemies":"The Guardian","floor":16,"turns":12},{"damage":13,"enemies":"2 Thieves","floor":18,"turns":4},{"damage":0,"enemies":"Shell Parasite","floor":20,"turns":8},{"damage":36,"enemies":"Snecko","floor":22,"turns":5}],"relics_obtained":[{"floor":7,"key":"Vajra"},{"floor":9,"key":"Art of War"},{"floor":12,"key":"Bag of Preparation"}],"event_choices":[{"event_name":"Purifier","player_choice":"One Purge","floor":3,"damage_taken":0},{"event_name":"World of Goop","player_choice":"Gather Gold","floor":8,"damage_taken":0},{"event_name":"Drug Dealer","player_choice":"Got JAXXED","floor":19,"damage_taken":0},{"event_name":"Knowing Skull","player_choice":"GOLD GOLD ","floor":21,"damage_taken":0}],"boss_relics":[{"not_picked":["White Beast Statue","Eternal Feather"],"picked":"Snecko Eye"}],"items_purged_floors":[2],"is_endless":false,"potions_floor_spawned":[5,7,11,14,18],"seed_played":"-5349101021772615621","killed_by":"Snecko","ascension_level":15,"potions_obtained":[{"floor":5,"key":"SkillPotion"},{"floor":7,"key":"PowerPotion"},{"floor":11,"key":"Ancient Potion"},{"floor":14,"key":"Dexterity Potion"},{"floor":18,"key":"SteroidPotion"}],"is_trial":false}