{"gold_per_floor":[112,132,142,155,175,200,200,234,258,295,307,334,374,404,416,524,536,560,44,44,54,64,96,96,96],"floor_reached":25,"playtime":1612,"items_purged":[],"score":293,"play_id":"4a9003e1-530e-4705-aad5-24061bb8a624","local_time":"20190124175035","is_ascension_mode":true,"campfire_choices":[{"floor":7,"key":"REST"},{"data":"Consume","floor":11,"key":"SMITH"},{"floor":15,"key":"REST"},{"data":"Echo Form","floor":24,"key":"SMITH"}],"neow_cost":"NONE","seed_source_timestamp":98560513033370,"circlet_count":0,"master_deck":["Strike_B","Strike_B","Strike_B","Strike_B","Defend_B","Defend_B","Defend_B","Defend_B","Zap","Dualcast","Beam Cell","Darkness","Gash","Conserve Battery","Coolheaded","Electrodynamics","Defragment","Ball Lightning","Gash","Capacitor","Hologram","Consume+1","Redo","Ball Lightning","Gash","Creative AI","Lockon","Seek","Echo Form+1","Rebound","Glacier","Heatsinks","White Noise","Steam","Force Field","Redo+1"],"relics":["Orrery","Dream Catcher","Pantograph","MawBank","Orichalcum","Boot","Inserter","Lantern","PreservedInsect","Blood Vial"],"potions_floor_usage":[10,12,13,13,16,25],"damage_taken":[{"damage":0,"enemies":"Small Slimes","floor":1,"turns":3},{"damage":0,"enemies":"Cultist","floor":2,"turns":3},{"damage":2,"enemies":"Jaw Worm","floor":3,"turns":4},{"damage":2,"enemies":"Exordium Wildlife","floor":4,"turns":4},{"damage":7,"enemies":"2 Fungi Beasts","floor":5,"turns":4},{"damage":15,"enemies":"3 Sentries","floor":6,"turns":4},{"damage":23,"enemies":"Lagavulin","floor":8,"turns":5},{"damage":12,"enemies":"3 Sentries","floor":10,"turns":7},{"damage":4,"enemies":"Red Slaver","floor":12,"turns":3},{"damage":23,"enemies":"Gremlin Nob","floor":13,"turns":5},{"damage":6,"enemies":"Exordium Thugs","floor":14,"turns":3},{"damage":35,"enemies":"The Guardian","floor":16,"turns":11},{"damage":4,"enemies":"Chosen","floor":18,"turns":4},{"damage":9,"enemies":"Spheric Guardian","floor":21,"turns":6},{"damage":28,"enemies":"Snake Plant","floor":22,"turns":5},{"damage":36,"enemies":"Gremlin Leader","floor":23,"turns":7},{"damage":7,"enemies":"Centurion and Healer","floor":25,"turns":3}],"seed_played":"-7580804509175266085","potions_obtained":[{"floor":2,"key":"Energy Potion"},{"floor":3,"key":"SteroidPotion"},{"floor":5,"key":"Strength Potion"},{"floor":10,"key":"Energy Potion"},{"floor":13,"key":"SpeedPotion"},{"floor":21,"key":"GamblersBrew"}],"is_trial":false,"path_per_floor":["M","M","M","M","M","E","R","E","T","E","R","M","E","M","R","B",null,"M","$","?","M","M","E","R","M"],"character_chosen":"DEFECT","items_purchased":["Glacier","Heatsinks","White Noise","Lantern","PreservedInsect"],"campfire_rested":2,"item_purchase_floors":[19,19,19,19,19],"current_hp_per_floor":[75,75,73,71,64,49,71,48,48,36,36,32,9,3,25,15,75,71,71,75,66,38,2,2,0],"gold":96,"neow_bonus":"BOSS_RELIC","is_prod":false,"is_daily":false,"chose_seed":false,"campfire_upgraded":2,"win_rate":0,"timestamp":1548348635,"path_taken":["M","M","M","M","M","E","R","E","T","E","R","M","E","M","R","BOSS","M","$","?","?","M","E","R","M"],"build_version":"2019-01-23","purchased_purges":0,"victory":false,"max_hp_per_floor":[75,75,75,75,75,75,75,75,75,75,75,75,75,75,75,75,75,75,75,75,75,75,75,75,75],"card_choices":[{"not_picked":["Steam","Leap"],"picked":"Beam Cell","floor":0},{"not_picked":["Self Repair","Ball Lightning"],"picked":"Darkness","floor":0},{"not_picked":["Stack","Sweeping Beam"],"picked":"Gash","floor":0},{"not_picked":["Coolheaded","Stack"],"picked":"Conserve Battery","floor":0},{"not_picked":["Compile Driver","Barrage"],"picked":"Coolheaded","floor":0},{"not_picked":["Barrage","Turbo"],"picked":"Electrodynamics","floor":1},{"not_picked":["Auto Shields","Sweeping Beam"],"picked":"Defragment","floor":2},{"not_picked":["Redo","Coolheaded"],"picked":"Ball Lightning","floor":3},{"not_picked":["BootSequence","Cold Snap"],"picked":"Gash","floor":4},{"not_picked":["Go for the Eyes","Stack"],"picked":"Capacitor","floor":5},{"not_picked":["Chill","Steam"],"picked":"Hologram","floor":6},{"not_picked":["Ball Lightning","Hologram"],"picked":"Consume","floor":7},{"not_picked":["Reinforced Body","Electrodynamics"],"picked":"Redo","floor":8},{"not_picked":["Core Surge","Conserve Battery"],"picked":"Ball Lightning","floor":10},{"not_picked":["Reinforced Body","FTL"],"picked":"Gash","floor":12},{"not_picked":["Barrage","Steam"],"picked":"Creative AI","floor":13},{"not_picked":["Conserve Battery","Sunder"],"picked":"Lockon","floor":14},{"not_picked":["Blizzard","Leap"],"picked":"Seek","floor":15},{"not_picked":["Buffer","Seek"],"picked":"Echo Form","floor":16},{"not_picked":["Lockon","Steam Power"],"picked":"Rebound","floor":18},{"not_picked":["Cold Snap","Turbo"],"picked":"Steam","floor":21},{"not_picked":["Beam Cell","Rebound+1"],"picked":"Force Field","floor":22},{"not_picked":["Turbo","Auto Shields"],"picked":"Redo+1","floor":23}],"player_experience":37458,"relics_obtained":[{"floor":6,"key":"Dream Catcher"},{"floor":8,"key":"Pantograph"},{"floor":9,"key":"MawBank"},{"floor":10,"key":"Orichalcum"},{"floor":13,"key":"Boot"},{"floor":23,"key":"Blood Vial"}],"event_choices":[{"damage_healed":4,"gold_gain":0,"player_choice":"Full Heal","damage_taken":0,"max_hp_gain":0,"max_hp_loss":0,"event_name":"Wheel of Change","floor":20,"gold_loss":0}],"is_beta":false,"boss_relics":[{"not_picked":["Snecko Eye","White Beast Statue"],"picked":"Inserter"}],"items_purged_floors":[],"is_endless":false,"potions_floor_spawned":[2,3,5,10,13,21],"killed_by":"Centurion and Healer","ascension_level":1}