{"gold_per_floor":[115,134,184,184,204,204,223,223,223,566,566,580,616,636,636,735,735,753,753,753,774,774,808,198,198,198,221,256,256,276,11,11,107,107,121,71,71,96,96,96,96],"floor_reached":41,"playtime":1668,"items_purged":["Defend_B","Doubt"],"score":818,"play_id":"075d1e12-af57-4637-aab4-9b2597a5a94f","local_time":"20180912181008","is_ascension_mode":true,"campfire_choices":[{"data":"Go for the Eyes","floor":6,"key":"SMITH"},{"data":"Zap","floor":8,"key":"SMITH"},{"data":"Dualcast","floor":11,"key":"SMITH"},{"data":"Streamline","floor":15,"key":"SMITH"},{"data":"Hologram","floor":25,"key":"SMITH"},{"data":"Auto Shields","floor":29,"key":"SMITH"},{"data":"Beam Cell","floor":32,"key":"SMITH"},{"data":"Madness","floor":40,"key":"SMITH"}],"neow_cost":"NONE","seed_source_timestamp":254914114964693,"circlet_count":0,"master_deck":["Defend_B","Defend_B","Defend_B","Zap+1","Dualcast+1","AscendersBane","Conserve Battery+1","Go for the Eyes+1","FTL","Ball Lightning","Scrape+1","Cold Snap","Beam Cell+1","Streamline+1","Thunder Strike","Hologram+1","Bite","Bite","Bite","Bite","Bite","FTL+1","Glacier","Scrape","Swift Strike+1","Ball Lightning+1","Auto Shields+1","Hologram+1","FTL+1","Swift Strike+1","Echo Form","Steam","Madness+1","Madness","Reprogram+1"],"relics":["Cracked Core","Pen Nib","Golden Idol","Meat on the Bone","Old Coin","Bronze Scales","Cursed Key","Gambling Chip","Molten Egg 2","Torii","Matryoshka","Nuclear Battery"],"potions_floor_usage":[12,13,23,28,33,41],"damage_taken":[{"damage":0,"enemies":"2 Louse","floor":1,"turns":3},{"damage":1,"enemies":"Cultist","floor":2,"turns":3},{"damage":0,"enemies":"Jaw Worm","floor":5,"turns":4},{"damage":2,"enemies":"3 Louse","floor":7,"turns":3},{"damage":21,"enemies":"3 Sentries","floor":10,"turns":6},{"damage":18,"enemies":"Exordium Thugs","floor":12,"turns":4},{"damage":21,"enemies":"Lagavulin","floor":13,"turns":7},{"damage":2,"enemies":"Red Slaver","floor":14,"turns":3},{"damage":15,"enemies":"Hexaghost","floor":16,"turns":8},{"damage":13,"enemies":"2 Thieves","floor":18,"turns":3},{"damage":0,"enemies":"Chosen","floor":21,"turns":3},{"damage":36,"enemies":"Book of Stabbing","floor":23,"turns":5},{"damage":1,"enemies":"Snecko","floor":27,"turns":5},{"damage":6,"enemies":"Gremlin Leader","floor":28,"turns":4},{"damage":0,"enemies":"Chosen and Byrds","floor":30,"turns":5},{"damage":44,"enemies":"Champ","floor":33,"turns":9},{"damage":0,"enemies":"3 Shapes","floor":35,"turns":6},{"damage":0,"enemies":"Orb Walker","floor":38,"turns":3},{"damage":83,"enemies":"Giant Head","floor":41,"turns":7}],"seed_played":"6256577057349789696","potions_obtained":[{"floor":2,"key":"Strength Potion"},{"floor":5,"key":"Ancient Potion"},{"floor":13,"key":"FairyPotion"},{"floor":14,"key":"FairyPotion"},{"floor":18,"key":"PowerPotion"},{"floor":30,"key":"Regen Potion"},{"floor":35,"key":"Regen Potion"}],"is_trial":false,"path_per_floor":["M","M","?","?","M","R","M","R","T","E","R","M","E","M","R","B",null,"M","?","?","M","T","E","$","R","T","M","E","R","M","$","R","B",null,"M","?","?","M","T","R"],"character_chosen":"DEFECT","items_purchased":["Glacier","Scrape","Molten Egg 2","Swift Strike+1","PowerPotion","FTL+1","Swift Strike+1"],"campfire_rested":0,"item_purchase_floors":[24,24,24,24,24,31,31],"current_hp_per_floor":[64,63,63,63,63,63,61,61,61,40,40,34,25,35,35,32,56,43,37,37,41,41,25,25,25,25,30,28,28,30,30,30,17,37,39,39,31,31,31,31,0],"gold":96,"neow_bonus":"RANDOM_COMMON_RELIC","is_prod":false,"is_daily":false,"chose_seed":false,"campfire_upgraded":8,"win_rate":0,"timestamp":1536797408,"path_taken":["M","M","?","?","M","R","?","R","T","E","R","M","E","M","R","BOSS","M","?","?","?","?","E","$","R","T","M","E","R","M","$","R","BOSS","M","?","?","M","?","R","E"],"build_version":"2018-09-10","purchased_purges":2,"victory":false,"max_hp_per_floor":[71,71,71,64,64,64,64,64,64,64,64,64,64,64,64,64,64,64,64,44,44,44,44,44,44,44,44,44,44,44,44,44,44,44,44,44,44,44,44,44,44],"card_choices":[{"not_picked":["Sweeping Beam","Scrape"],"picked":"Conserve Battery","floor":1},{"not_picked":["Hologram","Barrage"],"picked":"Go for the Eyes","floor":2},{"not_picked":["Reprogram","Rebound"],"picked":"FTL","floor":5},{"not_picked":["Coolheaded","Blizzard"],"picked":"Ball Lightning","floor":7},{"not_picked":["Streamline","Sweeping Beam"],"picked":"Scrape","floor":10},{"not_picked":["Gash","Beam Cell"],"picked":"Cold Snap","floor":12},{"not_picked":["Reprogram","Coolheaded"],"picked":"Beam Cell","floor":13},{"not_picked":["Compile Driver","Turbo"],"picked":"Streamline","floor":14},{"not_picked":["Hyperbeam","Creative AI"],"picked":"Thunder Strike","floor":16},{"not_picked":["Leap","Melter"],"picked":"Hologram","floor":18},{"not_picked":["Go for the Eyes","Turbo+1"],"picked":"FTL+1","floor":21},{"not_picked":["Turbo","Chaos","Stack"],"picked":"SKIP","floor":23},{"not_picked":["Barrage+1","Streamline+1"],"picked":"Ball Lightning+1","floor":27},{"not_picked":["Recycle","Sunder+1"],"picked":"Auto Shields","floor":28},{"not_picked":["Stack","Fusion"],"picked":"Hologram+1","floor":30},{"not_picked":["Thunder Strike+1","Creative AI"],"picked":"Echo Form","floor":33},{"not_picked":["Melter+1","Redo+1"],"picked":"Steam","floor":35},{"not_picked":["Coolheaded","Force Field"],"picked":"Reprogram+1","floor":38}],"player_experience":1014245,"relics_obtained":[{"floor":9,"key":"Meat on the Bone"},{"floor":10,"key":"Old Coin"},{"floor":13,"key":"Bronze Scales"},{"floor":23,"key":"Gambling Chip"},{"floor":26,"key":"Torii"},{"floor":28,"key":"Matryoshka"}],"event_choices":[{"event_name":"Golden Shrine","player_choice":"Pray","floor":3,"damage_taken":0},{"event_name":"Golden Idol","player_choice":"Lose Max HP","floor":4,"damage_taken":0},{"event_name":"Knowing Skull","player_choice":"","floor":19,"damage_taken":0},{"event_name":"Vampires","player_choice":"Became a vampire","floor":20,"damage_taken":0},{"event_name":"Designer","player_choice":"Upgrade 2 Random Cards","floor":36,"damage_taken":0},{"event_name":"Winding Halls","player_choice":"Embrace Madness","floor":37,"damage_taken":0}],"is_beta":true,"boss_relics":[{"not_picked":["Orrery","Runic Dome"],"picked":"Cursed Key"},{"not_picked":["Calling Bell","Busted Crown"],"picked":"Nuclear Battery"}],"items_purged_floors":[24,31],"is_endless":false,"potions_floor_spawned":[2,5,13,14,18,21,30,35],"killed_by":"Giant Head","ascension_level":15}