{"path_per_floor":["M","M","M","?","?","M","$","?","T","M","M","M","R","M","R"],"character_chosen":"IRONCLAD","items_purchased":["Feel No Pain","Infernal Blade"],"gold_per_floor":[113,129,144,144,144,169,59,59,59,79,99,120,120,144,144,144],"floor_reached":16,"campfire_rested":2,"playtime":1996,"item_purchase_floors":[7,7],"current_hp_per_floor":[75,80,80,80,60,45,45,45,45,26,19,18,42,48,72,0],"items_purged":[],"gold":144,"score":96,"play_id":"6b56342d-b731-4dbb-8cc9-ec5c39239af6","local_time":"20180621225440","is_prod":false,"is_daily":false,"chose_seed":false,"is_ascension_mode":false,"campfire_upgraded":0,"win_rate":0.0,"timestamp":1529646880,"campfire_choices":[{"floor":13,"key":"REST"},{"floor":15,"key":"REST"}],"path_taken":["M","M","M","?","?","M","$","?","T","M","M","M","R","M","R","BOSS"],"build_version":"2018-06-21","seed_source_timestamp":7398003582712,"purchased_purges":0,"circlet_count":0,"victory":false,"master_deck":["Strike_R","Strike_R","Strike_R","Strike_R","Strike_R","Defend_R","Defend_R","Defend_R","Defend_R","Bash","Dual Wield","Whirlwind","Ghostly Armor","Barricade","Feel No Pain","Infernal Blade","Infernal Blade","Thunderclap","Searing Blow","Sword Boomerang"],"max_hp_per_floor":[80,80,80,80,80,80,80,80,80,80,80,80,80,80,80,80],"relics":["Burning Blood","Golden Idol","Anchor"],"card_choices":[{"not_picked":["Warcry","Flex"],"picked":"Dual Wield","floor":1},{"not_picked":["Cleave","Sword Boomerang"],"picked":"Whirlwind","floor":2},{"not_picked":["Flex","Intimidate"],"picked":"Ghostly Armor","floor":3},{"not_picked":["Armaments","Anger"],"picked":"Barricade","floor":6},{"not_picked":["Reckless Charge","Warcry"],"picked":"Infernal Blade","floor":10},{"not_picked":["Cleave","Dual Wield"],"picked":"Thunderclap","floor":11},{"not_picked":["Sever Soul","Headbutt"],"picked":"Searing Blow","floor":12},{"not_picked":["Feel No Pain","Hemokinesis"],"picked":"Sword Boomerang","floor":14}],"player_experience":0,"potions_floor_usage":[10,11,16,16],"damage_taken":[{"damage":11,"enemies":"Jaw Worm","floor":1,"turns":4},{"damage":0,"enemies":"2 Louse","floor":2,"turns":4},{"damage":0,"enemies":"Small Slimes","floor":3,"turns":3},{"damage":21,"enemies":"Exordium Wildlife","floor":6,"turns":7},{"damage":25,"enemies":"Large Slime","floor":10,"turns":13},{"damage":13,"enemies":"Gremlin Gang","floor":11,"turns":6},{"damage":7,"enemies":"Blue Slaver","floor":12,"turns":5},{"damage":0,"enemies":"Exordium Wildlife","floor":14,"turns":3},{"damage":74,"enemies":"The Guardian","floor":16,"turns":9}],"relics_obtained":[{"floor":9,"key":"Anchor"}],"event_choices":[{"event_name":"Liars Game","player_choice":"disagreed","floor":4,"damage_taken":0},{"event_name":"Golden Idol","player_choice":"Take Damage","floor":5,"damage_taken":0},{"event_name":"The Woman in Blue","player_choice":"Bought 0 Potions","floor":8,"damage_taken":0}],"boss_relics":[],"items_purged_floors":[],"is_endless":false,"potions_floor_spawned":[2,3,6,11],"seed_played":"5466468054756858052","killed_by":"The Guardian","ascension_level":0,"potions_obtained":[{"floor":2,"key":"Fire Potion"},{"floor":3,"key":"Strength Potion"},{"floor":6,"key":"GamblersBrew"},{"floor":11,"key":"PowerPotion"}],"is_trial":false}