{"gold_per_floor":[113,131,131,144,161,161,192,192,192,192,206,240,240,240,240,317,317,328,328,339,339,10,36,36,49,49,9,24,24,24,40,40,40],"floor_reached":33,"playtime":1645,"items_purged":["Shame"],"score":550,"play_id":"705a92f2-781e-403c-a18a-d5b9a88bf209","local_time":"20190126131936","is_ascension_mode":true,"campfire_choices":[{"data":"Go for the Eyes","floor":6,"key":"SMITH"},{"data":"Cold Snap","floor":8,"key":"SMITH"},{"floor":10,"key":"REST"},{"data":"Cold Snap","floor":13,"key":"SMITH"},{"data":"Stack","floor":15,"key":"SMITH"},{"data":"Creative AI","floor":24,"key":"SMITH"},{"floor":30,"key":"REST"},{"data":"Storm","floor":32,"key":"SMITH"}],"neow_cost":"NONE","seed_source_timestamp":1451422460892707,"circlet_count":0,"master_deck":["AscendersBane","Strike_B","Strike_B","Defend_B","Defend_B","Defend_B","Defend_B","Zap+1","Dualcast","Cold Snap+1","Cold Snap+1","Go for the Eyes+1","Machine Learning","Stack+1","Undo+1","Creative AI+1","Auto Shields+1","Machine Learning","Go for the Eyes","Heatsinks","Capacitor","Static Discharge","Loop","Storm+1","Chill+1","Consume+1","Storm","Hologram+1","Undo+1","Stack+1"],"relics":["Cracked Core","Bronze Scales","The Courier","Toxic Egg 2","Sozu","Strawberry","Vajra","Gremlin Horn"],"potions_floor_usage":[7,12,16,23],"damage_taken":[{"damage":2,"enemies":"2 Louse","floor":1,"turns":3},{"damage":9,"enemies":"Small Slimes","floor":2,"turns":3},{"damage":0,"enemies":"Jaw Worm","floor":4,"turns":4},{"damage":8,"enemies":"3 Louse","floor":5,"turns":2},{"damage":22,"enemies":"Lagavulin","floor":7,"turns":6},{"damage":16,"enemies":"Exordium Wildlife","floor":11,"turns":3},{"damage":17,"enemies":"Gremlin Nob","floor":12,"turns":5},{"damage":6,"enemies":"Hexaghost","floor":16,"turns":10},{"damage":15,"enemies":"2 Thieves","floor":18,"turns":5},{"damage":1,"enemies":"3 Byrds","floor":20,"turns":4},{"damage":21,"enemies":"Gremlin Leader","floor":23,"turns":7},{"damage":0,"enemies":"Centurion and Healer","floor":25,"turns":6},{"damage":13,"enemies":"Cultist and Chosen","floor":28,"turns":5},{"damage":11,"enemies":"Snake Plant","floor":31,"turns":3},{"damage":34,"enemies":"Collector","floor":33,"turns":6}],"seed_played":"-6127361165357981235","potions_obtained":[{"floor":4,"key":"LiquidBronze"},{"floor":5,"key":"Ancient Potion"},{"floor":12,"key":"FocusPotion"},{"floor":16,"key":"FocusPotion"}],"is_trial":false,"path_per_floor":["M","M","?","M","M","R","E","R","T","R","M","E","R","?","R","B",null,"M","?","M","?","$","E","R","M","T","$","M","?","R","M","R","B"],"character_chosen":"DEFECT","items_purchased":["Capacitor","Static Discharge","Loop","Storm","Chill+1","Hologram+1"],"campfire_rested":2,"item_purchase_floors":[22,22,22,22,22,27],"current_hp_per_floor":[69,60,60,60,52,52,30,30,30,53,37,20,20,20,20,14,62,47,47,46,53,53,32,32,32,32,32,19,19,44,33,33,0],"gold":40,"neow_bonus":"TEN_PERCENT_HP_BONUS","is_prod":false,"is_daily":false,"chose_seed":false,"campfire_upgraded":6,"win_rate":0,"timestamp":1548533976,"path_taken":["M","M","?","M","M","R","E","R","T","R","M","E","R","?","R","BOSS","M","?","M","?","$","E","R","M","T","?","?","?","R","M","R","BOSS"],"build_version":"2019-01-23","purchased_purges":1,"victory":false,"max_hp_per_floor":[78,78,78,78,78,78,78,78,78,78,78,78,78,78,78,78,78,78,78,78,85,85,85,85,85,85,85,85,85,85,85,85,85],"card_choices":[{"not_picked":["Static Discharge","Storm"],"picked":"Cold Snap","floor":1},{"not_picked":["Turbo","Barrage","Streamline"],"picked":"SKIP","floor":2},{"not_picked":["Sweeping Beam","Beam Cell"],"picked":"Cold Snap","floor":4},{"not_picked":["Sweeping Beam","Storm"],"picked":"Go for the Eyes","floor":5},{"not_picked":["Compile Driver","Cold Snap"],"picked":"Machine Learning","floor":7},{"not_picked":["Go for the Eyes","Steam"],"picked":"Stack","floor":11},{"not_picked":["Stack","Biased Cognition"],"picked":"Undo","floor":12},{"not_picked":["All For One","Hyperbeam"],"picked":"Creative AI","floor":16},{"not_picked":["Rebound+1","Force Field+1"],"picked":"Auto Shields+1","floor":18},{"not_picked":["Sweeping Beam","Streamline"],"picked":"Heatsinks","floor":20},{"not_picked":["Darkness+1","Biased Cognition"],"picked":"Consume+1","floor":23},{"not_picked":["Redo+1","Turbo+1"],"picked":"Storm","floor":25},{"not_picked":["Gash","Cold Snap+1"],"picked":"Undo+1","floor":28},{"not_picked":["Turbo+1","Blizzard+1"],"picked":"Stack+1","floor":31}],"player_experience":1253293,"relics_obtained":[{"floor":7,"key":"Bronze Scales"},{"floor":9,"key":"The Courier"},{"floor":12,"key":"Toxic Egg 2"},{"floor":23,"key":"Vajra"},{"floor":26,"key":"Gremlin Horn"}],"event_choices":[{"damage_healed":0,"gold_gain":0,"player_choice":"Grow","damage_taken":0,"max_hp_gain":0,"max_hp_loss":0,"event_name":"Living Wall","floor":3,"gold_loss":0,"cards_upgraded":["Zap"]},{"damage_healed":0,"gold_gain":0,"player_choice":"Fled","damage_taken":0,"max_hp_gain":0,"max_hp_loss":0,"event_name":"Scrap Ooze","floor":14,"gold_loss":0},{"damage_healed":0,"gold_gain":0,"cards_transformed":["Strike_B","Strike_B"],"player_choice":"Became Test Subject","damage_taken":0,"max_hp_gain":0,"max_hp_loss":0,"event_name":"Drug Dealer","floor":19,"gold_loss":0,"cards_obtained":["Machine Learning","Go for the Eyes"]},{"damage_healed":0,"gold_gain":0,"player_choice":"Stole Relic","damage_taken":0,"relics_obtained":["Strawberry"],"max_hp_gain":0,"max_hp_loss":0,"event_name":"Addict","floor":21,"gold_loss":0,"cards_obtained":["Shame"]},{"damage_healed":0,"gold_gain":0,"player_choice":"Ignored","damage_taken":0,"max_hp_gain":0,"max_hp_loss":0,"event_name":"The Mausoleum","floor":29,"gold_loss":0}],"is_beta":true,"boss_relics":[{"not_picked":["Eternal Feather","Velvet Choker"],"picked":"Sozu"}],"items_purged_floors":[22],"is_endless":false,"potions_floor_spawned":[4,5,12,16,20,23,28],"killed_by":"Collector","ascension_level":20}