{"path_per_floor":["M","M","?","?","M","R","E","R","T","R","M","M","E","?","R","B",null,"M","M","?","M","$","R","E","M","T","M","M"],"character_chosen":"IRONCLAD","items_purchased":["Unceasing Top","Body Slam","Swift Potion"],"gold_per_floor":[109,128,128,128,141,141,173,173,244,244,262,273,304,304,304,400,400,415,435,685,703,238,238,276,292,292,315,336,336],"floor_reached":29,"campfire_rested":2,"playtime":2005,"item_purchase_floors":[22,22,22],"current_hp_per_floor":[72,75,75,52,57,57,11,33,33,33,28,34,40,40,40,44,62,68,25,25,14,14,34,31,31,31,16,15,0],"items_purged":["Regret"],"gold":336,"score":494,"play_id":"a8ee1b31-43e9-4e2b-9ce7-c09260fea01f","local_time":"20180525174158","is_prod":false,"is_daily":false,"chose_seed":false,"is_ascension_mode":true,"campfire_upgraded":3,"win_rate":0,"timestamp":1527291718,"campfire_choices":[{"data":"Body Slam","floor":6,"key":"SMITH"},{"floor":8,"key":"REST"},{"data":"Bash","floor":10,"key":"SMITH"},{"data":"Body Slam","floor":15,"key":"SMITH"},{"floor":23,"key":"REST"}],"path_taken":["M","M","?","?","M","R","E","R","T","R","M","?","E","?","R","BOSS","M","M","?","?","$","R","E","M","T","M","M","?"],"build_version":"2018-05-24","seed_source_timestamp":94996962462476,"purchased_purges":1,"victory":false,"master_deck":["Strike_R","Strike_R","Strike_R","Defend_R+1","Defend_R","Defend_R+1","Defend_R+1","Bash+1","AscendersBane","Body Slam+1","Twin Strike","Shrug It Off+1","Fiend Fire","Body Slam+1","Impervious","Body Slam","Rampage","Clumsy","Pommel Strike"],"max_hp_per_floor":[75,75,75,75,75,75,75,75,75,75,75,75,75,68,68,68,68,68,68,68,68,68,68,68,68,68,68,68,68],"relics":["Burning Blood","War Paint","Toolbox","Potion Belt","Golden Idol","Cursed Key","Unceasing Top","Matryoshka","Blue Candle","Bottled Lightning"],"card_choices":[{"not_picked":["Pommel Strike","Flex"],"picked":"Body Slam","floor":1},{"not_picked":["Rage","Warcry","Second Wind"],"picked":"SKIP","floor":2},{"not_picked":["Headbutt","Anger"],"picked":"Twin Strike","floor":5},{"not_picked":["Burning Pact","Wild Strike"],"picked":"Shrug It Off","floor":7},{"not_picked":["Fire Breathing","Wild Strike","Perfected Strike"],"picked":"SKIP","floor":11},{"not_picked":["Perfected Strike","Uppercut"],"picked":"Fiend Fire","floor":12},{"not_picked":["Sever Soul","Cleave"],"picked":"Body Slam","floor":13},{"not_picked":["Limit Break","Berserk"],"picked":"Impervious","floor":16},{"not_picked":["Sentinel","Second Wind","Flex"],"picked":"SKIP","floor":18},{"not_picked":["Heavy Blade","Havoc","Reckless Charge"],"picked":"SKIP","floor":19},{"not_picked":["Rupture","Clash","Anger"],"picked":"SKIP","floor":21},{"not_picked":["Flex","Searing Blow","Sword Boomerang"],"picked":"SKIP","floor":24},{"not_picked":["Fire Breathing","Wild Strike+1"],"picked":"Rampage","floor":25},{"not_picked":["Havoc","Exhume","Reckless Charge"],"picked":"SKIP","floor":27},{"not_picked":["Flex","Havoc"],"picked":"Pommel Strike","floor":28}],"player_experience":606735,"potions_floor_usage":[16,21,21,24,24,24,25],"damage_taken":[{"damage":2,"enemies":"2 Louse","floor":1,"turns":4},{"damage":3,"enemies":"Jaw Worm","floor":2,"turns":6},{"damage":1,"enemies":"Small Slimes","floor":5,"turns":4},{"damage":52,"enemies":"Gremlin Nob","floor":7,"turns":5},{"damage":11,"enemies":"Exordium Thugs","floor":11,"turns":5},{"damage":0,"enemies":"Blue Slaver","floor":12,"turns":3},{"damage":0,"enemies":"Lagavulin","floor":13,"turns":5},{"damage":2,"enemies":"The Guardian","floor":16,"turns":11},{"damage":0,"enemies":"Shell Parasite","floor":18,"turns":3},{"damage":49,"enemies":"3 Byrds","floor":19,"turns":7},{"damage":23,"enemies":"Snecko","floor":21,"turns":4},{"damage":9,"enemies":"Slavers","floor":24,"turns":7},{"damage":16,"enemies":"Chosen and Byrds","floor":25,"turns":6},{"damage":21,"enemies":"Centurion and Healer","floor":27,"turns":7},{"damage":7,"enemies":"3 Cultists","floor":28,"turns":5},{"damage":23,"enemies":"Sentry and Sphere","floor":29,"turns":3}],"relics_obtained":[{"floor":7,"key":"War Paint"},{"floor":9,"key":"Toolbox"},{"floor":13,"key":"Potion Belt"},{"floor":24,"key":"Matryoshka"},{"floor":26,"key":"Blue Candle"},{"floor":26,"key":"Bottled Lightning"}],"event_choices":[{"event_name":"Living Wall","player_choice":"Forget","floor":3,"damage_taken":0},{"event_name":"Shining Light","player_choice":"Entered Light","floor":4,"damage_taken":0},{"event_name":"Golden Idol","player_choice":"Lose Max HP","floor":14,"damage_taken":0},{"event_name":"Golden Shrine","player_choice":"Desecrate","floor":20,"damage_taken":0}],"boss_relics":[{"not_picked":["Calling Bell","Black Star"],"picked":"Cursed Key"}],"items_purged_floors":[22],"potions_floor_spawned":[12,13,16,19,21,24],"seed_played":"9190852017078262237","killed_by":"Sentry and Sphere","ascension_level":15,"potions_obtained":[{"floor":12,"key":"SkillPotion"},{"floor":13,"key":"BloodPotion"},{"floor":16,"key":"EssenceOfSteel"},{"floor":19,"key":"PowerPotion"},{"floor":21,"key":"Strength Potion"},{"floor":24,"key":"Regen Potion"}],"is_trial":false}