{"gold_per_floor":[116,48,48,71,71,71,115,130,154,193,37,37,53,53,53,177,177,197,197,197,216,45,45,45,88,88,113,136,136,149,248,248,373,373,389,489,6,19,38,38,81,100,100,100,113,133,133,149,149,149,149,149,36,75,75],"floor_reached":56,"playtime":2563,"items_purged":["Strike_B","Strike_B"],"score":1310,"play_id":"257150a2-d22a-4d1d-83bd-ca0c3dafc3c8","local_time":"20181105174510","is_ascension_mode":true,"campfire_choices":[{"data":"Defragment","floor":6,"key":"SMITH"},{"data":"Zap","floor":12,"key":"SMITH"},{"data":"Zap","floor":15,"key":"SMITH"},{"data":"Dualcast","floor":23,"key":"SMITH"},{"floor":29,"key":"REST"},{"floor":32,"key":"RECALL"},{"data":"FTL","floor":40,"key":"SMITH"},{"floor":44,"key":"REST"},{"data":"Steam","floor":47,"key":"SMITH"},{"floor":49,"key":"REST"},{"data":"Hologram","floor":52,"key":"SMITH"}],"neow_cost":"NONE","seed_source_timestamp":800286828861553,"circlet_count":0,"master_deck":["Strike_B","Strike_B","Defend_B","Defend_B","Defend_B","Defend_B","Zap+1","Dualcast+1","Steam+1","Defragment+1","Consume+1","Zap+1","FTL+1","All For One","All For One","Capacitor","Capacitor","FTL","Hologram+1","Hologram+1","All For One","Ball Lightning","Capacitor","Hologram","Leap","Glacier","Ball Lightning+1","Cold Snap+1","Machine Learning","Conserve Battery+1","Defragment","Cold Snap"],"relics":["Cracked Core","Art of War","Golden Idol","Ancient Tea Set","Bottled Flame","Anchor","Lizard Tail","Dream Catcher","Ornamental Fan","Cursed Key","Mummified Hand","Bird Faced Urn","Bag of Preparation"],"potions_floor_usage":[10,10,13,33,41,46,50,50,50,55],"damage_taken":[{"damage":11,"enemies":"Jaw Worm","floor":1,"turns":3},{"damage":2,"enemies":"Small Slimes","floor":4,"turns":3},{"damage":29,"enemies":"Lagavulin","floor":7,"turns":7},{"damage":0,"enemies":"Cultist","floor":8,"turns":3},{"damage":25,"enemies":"Gremlin Nob","floor":10,"turns":4},{"damage":0,"enemies":"Lots of Slimes","floor":13,"turns":2},{"damage":0,"enemies":"Slime Boss","floor":16,"turns":4},{"damage":1,"enemies":"Shell Parasite","floor":18,"turns":5},{"damage":15,"enemies":"3 Byrds","floor":21,"turns":3},{"damage":24,"enemies":"Gremlin Leader","floor":25,"turns":6},{"damage":15,"enemies":"Sentry and Sphere","floor":27,"turns":5},{"damage":5,"enemies":"Centurion and Healer","floor":28,"turns":5},{"damage":13,"enemies":"3 Cultists","floor":30,"turns":4},{"damage":14,"enemies":"Champ","floor":33,"turns":7},{"damage":0,"enemies":"3 Shapes","floor":35,"turns":4},{"damage":24,"enemies":"3 Darklings","floor":38,"turns":4},{"damage":2,"enemies":"Spire Growth","floor":39,"turns":3},{"damage":34,"enemies":"Giant Head","floor":41,"turns":7},{"damage":13,"enemies":"Sphere and 2 Shapes","floor":42,"turns":5},{"damage":0,"enemies":"4 Shapes","floor":45,"turns":4},{"damage":14,"enemies":"3 Darklings","floor":46,"turns":5},{"damage":0,"enemies":"Spire Growth","floor":48,"turns":4},{"damage":76,"enemies":"Awakened One","floor":50,"turns":12},{"damage":30,"enemies":"Shield and Spear","floor":54,"turns":6},{"damage":104,"enemies":"The Heart","floor":55,"turns":12}],"seed_played":"-1699422006321965413","potions_obtained":[{"floor":4,"key":"EssenceOfSteel"},{"floor":8,"key":"Fruit Juice"},{"floor":10,"key":"SkillPotion"},{"floor":21,"key":"Ancient Potion"},{"floor":28,"key":"Swift Potion"},{"floor":30,"key":"GamblersBrew"},{"floor":41,"key":"FocusPotion"},{"floor":42,"key":"PowerPotion"},{"floor":45,"key":"Block Potion"},{"floor":48,"key":"Regen Potion"}],"is_trial":false,"path_per_floor":["M","$","?","M","?","R","E","M","T","E","$","R","M","$","R","B",null,"M","?","?","M","$","R","$","E","T","M","M","R","M","?","R","B",null,"M","?","$","M","M","R","E","M","T","R","M","M","R","M","R","B",null,"R","$","E","B",null],"character_chosen":"DEFECT","items_purchased":["Defragment","Anchor","FTL","Hologram","Mummified Hand","Capacitor","Hologram","Defragment","FocusPotion"],"campfire_rested":3,"item_purchase_floors":[2,11,22,22,37,37,37,53,53],"current_hp_per_floor":[64,64,64,62,62,62,33,33,33,13,13,13,13,13,13,13,74,73,73,73,58,58,58,58,34,34,19,14,36,23,23,23,9,74,74,74,74,50,48,48,14,9,9,31,37,33,33,39,61,10,74,74,74,48,3],"gold":75,"neow_bonus":"RANDOM_COMMON_RELIC","is_prod":false,"is_daily":false,"chose_seed":false,"campfire_upgraded":7,"win_rate":0,"timestamp":1541465110,"path_taken":["M","$","?","M","?","R","E","?","T","E","?","R","?","?","R","BOSS","M","?","?","M","$","R","$","E","T","M","M","R","?","?","R","BOSS","M","?","$","M","?","R","E","M","T","R","M","M","R","M","R","BOSS","R","$","E","BOSS"],"build_version":"2018-11-02","purchased_purges":2,"victory":true,"max_hp_per_floor":[75,75,69,69,69,69,69,69,69,74,74,74,74,74,74,74,74,74,74,74,74,74,74,74,74,74,74,74,74,74,74,74,74,74,74,74,74,74,74,74,74,74,74,74,74,74,74,74,74,74,74,74,74,74,74],"card_choices":[{"not_picked":["Double Energy","Barrage"],"picked":"Steam","floor":1},{"not_picked":["Storm","Heatsinks"],"picked":"Consume","floor":4},{"not_picked":["Compile Driver","Recycle"],"picked":"FTL","floor":7},{"not_picked":["Scrape","Rebound","Redo"],"picked":"SKIP","floor":8},{"not_picked":["BootSequence","Scrape"],"picked":"All For One","floor":10},{"not_picked":["Streamline","Stack","Beam Cell"],"picked":"SKIP","floor":13},{"not_picked":["Reboot","Meteor Strike"],"picked":"All For One","floor":16},{"not_picked":["Streamline","Sweeping Beam","Coolheaded"],"picked":"SKIP","floor":18},{"not_picked":["Undo","Consume"],"picked":"Capacitor","floor":21},{"not_picked":["Sunder","Chaos","Barrage+1"],"picked":"SKIP","floor":25},{"not_picked":["Leap","Loop+1"],"picked":"Hologram+1","floor":27},{"not_picked":["Turbo","Streamline+1","Hologram"],"picked":"SKIP","floor":28},{"not_picked":["Gash","Redo","Streamline"],"picked":"SKIP","floor":30},{"not_picked":["Buffer","Echo Form"],"picked":"All For One","floor":33},{"not_picked":["Sweeping Beam","Darkness"],"picked":"Ball Lightning","floor":35},{"not_picked":["White Noise+1","Consume"],"picked":"Leap","floor":38},{"not_picked":["Reprogram+1","Sunder","Turbo+1"],"picked":"SKIP","floor":39},{"not_picked":["Buffer","Melter+1"],"picked":"Glacier","floor":41},{"not_picked":["Gash+1","Rebound"],"picked":"Ball Lightning+1","floor":42},{"not_picked":["Gash+1","Steam"],"picked":"Cold Snap+1","floor":44},{"not_picked":["Skim+1","Beam Cell+1"],"picked":"Machine Learning","floor":45},{"not_picked":["Turbo","Compile Driver","Rebound+1"],"picked":"SKIP","floor":46},{"not_picked":["Streamline","Gash","Beam Cell+1"],"picked":"SKIP","floor":48},{"not_picked":["Fusion+1","Auto Shields"],"picked":"Conserve Battery+1","floor":49},{"not_picked":["Double Energy+1","Steam"],"picked":"Cold Snap","floor":54}],"player_experience":1113001,"relics_obtained":[{"floor":7,"key":"Ancient Tea Set"},{"floor":10,"key":"Bottled Flame"},{"floor":25,"key":"Dream Catcher"},{"floor":26,"key":"Ornamental Fan"},{"floor":41,"key":"Bird Faced Urn"},{"floor":54,"key":"Bag of Preparation"}],"event_choices":[{"damage_healed":0,"gold_gain":0,"player_choice":"Lose Max HP","damage_taken":0,"relics_obtained":["Golden Idol"],"max_hp_gain":0,"max_hp_loss":6,"event_name":"Golden Idol","floor":3,"gold_loss":0},{"damage_healed":0,"gold_gain":0,"player_choice":"1 cards matched","damage_taken":0,"max_hp_gain":0,"max_hp_loss":0,"event_name":"Match and Keep!","floor":5,"gold_loss":0,"cards_obtained":["Zap"]},{"damage_healed":0,"gold_gain":0,"player_choice":"Read","damage_taken":0,"max_hp_gain":0,"max_hp_loss":0,"event_name":"The Library","floor":19,"gold_loss":0,"cards_obtained":["Capacitor"]},{"damage_healed":0,"gold_gain":0,"player_choice":"Upgraded","damage_taken":0,"max_hp_gain":0,"max_hp_loss":0,"event_name":"Upgrade Shrine","floor":20,"gold_loss":0,"cards_upgraded":["Consume"]},{"damage_healed":0,"gold_gain":99,"player_choice":"Stole From Cult","damage_taken":0,"max_hp_gain":0,"max_hp_loss":0,"event_name":"Nest","floor":31,"gold_loss":0},{"damage_healed":0,"gold_gain":100,"player_choice":"Pray","damage_taken":0,"max_hp_gain":0,"max_hp_loss":0,"event_name":"Golden Shrine","floor":36,"gold_loss":0}],"is_beta":true,"boss_relics":[{"not_picked":["Philosopher\u0027s Stone","Calling Bell"],"picked":"Lizard Tail"},{"not_picked":["Velvet Choker","Fusion Hammer"],"picked":"Cursed Key"}],"items_purged_floors":[22,37],"is_endless":false,"potions_floor_spawned":[4,8,10,21,28,30,41,42,45,48],"ascension_level":1}