{"gold_per_floor":[112,287,287,297,36,36,62,62,62,79,100,47,82,101,101,196,196,214,214,139,153,167,167,20,33,60,79,111,111,111,123,123,222,222,238,238,0,0,400,400,20,47,97,97,97,17,34,44,44,44],"floor_reached":50,"playtime":2401,"items_purged":["Strike_B","Strike_B","Strike_B"],"score":676,"play_id":"df323239-537f-49b9-9a42-64dd2b86476c","local_time":"20190201173524","is_ascension_mode":true,"campfire_choices":[{"data":"Zap","floor":6,"key":"SMITH"},{"data":"Dualcast","floor":8,"key":"SMITH"},{"floor":15,"key":"DIG"},{"floor":23,"key":"DIG"},{"floor":30,"key":"REST"},{"floor":32,"key":"REST"},{"floor":40,"key":"DIG"},{"floor":45,"key":"DIG"},{"floor":49,"key":"DIG"}],"neow_cost":"NONE","seed_source_timestamp":788086677820386,"circlet_count":0,"master_deck":["Defend_B+1","Defend_B","Defend_B","Zap+1","Conserve Battery","FTL+1","Hyperbeam+1","Turbo+1","Streamline+1","Go for the Eyes+1","Scrape+1","Steam Power","Machine Learning","Go for the Eyes+1","Gash+1","Gash+1","Go for the Eyes+1","Machine Learning","Redo+1","Seek","Gash+1","Glacier","Madness","Madness","Self Repair","Scrape+1"],"relics":["Empty Cage","Molten Egg 2","Ginger","Meat on the Bone","Odd Mushroom","Shovel","Turnip","Runic Pyramid","Bronze Scales","PreservedInsect","Shuriken","Nilry\u0027s Codex","Nuclear Battery","Red Mask","Bag of Marbles","Old Coin","Pen Nib","Whetstone","Omamori","Lantern","War Paint","Oddly Smooth Stone"],"potions_floor_usage":[7,16,18,25,28,31,33,42,42,50],"damage_taken":[{"damage":3,"enemies":"Jaw Worm","floor":1,"turns":4},{"damage":0,"enemies":"Cultist","floor":4,"turns":4},{"damage":18,"enemies":"Lagavulin","floor":7,"turns":7},{"damage":0,"enemies":"2 Louse","floor":10,"turns":1},{"damage":0,"enemies":"The Mushroom Lair","floor":11,"turns":1},{"damage":17,"enemies":"Gremlin Nob","floor":13,"turns":4},{"damage":4,"enemies":"Exordium Wildlife","floor":14,"turns":2},{"damage":19,"enemies":"Slime Boss","floor":16,"turns":8},{"damage":18,"enemies":"3 Byrds","floor":18,"turns":5},{"damage":9,"enemies":"Shell Parasite","floor":21,"turns":4},{"damage":0,"enemies":"Snake Plant","floor":22,"turns":2},{"damage":34,"enemies":"Snecko","floor":25,"turns":6},{"damage":0,"enemies":"Chosen and Byrds","floor":27,"turns":4},{"damage":13,"enemies":"Slavers","floor":28,"turns":2},{"damage":16,"enemies":"Centurion and Healer","floor":31,"turns":3},{"damage":41,"enemies":"Champ","floor":33,"turns":8},{"damage":10,"enemies":"3 Darklings","floor":35,"turns":3},{"damage":0,"enemies":"Mind Bloom Boss Battle","floor":39,"turns":5},{"damage":0,"enemies":"Nemesis","floor":42,"turns":5},{"damage":0,"enemies":"3 Shapes","floor":47,"turns":1},{"damage":15,"enemies":"Jaw Worm Horde","floor":48,"turns":5},{"damage":63,"enemies":"Time Eater","floor":50,"turns":5}],"seed_played":"-8560167133510311501","potions_obtained":[{"floor":4,"key":"PowerPotion"},{"floor":7,"key":"Ancient Potion"},{"floor":16,"key":"Weak Potion"},{"floor":21,"key":"SpeedPotion"},{"floor":22,"key":"LiquidBronze"},{"floor":25,"key":"Energy Potion"},{"floor":31,"key":"FocusPotion"},{"floor":39,"key":"Poison Potion"},{"floor":48,"key":"Poison Potion"}],"is_trial":false,"path_per_floor":["M","?","?","M","$","R","E","R","T","M","?","$","E","M","R","B",null,"M","?","$","M","M","R","$","M","T","M","E","?","R","M","R","B",null,"M","?","?","T","?","R","$","E","T","?","R","$","M","M","R","B"],"character_chosen":"DEFECT","items_purchased":["Molten Egg 2","Go for the Eyes+1","Gash+1","Gash+1","Whetstone","SkillPotion","Self Repair"],"campfire_rested":2,"item_purchase_floors":[5,12,24,41,41,41,46],"current_hp_per_floor":[72,72,72,72,72,72,54,54,54,54,54,54,49,45,45,38,66,48,48,48,39,39,39,39,17,17,29,28,12,34,30,52,23,62,52,52,52,52,52,52,52,52,52,43,43,43,50,54,54,0],"gold":44,"neow_bonus":"BOSS_RELIC","is_prod":false,"is_daily":false,"chose_seed":false,"campfire_upgraded":2,"win_rate":0,"timestamp":1549038924,"path_taken":["M","?","?","M","$","R","E","R","T","?","?","?","E","M","R","BOSS","M","?","$","M","M","R","$","M","T","M","E","?","R","M","R","BOSS","M","?","?","?","?","R","$","E","T","?","R","?","M","M","R","BOSS"],"build_version":"2019-01-23","purchased_purges":3,"victory":false,"max_hp_per_floor":[75,75,75,75,75,75,75,75,75,75,75,75,75,75,75,75,75,75,75,75,75,75,75,75,75,75,75,75,75,75,75,75,75,75,75,75,75,75,75,75,75,75,75,75,75,75,75,75,75,75],"card_choices":[{"not_picked":["Barrage","Redo"],"picked":"Conserve Battery","floor":1},{"not_picked":["Gash","Lockon"],"picked":"FTL","floor":4},{"not_picked":["Redo","Conserve Battery"],"picked":"Hyperbeam+1","floor":7},{"not_picked":["Coolheaded","Stack"],"picked":"Turbo","floor":10},{"not_picked":["Coolheaded","Compile Driver+1"],"picked":"Streamline+1","floor":11},{"not_picked":["Cold Snap+1","Streamline+1"],"picked":"Scrape+1","floor":13},{"not_picked":["Conserve Battery","Hologram"],"picked":"Steam Power","floor":14},{"not_picked":["Meteor Strike+1","Electrodynamics"],"picked":"Machine Learning","floor":16},{"not_picked":["Loop","Consume"],"picked":"Go for the Eyes+1","floor":18},{"not_picked":["Doom and Gloom+1","Darkness","Rip and Tear+1"],"picked":"SKIP","floor":21},{"not_picked":["Hello World","Compile Driver+1","Auto Shields"],"picked":"SKIP","floor":22},{"not_picked":["Tempest","Melter+1","Compile Driver+1"],"picked":"SKIP","floor":25},{"not_picked":["Turbo+1","Chaos"],"picked":"Go for the Eyes+1","floor":27},{"not_picked":["Genetic Algorithm","Turbo+1"],"picked":"Machine Learning","floor":28},{"not_picked":["Compile Driver+1","Ball Lightning+1"],"picked":"Redo+1","floor":31},{"not_picked":["Rainbow","Hyperbeam+1"],"picked":"Seek","floor":33},{"not_picked":["Chaos+1","Compile Driver+1","Turbo"],"picked":"SKIP","floor":35},{"not_picked":["Compile Driver+1","Sweeping Beam+1"],"picked":"Glacier","floor":42},{"not_picked":["Cold Snap+1","Stack+1","Melter+1"],"picked":"SKIP","floor":47},{"not_picked":["Auto Shields+1","Conserve Battery+1"],"picked":"Scrape+1","floor":48}],"player_experience":124891,"relics_obtained":[{"floor":7,"key":"Ginger"},{"floor":9,"key":"Meat on the Bone"},{"floor":11,"key":"Odd Mushroom"},{"floor":13,"key":"Shovel"},{"floor":15,"key":"Turnip"},{"floor":23,"key":"Bronze Scales"},{"floor":26,"key":"PreservedInsect"},{"floor":28,"key":"Shuriken"},{"floor":29,"key":"Nilry\u0027s Codex"},{"floor":38,"key":"Bag of Marbles"},{"floor":39,"key":"Old Coin"},{"floor":40,"key":"Pen Nib"},{"floor":42,"key":"Omamori"},{"floor":43,"key":"Lantern"},{"floor":45,"key":"War Paint"},{"floor":49,"key":"Oddly Smooth Stone"}],"event_choices":[{"damage_healed":0,"gold_gain":175,"player_choice":"AGREE","damage_taken":0,"max_hp_gain":0,"max_hp_loss":0,"event_name":"Liars Game","floor":2,"gold_loss":0,"cards_obtained":["Doubt"]},{"cards_removed":["Doubt"],"damage_healed":0,"gold_gain":0,"player_choice":"Removed Curses","damage_taken":0,"max_hp_gain":0,"max_hp_loss":0,"event_name":"Fountain of Cleansing","floor":3,"gold_loss":0},{"damage_healed":0,"gold_gain":0,"player_choice":"Fought Mushrooms","damage_taken":0,"max_hp_gain":0,"max_hp_loss":0,"event_name":"Mushrooms","floor":11,"gold_loss":0},{"damage_healed":0,"gold_gain":0,"player_choice":"Read","damage_taken":0,"max_hp_gain":0,"max_hp_loss":0,"event_name":"The Library","floor":19,"gold_loss":0,"cards_obtained":["Gash"]},{"damage_healed":0,"gold_gain":0,"player_choice":"Obtained Book","damage_taken":16,"max_hp_gain":0,"max_hp_loss":0,"event_name":"Cursed Tome","floor":29,"gold_loss":0},{"cards_removed":["Dualcast"],"damage_healed":0,"gold_gain":0,"player_choice":"Removed Skill","damage_taken":0,"max_hp_gain":0,"max_hp_loss":0,"event_name":"Falling","floor":36,"gold_loss":0},{"damage_healed":0,"gold_gain":0,"player_choice":"Paid","damage_taken":0,"relics_obtained":["Red Mask"],"max_hp_gain":0,"max_hp_loss":0,"event_name":"Tomb of Lord Red Mask","floor":37,"gold_loss":238},{"damage_healed":0,"gold_gain":0,"player_choice":"Fight","damage_taken":0,"max_hp_gain":0,"max_hp_loss":0,"event_name":"MindBloom","floor":39,"gold_loss":0},{"damage_healed":0,"gold_gain":0,"player_choice":"Embrace Madness","damage_taken":9,"max_hp_gain":0,"max_hp_loss":0,"event_name":"Winding Halls","floor":44,"gold_loss":0,"cards_obtained":["Madness","Madness"]}],"is_beta":false,"boss_relics":[{"not_picked":["Cursed Key","Calling Bell"],"picked":"Runic Pyramid"},{"not_picked":["Coffee Dripper","White Beast Statue"],"picked":"Nuclear Battery"}],"items_purged_floors":[20,24,41],"is_endless":false,"potions_floor_spawned":[4,7,16,21,22,25,31,39,48],"killed_by":"Time Eater","ascension_level":5}