{"gold_per_floor":[118,134,144,144,55,72,72,72,72,86,86,86],"floor_reached":12,"playtime":210,"items_purged":[],"score":70,"play_id":"fcbca02d-dcc1-412c-9c4a-b6afcdc5ceb2","local_time":"20181127210507","is_ascension_mode":false,"campfire_choices":[{"data":"Body Slam","floor":7,"key":"SMITH"},{"data":"Hemokinesis","floor":11,"key":"SMITH"}],"neow_cost":"NONE","seed_source_timestamp":1423372875076,"circlet_count":0,"master_deck":["Strike_R","Strike_R","Strike_R","Strike_R","Defend_R","Defend_R","Defend_R","Defend_R","Bash","Anger","Havoc","Flex","Shrug It Off","Shrug It Off","Pummel","Body Slam+1","Hemokinesis+1"],"relics":["Burning Blood","Omamori"],"potions_floor_usage":[],"damage_taken":[{"damage":0,"enemies":"Cultist","floor":1,"turns":2},{"damage":5,"enemies":"Small Slimes","floor":2,"turns":3},{"damage":8,"enemies":"Jaw Worm","floor":3,"turns":3},{"damage":18,"enemies":"2 Fungi Beasts","floor":6,"turns":4},{"damage":8,"enemies":"Large Slime","floor":10,"turns":4},{"damage":27,"enemies":"Gremlin Gang","floor":12,"turns":5}],"seed_played":"5352374858685571089","potions_obtained":[{"floor":2,"key":"LiquidBronze"},{"floor":6,"key":"PowerPotion"}],"is_trial":false,"path_per_floor":["M","M","M","?","$","M","R","?","T","M","R","M"],"character_chosen":"IRONCLAD","items_purchased":["Shrug It Off","Pummel"],"campfire_rested":0,"item_purchase_floors":[5,5],"current_hp_per_floor":[80,80,78,78,78,66,66,59,59,57,57,30],"gold":86,"neow_bonus":"THREE_CARDS","is_prod":false,"is_daily":false,"chose_seed":false,"campfire_upgraded":2,"win_rate":0,"timestamp":1543359907,"path_taken":["M","M","M","?","$","M","R","?","T","M","R","M"],"build_version":"2018-11-15","purchased_purges":0,"victory":false,"max_hp_per_floor":[80,80,80,80,80,80,80,80,80,80,80,80],"card_choices":[{"not_picked":["Perfected Strike","Clothesline"],"picked":"Anger","floor":0},{"not_picked":["Iron Wave","Bloodletting"],"picked":"Havoc","floor":1},{"not_picked":["Warcry","Iron Wave"],"picked":"Flex","floor":2},{"not_picked":["Wild Strike","Clash"],"picked":"Shrug It Off","floor":3},{"not_picked":["True Grit","Heavy Blade"],"picked":"Body Slam","floor":6},{"not_picked":["Reckless Charge","True Grit"],"picked":"Hemokinesis","floor":10}],"player_experience":176100,"relics_obtained":[{"floor":9,"key":"Omamori"}],"event_choices":[{"damage_healed":0,"gold_gain":0,"player_choice":"Ignored","damage_taken":0,"max_hp_gain":0,"max_hp_loss":0,"event_name":"Liars Game","floor":4,"gold_loss":0},{"cards_removed":["Strike_R"],"damage_healed":0,"gold_gain":0,"player_choice":"Card Removal","damage_taken":7,"max_hp_gain":0,"max_hp_loss":0,"event_name":"Golden Wing","floor":8,"gold_loss":0}],"is_beta":false,"boss_relics":[],"items_purged_floors":[],"is_endless":false,"potions_floor_spawned":[2,6],"killed_by":"Gremlin Gang","ascension_level":0}