{"gold_per_floor":[112,122,47,60,60,60,90,90,113,123,23,41,52,72,72,175,175,187,187,200,224,224,224,258,258,281,313,313,2,21,56,56,161,161,172,190,202,25,38,70,70,105,105,105,136,236,252,265,265,265],"floor_reached":51,"playtime":1558,"items_purged":["Strike_R","Defend_R","Defend_R+1"],"score":1013,"play_id":"5fe74248-4027-4e92-b0e1-49f0a33be921","local_time":"20190204201003","is_ascension_mode":true,"campfire_choices":[{"data":"Bash","floor":6,"key":"SMITH"},{"data":"Infernal Blade","floor":8,"key":"SMITH"},{"data":"Whirlwind","floor":15,"key":"SMITH"},{"data":"Offering","floor":23,"key":"SMITH"},{"data":"Blood for Blood","floor":25,"key":"PURGE"},{"data":"Defend_R+1","floor":32,"key":"PURGE"},{"data":"Flex","floor":41,"key":"SMITH"},{"data":"Infernal Blade+1","floor":44,"key":"PURGE"},{"data":"Thunderclap+1","floor":49,"key":"PURGE"}],"neow_cost":"NONE","seed_source_timestamp":434048023123413,"circlet_count":0,"master_deck":["Bash+1","Whirlwind+1","Offering+1","Rampage+1","Flex+1"],"relics":["Burning Blood","Centennial Puzzle","War Paint","Coffee Dripper","Red Skull","Peace Pipe","Art of War","Molten Egg 2","Paper Frog","Blue Candle","Runic Dome","Blood Vial","Vajra","Frozen Egg 2","Darkstone Periapt"],"potions_floor_usage":[7,16,24,27,33,37,50],"damage_taken":[{"damage":0,"enemies":"Cultist","floor":1,"turns":2},{"damage":1,"enemies":"Jaw Worm","floor":2,"turns":4},{"damage":7,"enemies":"Small Slimes","floor":4,"turns":5},{"damage":26,"enemies":"Lagavulin","floor":7,"turns":5},{"damage":8,"enemies":"Gremlin Gang","floor":10,"turns":5},{"damage":4,"enemies":"Blue Slaver","floor":12,"turns":2},{"damage":0,"enemies":"Exordium Wildlife","floor":13,"turns":3},{"damage":0,"enemies":"3 Louse","floor":14,"turns":1},{"damage":28,"enemies":"Slime Boss","floor":16,"turns":8},{"damage":6,"enemies":"Spheric Guardian","floor":18,"turns":2},{"damage":6,"enemies":"3 Byrds","floor":20,"turns":2},{"damage":6,"enemies":"Gremlin Leader","floor":24,"turns":3},{"damage":18,"enemies":"Book of Stabbing","floor":27,"turns":2},{"damage":6,"enemies":"3 Cultists","floor":30,"turns":2},{"damage":8,"enemies":"Slavers","floor":31,"turns":2},{"damage":31,"enemies":"Champ","floor":33,"turns":4},{"damage":16,"enemies":"3 Shapes","floor":35,"turns":1},{"damage":6,"enemies":"3 Darklings","floor":36,"turns":1},{"damage":29,"enemies":"Writhing Mass","floor":37,"turns":3},{"damage":6,"enemies":"Jaw Worm Horde","floor":39,"turns":1},{"damage":6,"enemies":"Reptomancer","floor":40,"turns":2},{"damage":19,"enemies":"Giant Head","floor":42,"turns":3},{"damage":6,"enemies":"Nemesis","floor":45,"turns":1},{"damage":6,"enemies":"Sphere and 2 Shapes","floor":47,"turns":1},{"damage":6,"enemies":"Spire Growth","floor":48,"turns":1},{"damage":54,"enemies":"Time Eater","floor":50,"turns":3}],"seed_played":"5475632012798563795","potions_obtained":[{"floor":1,"key":"Swift Potion"},{"floor":2,"key":"FairyPotion"},{"floor":4,"key":"SpeedPotion"},{"floor":10,"key":"LiquidBronze"},{"floor":16,"key":"FairyPotion"},{"floor":24,"key":"Energy Potion"},{"floor":27,"key":"Swift Potion"},{"floor":36,"key":"Weak Potion"}],"is_trial":false,"path_per_floor":["M","M","$","M","?","R","E","R","T","M","$","M","M","M","R","B",null,"M","?","M","T","?","R","E","R","T","E","?","$","M","E","R","B",null,"M","M","M","$","M","E","R","E","T","R","E","?","M","M","R","B",null],"character_chosen":"IRONCLAD","items_purchased":["Rampage+1","Paper Frog","AttackPotion"],"campfire_rested":0,"item_purchase_floors":[29,29,38],"current_hp_per_floor":[80,80,80,79,72,72,52,52,52,50,50,52,58,64,64,42,80,80,80,80,80,80,80,80,80,80,68,68,68,68,66,66,41,80,70,70,47,47,47,47,47,36,36,36,38,38,40,42,42,14],"gold":265,"neow_bonus":"TRANSFORM_CARD","is_prod":false,"is_daily":false,"chose_seed":false,"campfire_upgraded":5,"win_rate":0,"timestamp":1549336203,"path_taken":["M","M","$","M","?","R","E","R","T","M","$","M","M","M","R","BOSS","M","?","?","?","?","R","E","R","T","E","?","$","M","E","R","BOSS","M","?","M","$","?","E","R","E","T","R","E","?","M","?","R","BOSS"],"build_version":"2019-01-23","purchased_purges":3,"victory":true,"max_hp_per_floor":[80,80,80,80,80,80,80,80,80,80,80,80,80,80,80,80,80,80,80,80,80,80,80,80,80,80,80,80,80,80,80,80,80,80,80,80,80,80,80,80,80,80,80,80,80,80,80,80,80,80],"card_choices":[{"not_picked":["Power Through","Flex","Sever Soul"],"picked":"SKIP","floor":1},{"not_picked":["Pummel","Flex","Searing Blow"],"picked":"SKIP","floor":2},{"not_picked":["Armaments","Heavy Blade","Sword Boomerang"],"picked":"SKIP","floor":4},{"not_picked":["Armaments","Clash","Warcry"],"picked":"SKIP","floor":7},{"not_picked":["Body Slam","Armaments","True Grit"],"picked":"SKIP","floor":10},{"not_picked":["Pommel Strike","Twin Strike"],"picked":"Whirlwind","floor":12},{"not_picked":["Clothesline","Reckless Charge","Iron Wave"],"picked":"SKIP","floor":13},{"not_picked":["Clothesline","Headbutt","Warcry"],"picked":"SKIP","floor":14},{"not_picked":["Demon Form","Limit Break"],"picked":"Offering","floor":16},{"not_picked":["Perfected Strike","Sword Boomerang","Clothesline"],"picked":"SKIP","floor":18},{"not_picked":["True Grit","Disarm","Thunderclap"],"picked":"SKIP","floor":20},{"not_picked":["Heavy Blade","Clash+1","Perfected Strike"],"picked":"SKIP","floor":24},{"not_picked":["Bloodletting+1","Body Slam","Headbutt"],"picked":"SKIP","floor":27},{"not_picked":["Sentinel","Impervious","Disarm"],"picked":"SKIP","floor":30},{"not_picked":["Disarm+1","True Grit+1","Metallicize"],"picked":"SKIP","floor":31},{"not_picked":["Armaments","Cleave+1","Body Slam+1"],"picked":"SKIP","floor":35},{"not_picked":["Rupture+1","Heavy Blade+1","Pummel+1"],"picked":"SKIP","floor":36},{"not_picked":["Anger+1","Pommel Strike+1","Flame Barrier+1"],"picked":"SKIP","floor":37},{"not_picked":["True Grit+1","Armaments+1","Power Through+1"],"picked":"SKIP","floor":39},{"not_picked":["Perfected Strike+1","True Grit+1"],"picked":"Flex","floor":40},{"not_picked":["Anger+1","Bloodletting+1","Fiend Fire+1"],"picked":"SKIP","floor":42},{"not_picked":["Heavy Blade+1","Anger+1","Rage+1"],"picked":"SKIP","floor":45},{"not_picked":["Havoc","Ghostly Armor+1"],"picked":"Thunderclap+1","floor":47},{"not_picked":["Rampage+1","Anger+1","True Grit"],"picked":"SKIP","floor":48}],"player_experience":1305345,"relics_obtained":[{"floor":7,"key":"Centennial Puzzle"},{"floor":9,"key":"War Paint"},{"floor":21,"key":"Red Skull"},{"floor":24,"key":"Peace Pipe"},{"floor":26,"key":"Art of War"},{"floor":27,"key":"Molten Egg 2"},{"floor":31,"key":"Blue Candle"},{"floor":40,"key":"Blood Vial"},{"floor":42,"key":"Vajra"},{"floor":43,"key":"Frozen Egg 2"},{"floor":45,"key":"Darkstone Periapt"}],"event_choices":[{"cards_removed":["Defend_R"],"damage_healed":0,"gold_gain":0,"player_choice":"Card Removal","damage_taken":7,"max_hp_gain":0,"max_hp_loss":0,"event_name":"Golden Wing","floor":5,"gold_loss":0},{"damage_healed":0,"gold_gain":0,"cards_transformed":["Strike_R"],"player_choice":"Transformed","damage_taken":0,"max_hp_gain":0,"max_hp_loss":0,"event_name":"Transmorgrifier","floor":19,"gold_loss":0,"cards_obtained":["Blood for Blood"]},{"cards_removed":["Strike_R"],"damage_healed":0,"gold_gain":0,"player_choice":"Elegance","damage_taken":0,"max_hp_gain":0,"max_hp_loss":0,"event_name":"Back to Basics","floor":22,"gold_loss":0},{"cards_removed":["Strike_R"],"damage_healed":0,"gold_gain":0,"player_choice":"Purged","damage_taken":0,"max_hp_gain":0,"max_hp_loss":0,"event_name":"Purifier","floor":28,"gold_loss":0},{"damage_healed":0,"gold_gain":100,"player_choice":"Pray","damage_taken":0,"max_hp_gain":0,"max_hp_loss":0,"event_name":"Golden Shrine","floor":46,"gold_loss":0}],"is_beta":true,"boss_relics":[{"not_picked":["White Beast Statue","Velvet Choker"],"picked":"Coffee Dripper"},{"not_picked":["Eternal Feather","Fusion Hammer"],"picked":"Runic Dome"}],"items_purged_floors":[3,11,38],"is_endless":false,"potions_floor_spawned":[1,2,4,10,16,24,27,36,40,45,47],"ascension_level":1}