{"path_per_floor":["M","$","M","M","?","E","R","M","T","R","?","?","$","?","R"],"character_chosen":"THE_SILENT","items_purchased":["Meat on the Bone","Footwork","Heel Hook"],"gold_per_floor":[366,53,73,92,92,132,132,152,176,176,251,280,28,28,28,28],"floor_reached":16,"campfire_rested":0,"playtime":601,"item_purchase_floors":[2,13,13],"current_hp_per_floor":[30,30,41,40,40,30,30,42,42,42,31,41,41,41,41,6],"items_purged":["Strike_G","Strike_G"],"gold":28,"score":172,"play_id":"3a8e63a4-e412-4416-b322-a7db6cabd671","local_time":"20180601021210","is_prod":false,"is_daily":false,"chose_seed":false,"is_ascension_mode":true,"campfire_upgraded":3,"win_rate":0,"timestamp":1527840730,"campfire_choices":[{"data":"Footwork","floor":7,"key":"SMITH"},{"data":"Sucker Punch","floor":10,"key":"SMITH"},{"data":"Dagger Spray","floor":15,"key":"SMITH"}],"path_taken":["M","$","M","M","?","E","R","M","T","R","?","?","$","?","R","BOSS"],"build_version":"2018-05-30v2","seed_source_timestamp":112578382248727,"purchased_purges":2,"victory":false,"master_deck":["Defend_G","Defend_G","Defend_G","Defend_G","Defend_G","Strike_G","Strike_G","Strike_G","Survivor","Neutralize","AscendersBane","Dagger Spray+1","Choke","Footwork+1","Sucker Punch+1","Doppelganger","Footwork+1","Heel Hook"],"max_hp_per_floor":[66,66,66,66,60,60,60,60,60,60,60,60,60,60,60,60],"relics":["Ring of the Snake","Meat on the Bone","Golden Idol","Ancient Tea Set","Juzu Bracelet","Odd Mushroom"],"card_choices":[{"not_picked":["Malaise","Slice"],"picked":"Dagger Spray","floor":1},{"not_picked":["Bane","Calculated Gamble"],"picked":"Choke","floor":3},{"not_picked":["Caltrops","PiercingWail"],"picked":"Footwork","floor":4},{"not_picked":["Storm of Steel","Dagger Spray"],"picked":"Sucker Punch","floor":6},{"not_picked":["Bouncing Flask","Bane","Deadly Poison"],"picked":"SKIP","floor":8},{"not_picked":["Poisoned Stab","Deadly Poison"],"picked":"Doppelganger","floor":12}],"player_experience":659131,"potions_floor_usage":[6,12],"damage_taken":[{"damage":0,"enemies":"2 Louse","floor":1,"turns":3},{"damage":1,"enemies":"Small Slimes","floor":3,"turns":3},{"damage":1,"enemies":"Jaw Worm","floor":4,"turns":3},{"damage":22,"enemies":"3 Sentries","floor":6,"turns":9},{"damage":0,"enemies":"Looter","floor":8,"turns":3},{"damage":2,"enemies":"The Mushroom Lair","floor":12,"turns":4},{"damage":35,"enemies":"Hexaghost","floor":16,"turns":11}],"relics_obtained":[{"floor":6,"key":"Ancient Tea Set"},{"floor":9,"key":"Juzu Bracelet"},{"floor":12,"key":"Odd Mushroom"}],"event_choices":[{"event_name":"Golden Idol","player_choice":"Lose Max HP","floor":5,"damage_taken":0},{"event_name":"World of Goop","player_choice":"Gather Gold","floor":11,"damage_taken":0},{"event_name":"Mushrooms","player_choice":"Fought Mushrooms","floor":12,"damage_taken":0},{"event_name":"Upgrade Shrine","player_choice":"Upgraded","floor":14,"damage_taken":0}],"boss_relics":[],"items_purged_floors":[2,13],"potions_floor_spawned":[1,6,12],"seed_played":"-3375391957487592022","killed_by":"Hexaghost","ascension_level":15,"potions_obtained":[{"floor":1,"key":"LiquidBronze"},{"floor":6,"key":"Block Potion"},{"floor":12,"key":"Explosive Potion"}],"is_trial":false}