{"gold_per_floor":[118,132,152,427,352,352,372,372,372,406,416,435,435,459,459,561,561,577,266,284,383,383],"floor_reached":22,"playtime":1920,"items_purged":["Regret","Regret"],"score":251,"play_id":"ff0722e4-b573-4945-8eac-07809fefb66d","local_time":"20190213005716","is_ascension_mode":true,"campfire_choices":[{"data":"Consume","floor":6.0,"key":"SMITH"},{"data":"Chill","floor":8.0,"key":"SMITH"},{"data":"1","floor":15.0,"key":"LIFT"}],"neow_cost":"NONE","seed_source_timestamp":128171862180434,"circlet_count":0,"master_deck":["Strike_B","Strike_B","Strike_B","Strike_B","Defend_B","Defend_B","Defend_B","Defend_B","Zap","Dualcast","Glacier","Consume+1","Chill+1","Tempest","Redo","Coolheaded","Regret","Regret","Buffer","Redo+1","Echo Form","Conserve Battery"],"special_seed":0,"relics":["Cursed Key","Girya","Smiling Mask","Pen Nib","Inserter","HandDrill"],"potions_floor_usage":[16,16],"damage_taken":[{"damage":0.0,"enemies":"Jaw Worm","floor":1.0,"turns":4.0},{"damage":0.0,"enemies":"Cultist","floor":2.0,"turns":5.0},{"damage":1.0,"enemies":"2 Louse","floor":3.0,"turns":2.0},{"damage":5.0,"enemies":"Exordium Wildlife","floor":7.0,"turns":7.0},{"damage":23.0,"enemies":"Gremlin Nob","floor":10.0,"turns":6.0},{"damage":3.0,"enemies":"Exordium Thugs","floor":11.0,"turns":4.0},{"damage":2.0,"enemies":"Blue Slaver","floor":12.0,"turns":3.0},{"damage":30,"enemies":"The Guardian","floor":16,"turns":9},{"damage":30,"enemies":"Shell Parasite","floor":18,"turns":7},{"damage":10,"enemies":"3 Byrds","floor":20,"turns":5},{"damage":22,"enemies":"Snake Plant","floor":22,"turns":2}],"seed_played":"-6133602415860262166","potions_obtained":[{"floor":2.0,"key":"Energy Potion"},{"floor":3.0,"key":"LiquidBronze"},{"floor":10.0,"key":"Poison Potion"},{"floor":11.0,"key":"Fire Potion"},{"floor":18,"key":"SteroidPotion"}],"is_trial":false,"path_per_floor":["M","M","M","?","$","R","M","R","T","E","M","M","?","T","R","B",null,"M","$","M","?","M"],"character_chosen":"DEFECT","items_purchased":["HandDrill","Echo Form"],"campfire_rested":0,"item_purchase_floors":[19,19],"current_hp_per_floor":[68,68,67,67,67,67,62,62,62,39,36,34,34,34,34,4,57,27,27,17,17,0],"gold":383,"neow_bonus":"BOSS_RELIC","is_prod":false,"is_daily":false,"chose_seed":false,"campfire_upgraded":2,"win_rate":0,"timestamp":1550015836,"path_taken":["M","M","M","?","$","R","?","R","T","E","M","M","?","?","R","BOSS","M","$","M","?","M"],"build_version":"2019-01-23","purchased_purges":2,"victory":false,"max_hp_per_floor":[75,75,75,75,75,75,75,75,75,75,75,75,75,75,75,75,75,75,75,75,75,75],"card_choices":[{"not_picked":["Streamline","Force Field"],"picked":"Glacier","floor":1.0},{"not_picked":["Doom and Gloom","Hologram"],"picked":"Consume","floor":2.0},{"not_picked":["Stack","Sunder","Sweeping Beam"],"picked":"SKIP","floor":3.0},{"not_picked":["Recycle","Genetic Algorithm"],"picked":"Chill","floor":7.0},{"not_picked":["Gash","Reinforced Body"],"picked":"Tempest","floor":10.0},{"not_picked":["Genetic Algorithm","Steam"],"picked":"Redo","floor":11.0},{"not_picked":["Gash","Force Field"],"picked":"Coolheaded","floor":12.0},{"not_picked":["Rainbow","All For One"],"picked":"Buffer","floor":16},{"not_picked":["Ball Lightning+1","Rebound"],"picked":"Redo+1","floor":18},{"not_picked":["Cold Snap+1","Sweeping Beam+1"],"picked":"Conserve Battery","floor":20}],"player_experience":159522,"relics_obtained":[{"floor":10.0,"key":"Girya"},{"floor":14.0,"key":"Pen Nib"}],"event_choices":[{"damage_healed":0.0,"max_hp_gain":0.0,"max_hp_loss":0.0,"gold_gain":275.0,"event_name":"Golden Shrine","player_choice":"Desecrate","floor":4.0,"gold_loss":0.0,"damage_taken":0.0,"cards_obtained":["Regret"]},{"damage_healed":0.0,"max_hp_gain":0.0,"max_hp_loss":0.0,"gold_gain":0.0,"event_name":"Big Fish","player_choice":"Box","floor":13.0,"gold_loss":0.0,"damage_taken":0.0,"relics_obtained":["Smiling Mask"],"cards_obtained":["Regret"]},{"damage_healed":0,"gold_gain":99,"player_choice":"Stole From Cult","damage_taken":0,"max_hp_gain":0,"max_hp_loss":0,"event_name":"Nest","floor":21,"gold_loss":0}],"is_beta":false,"boss_relics":[{"not_picked":["Snecko Eye","Runic Pyramid"],"picked":"Inserter"}],"items_purged_floors":[5,19],"is_endless":false,"potions_floor_spawned":[2,3,10,11,18],"killed_by":"Snake Plant","ascension_level":7}