{"gold_per_floor":[119,133,133,149,162,162,162,192,216,216,234,234,253,283,295,405,417,411,423,360,471,64,97,97,107,130,150,170,170,170],"floor_reached":30,"playtime":1782,"items_purged":["Strike_B"],"score":416,"play_id":"df765145-8646-419f-af60-f2de14777652","local_time":"20190218193310","is_ascension_mode":true,"campfire_choices":[{"floor":6,"key":"REST"},{"data":"Zap","floor":12,"key":"SMITH"},{"data":"Zap","floor":15,"key":"SMITH"},{"floor":24,"key":"REST"}],"neow_cost":"NONE","seed_source_timestamp":258227551779944,"circlet_count":0,"master_deck":["AscendersBane","Strike_B","Strike_B","Defend_B","Defend_B","Defend_B","Zap+1","Dualcast","Self Repair","Auto Shields","BootSequence","Cold Snap","Zap+1","Loop","Ball Lightning","Leap","Thunder Strike","Tempest","Melter","Coolheaded"],"relics":["Cracked Core","Smiling Mask","DataDisk","MawBank","Busted Crown","Thread and Needle","Letter Opener","Omamori"],"potions_floor_usage":[8,8,14,29,29],"damage_taken":[{"damage":1,"enemies":"Cultist","floor":1,"turns":3},{"damage":13,"enemies":"Jaw Worm","floor":2,"turns":4},{"damage":7,"enemies":"2 Louse","floor":4,"turns":3},{"damage":17,"enemies":"Lots of Slimes","floor":5,"turns":6},{"damage":26,"enemies":"3 Sentries","floor":8,"turns":9},{"damage":0,"enemies":"3 Louse","floor":11,"turns":3},{"damage":13,"enemies":"Blue Slaver","floor":13,"turns":3},{"damage":16,"enemies":"Lagavulin","floor":14,"turns":6},{"damage":5,"enemies":"The Guardian","floor":16,"turns":10},{"damage":21,"enemies":"2 Thieves","floor":18,"turns":4},{"damage":33,"enemies":"Gremlin Leader","floor":23,"turns":5},{"damage":0,"enemies":"Chosen","floor":25,"turns":3},{"damage":0,"enemies":"Snake Plant","floor":27,"turns":3},{"damage":11,"enemies":"Chosen and Byrds","floor":28,"turns":3},{"damage":13,"enemies":"Colosseum Slavers","floor":29,"turns":3},{"damage":0,"enemies":"Colosseum Nobs","floor":29,"turns":2},{"damage":46,"enemies":"Slavers","floor":30,"turns":3}],"seed_played":"-5964537681699612404","potions_obtained":[{"floor":2,"key":"Block Potion"},{"floor":4,"key":"Dexterity Potion"},{"floor":11,"key":"Fire Potion"},{"floor":13,"key":"PowerPotion"},{"floor":23,"key":"SteroidPotion"},{"floor":28,"key":"SmokeBomb"}],"is_trial":false,"path_per_floor":["M","M","?","M","M","R","?","E","T","?","M","R","M","E","R","B",null,"M","$","?","?","$","E","R","M","T","M","M","?","E"],"character_chosen":"DEFECT","items_purchased":["Tempest","Thread and Needle"],"campfire_rested":2,"item_purchase_floors":[22,22],"current_hp_per_floor":[74,68,61,61,51,75,75,56,56,56,56,56,50,41,41,43,72,58,58,58,58,58,32,56,63,63,63,52,46,0],"gold":170,"neow_bonus":"TEN_PERCENT_HP_BONUS","is_prod":false,"is_daily":false,"chose_seed":false,"campfire_upgraded":2,"win_rate":0,"timestamp":1550496790,"path_taken":["M","?","?","M","M","R","?","E","T","?","M","R","?","E","R","BOSS","M","$","?","?","?","E","R","M","T","?","M","?","E"],"build_version":"2019-01-23","purchased_purges":1,"victory":false,"max_hp_per_floor":[82,82,82,82,82,82,82,82,82,82,82,82,82,82,82,82,82,82,82,82,82,82,82,82,82,82,82,82,82,82],"card_choices":[{"not_picked":["Compile Driver","Recycle"],"picked":"Self Repair","floor":1},{"not_picked":["Barrage","Aggregate"],"picked":"Auto Shields","floor":2},{"not_picked":["Hologram","Scrape","Compile Driver"],"picked":"SKIP","floor":4},{"not_picked":["FTL","Static Discharge"],"picked":"BootSequence","floor":5},{"not_picked":["Go for the Eyes","Redo"],"picked":"Cold Snap","floor":8},{"not_picked":["Blizzard","Undo"],"picked":"Loop","floor":11},{"not_picked":["Fusion","Reprogram"],"picked":"Ball Lightning","floor":13},{"not_picked":["Doom and Gloom","Gash"],"picked":"Leap","floor":14},{"not_picked":["Multi-Cast","Machine Learning"],"picked":"Thunder Strike","floor":16},{"not_picked":["Scrape"],"picked":"SKIP","floor":18},{"not_picked":["Streamline"],"picked":"SKIP","floor":23},{"not_picked":[],"picked":"Melter","floor":25},{"not_picked":["Heatsinks"],"picked":"SKIP","floor":27},{"not_picked":[],"picked":"Coolheaded","floor":28}],"player_experience":826004,"relics_obtained":[{"floor":8,"key":"Smiling Mask"},{"floor":9,"key":"DataDisk"},{"floor":14,"key":"MawBank"},{"floor":23,"key":"Letter Opener"},{"floor":26,"key":"Omamori"}],"event_choices":[{"cards_removed":["Defend_B"],"damage_healed":0,"gold_gain":0,"player_choice":"Card Removal","damage_taken":7,"max_hp_gain":0,"max_hp_loss":0,"event_name":"Golden Wing","floor":3,"gold_loss":0},{"damage_healed":0,"gold_gain":0,"player_choice":"Ignored","damage_taken":0,"max_hp_gain":0,"max_hp_loss":0,"event_name":"Liars Game","floor":7,"gold_loss":0},{"damage_healed":0,"gold_gain":0,"player_choice":"1 cards matched","damage_taken":0,"max_hp_gain":0,"max_hp_loss":0,"event_name":"Match and Keep!","floor":10,"gold_loss":0,"cards_obtained":["Zap"]},{"cards_removed":["Strike_B"],"damage_healed":0,"gold_gain":0,"player_choice":"Gave Gold","damage_taken":0,"max_hp_gain":0,"max_hp_loss":0,"event_name":"Beggar","floor":20,"gold_loss":75},{"damage_healed":0,"gold_gain":99,"player_choice":"Stole From Cult","damage_taken":0,"max_hp_gain":0,"max_hp_loss":0,"event_name":"Nest","floor":21,"gold_loss":0},{"damage_healed":0,"gold_gain":0,"player_choice":"Fight","damage_taken":0,"max_hp_gain":0,"max_hp_loss":0,"event_name":"Colosseum","floor":29,"gold_loss":0},{"damage_healed":0,"gold_gain":0,"player_choice":"Fought Nobs","damage_taken":0,"max_hp_gain":0,"max_hp_loss":0,"event_name":"Colosseum","floor":29,"gold_loss":0}],"is_beta":false,"boss_relics":[{"not_picked":["Velvet Choker","Pandora\u0027s Box"],"picked":"Busted Crown"}],"items_purged_floors":[22],"is_endless":false,"potions_floor_spawned":[2,4,5,11,13,23,25,28],"killed_by":"Slavers","ascension_level":12}