{"gold_per_floor":[111,111,10,26,26,84,84,112,190,209,227,289,19,47,47,152,152,162,162,62,79,179,179,198,198,198,198,223,223,223,103,103,103],"floor_reached":33,"playtime":1271,"items_purged":["Strike_B","Regret","Normality","Regret"],"score":564,"play_id":"ac2a43eb-b300-4ad5-9b34-b1e4d28a8422","local_time":"20190213194337","is_ascension_mode":true,"campfire_choices":[{"data":"Core Surge","floor":7.0,"key":"SMITH"},{"data":"Hyperbeam","floor":15.0,"key":"SMITH"},{"data":"RitualDagger","floor":23.0,"key":"SMITH"},{"floor":27.0,"key":"REST"},{"floor":32.0,"key":"REST"}],"neow_cost":"NONE","seed_source_timestamp":196391646361531,"circlet_count":0,"master_deck":["Strike_B","Strike_B","Strike_B","Defend_B","Defend_B","Defend_B","Defend_B+1","Zap+1","Dualcast","Ball Lightning","Cold Snap","Ball Lightning","Core Surge+1","Steam Power","Leap","Glacier","Ball Lightning","Hyperbeam+1","Meteor Strike","Conserve Battery","Core Surge","Writhe","Double Energy+1","RitualDagger+1","Aggregate","FTL+1","Meteor Strike"],"special_seed":0,"relics":["Cracked Core","NeowsBlessing","Regal Pillow","Tiny Chest","Art of War","The Courier","Darkstone Periapt","Calling Bell","Juzu Bracelet","Kunai","Emotion Chip","Torii","Bottled Flame","Meat on the Bone","PreservedInsect","Pear"],"potions_floor_usage":[33],"damage_taken":[{"damage":0.0,"enemies":"Small Slimes","floor":1.0,"turns":1.0},{"damage":0.0,"enemies":"2 Louse","floor":4.0,"turns":1.0},{"damage":0.0,"enemies":"3 Sentries","floor":6.0,"turns":1.0},{"damage":18.0,"enemies":"Gremlin Nob","floor":8.0,"turns":3.0},{"damage":2.0,"enemies":"Jaw Worm","floor":10.0,"turns":3.0},{"damage":0.0,"enemies":"3 Louse","floor":11.0,"turns":2.0},{"damage":3.0,"enemies":"Gremlin Nob","floor":12.0,"turns":3.0},{"damage":0.0,"enemies":"Lagavulin","floor":14.0,"turns":6.0},{"damage":0.0,"enemies":"Slime Boss","floor":16.0,"turns":7.0},{"damage":7.0,"enemies":"Chosen","floor":18.0,"turns":4.0},{"damage":0.0,"enemies":"Spheric Guardian","floor":21.0,"turns":2.0},{"damage":6.0,"enemies":"Colosseum Slavers","floor":22.0,"turns":3.0},{"damage":35.0,"enemies":"Colosseum Nobs","floor":22.0,"turns":5.0},{"damage":26.0,"enemies":"Shelled Parasite and Fungi","floor":24.0,"turns":5.0},{"damage":0.0,"enemies":"Slavers","floor":25.0,"turns":1.0},{"damage":16.0,"enemies":"Book of Stabbing","floor":28.0,"turns":4.0},{"damage":101,"enemies":"Collector","floor":33,"turns":10}],"seed_played":"6072888793180675721","potions_obtained":[{"floor":1.0,"key":"SpeedPotion"},{"floor":6.0,"key":"Regen Potion"},{"floor":12.0,"key":"FocusPotion"},{"floor":14.0,"key":"Poison Potion"},{"floor":16.0,"key":"SteroidPotion"},{"floor":18.0,"key":"EssenceOfSteel"},{"floor":22.0,"key":"FearPotion"},{"floor":24.0,"key":"SmokeBomb"},{"floor":28.0,"key":"GamblersBrew"}],"is_trial":false,"path_per_floor":["M","?","$","M","?","E","R","E","T","M","M","?","$","E","R","B",null,"M","?","$","M","?","R","M","E","T","R","E","?","T","$","R","B"],"character_chosen":"DEFECT","items_purchased":["Cold Snap","Hyperbeam","Meteor Strike"],"campfire_rested":2,"item_purchase_floors":[3,13,13],"current_hp_per_floor":[68,53,53,53,53,53,53,35,35,33,33,30,30,45,45,45,86,79,73,73,73,32,32,6,6,6,48,44,44,54,54,99,0],"gold":103,"neow_bonus":"THREE_ENEMY_KILL","is_prod":false,"is_daily":false,"chose_seed":false,"campfire_upgraded":3,"win_rate":0,"timestamp":1550083417,"path_taken":["M","?","$","M","?","E","R","E","T","?","M","?","$","E","R","BOSS","M","?","$","M","?","R","M","E","T","R","E","?","?","?","R","BOSS"],"build_version":"2019-01-23","purchased_purges":4,"victory":false,"max_hp_per_floor":[75,75,75,75,75,75,75,75,75,75,75,75,75,75,75,75,93,93,93,93,93,93,93,93,93,93,93,93,93,103,103,103,103],"card_choices":[{"not_picked":["Auto Shields","Streamline"],"picked":"Ball Lightning","floor":1.0},{"not_picked":["Turbo","Machine Learning"],"picked":"Ball Lightning","floor":4.0},{"not_picked":["Gash","Stack"],"picked":"Core Surge","floor":6.0},{"not_picked":["Hello World","Sweeping Beam"],"picked":"Steam Power","floor":8.0},{"not_picked":["Go for the Eyes","Static Discharge"],"picked":"Leap","floor":10.0},{"not_picked":["Go for the Eyes","Gash"],"picked":"Glacier","floor":11.0},{"not_picked":["Beam Cell","Lockon"],"picked":"Ball Lightning","floor":12.0},{"not_picked":["Auto Shields","Steam"],"picked":"Conserve Battery","floor":14.0},{"not_picked":["Rainbow","Fission"],"picked":"Core Surge","floor":16.0},{"not_picked":["Leap","Loop"],"picked":"Double Energy+1","floor":18.0},{"not_picked":["Loop+1","Chaos","Redo"],"picked":"SKIP","floor":21.0},{"not_picked":["Conserve Battery+1","Skim+1"],"picked":"Aggregate","floor":22.0},{"not_picked":["Ball Lightning","Storm"],"picked":"FTL+1","floor":24.0},{"not_picked":["Streamline","Barrage","Storm"],"picked":"SKIP","floor":28.0}],"player_experience":169786,"relics_obtained":[{"floor":6.0,"key":"Tiny Chest"},{"floor":8.0,"key":"Art of War"},{"floor":12.0,"key":"The Courier"},{"floor":14.0,"key":"Darkstone Periapt"},{"floor":17.0,"key":"Juzu Bracelet"},{"floor":17.0,"key":"Kunai"},{"floor":17.0,"key":"Emotion Chip"},{"floor":22.0,"key":"Torii"},{"floor":22.0,"key":"Bottled Flame"},{"floor":26.0,"key":"Meat on the Bone"},{"floor":28.0,"key":"PreservedInsect"},{"floor":30.0,"key":"Pear"}],"event_choices":[{"damage_healed":0.0,"max_hp_gain":0.0,"max_hp_loss":0.0,"gold_gain":0.0,"event_name":"Shining Light","player_choice":"Entered Light","floor":2.0,"gold_loss":0.0,"damage_taken":15.0,"cards_upgraded":["Zap","Defend_B"]},{"damage_healed":0.0,"max_hp_gain":0.0,"max_hp_loss":0.0,"gold_gain":0.0,"event_name":"Big Fish","player_choice":"Box","floor":5.0,"gold_loss":0.0,"damage_taken":0.0,"relics_obtained":["Regal Pillow"],"cards_obtained":["Regret"]},{"damage_healed":0.0,"max_hp_gain":0.0,"max_hp_loss":0.0,"gold_gain":30.0,"event_name":"Dead Adventurer","player_choice":"Searched \u00272\u0027 times","floor":12.0,"gold_loss":0.0,"damage_taken":0.0},{"damage_healed":0.0,"max_hp_gain":0.0,"max_hp_loss":0.0,"gold_gain":0.0,"event_name":"Nest","player_choice":"Joined the Cult","floor":19.0,"gold_loss":0.0,"damage_taken":6.0,"cards_obtained":["RitualDagger"]},{"damage_healed":0.0,"max_hp_gain":0.0,"max_hp_loss":0.0,"gold_gain":0.0,"event_name":"Colosseum","player_choice":"Fight","floor":22.0,"gold_loss":0.0,"damage_taken":0.0},{"damage_healed":0.0,"max_hp_gain":0.0,"max_hp_loss":0.0,"gold_gain":0.0,"event_name":"Colosseum","player_choice":"Fought Nobs","floor":22.0,"gold_loss":0.0,"damage_taken":0.0},{"damage_healed":0.0,"max_hp_gain":0.0,"max_hp_loss":0.0,"gold_gain":0.0,"event_name":"The Library","player_choice":"Read","floor":29.0,"gold_loss":0.0,"damage_taken":0.0,"cards_obtained":["Meteor Strike"]}],"is_beta":false,"boss_relics":[{"not_picked":["Runic Pyramid","Tiny House"],"picked":"Calling Bell"}],"items_purged_floors":[3,13,20,31],"is_endless":false,"potions_floor_spawned":[1,6,12,14,16,18,22,24,28],"killed_by":"Collector","ascension_level":7}