{"gold_per_floor":[118,129,94,109,119,119,119,152,178,198,228,228,160,180,180,251,251,269,0,16,16],"floor_reached":21,"playtime":759,"items_purged":[],"score":363,"play_id":"3d0e23a9-9490-454a-8dc3-fb0b76413833","local_time":"20190101213142","is_ascension_mode":true,"campfire_choices":[{"data":"Flechettes","floor":6,"key":"SMITH"},{"data":"Predator","floor":12,"key":"SMITH"},{"data":"Neutralize","floor":15,"key":"SMITH"}],"neow_cost":"NONE","seed_source_timestamp":783619724892058,"circlet_count":0,"master_deck":["AscendersBane","Defend_G","Defend_G","Defend_G","Defend_G","Defend_G","Strike_G","Strike_G","Strike_G","Strike_G","Strike_G","Survivor","Neutralize+1","Backstab","Predator+1","Flechettes+1","Quick Slash","Terror","Doppelganger","Backstab","Envenom","PiercingWail","Well Laid Plans","Dodge and Roll","Calculated Gamble"],"relics":["Coffee Dripper","Centennial Puzzle","Paper Crane","Orichalcum","Singing Bowl","Cursed Key","Bronze Scales"],"potions_floor_usage":[5,8,11,14],"damage_taken":[{"damage":7,"enemies":"Jaw Worm","floor":1,"turns":6},{"damage":0,"enemies":"2 Louse","floor":2,"turns":2},{"damage":6,"enemies":"Cultist","floor":4,"turns":4},{"damage":4,"enemies":"Large Slime","floor":5,"turns":4},{"damage":6,"enemies":"Lagavulin","floor":8,"turns":6},{"damage":0,"enemies":"Exordium Wildlife","floor":10,"turns":2},{"damage":5,"enemies":"Gremlin Nob","floor":11,"turns":3},{"damage":1,"enemies":"Blue Slaver","floor":14,"turns":3},{"damage":24,"enemies":"Slime Boss","floor":16,"turns":6},{"damage":6,"enemies":"Chosen","floor":18,"turns":3},{"damage":15,"enemies":"Spheric Guardian","floor":20,"turns":4},{"damage":17,"enemies":"Snecko","floor":21,"turns":5}],"seed_played":"-4380733929481627561","potions_obtained":[{"floor":1,"key":"SteroidPotion"},{"floor":5,"key":"Dexterity Potion"},{"floor":10,"key":"Poison Potion"},{"floor":11,"key":"Block Potion"}],"is_trial":false,"path_per_floor":["M","M","?","M","M","R","T","E","T","M","E","R","?","M","R","B",null,"M","$","M","M"],"character_chosen":"THE_SILENT","items_purchased":["Well Laid Plans","Bronze Scales","Dodge and Roll"],"campfire_rested":0,"item_purchase_floors":[19,19,19],"current_hp_per_floor":[52,52,66,60,56,56,56,50,50,50,45,45,45,44,44,20,55,49,49,34,17],"gold":16,"neow_bonus":"BOSS_RELIC","is_prod":false,"is_daily":false,"chose_seed":false,"campfire_upgraded":3,"win_rate":0,"timestamp":1546403502,"path_taken":["M","M","?","M","M","R","?","E","T","M","E","R","?","M","R","BOSS","M","$","M","M"],"build_version":"2019-01-01","purchased_purges":0,"victory":false,"max_hp_per_floor":[66,66,66,66,66,66,66,66,66,66,66,66,66,66,66,66,66,66,66,66,66],"card_choices":[{"not_picked":["Slice","Eviscerate"],"picked":"Backstab","floor":1},{"not_picked":["Dagger Spray","Caltrops"],"picked":"Predator","floor":2},{"not_picked":["Flying Knee","Blade Dance","Deadly Poison"],"picked":"SKIP","floor":4},{"not_picked":["Outmaneuver","Blade Dance"],"picked":"Flechettes","floor":5},{"not_picked":["Sucker Punch","Prepared"],"picked":"Quick Slash","floor":8},{"not_picked":["Quick Slash","Calculated Gamble"],"picked":"Terror","floor":10},{"not_picked":["Blur","Expertise"],"picked":"Doppelganger","floor":11},{"not_picked":["Riddle With Holes","Prepared"],"picked":"Backstab","floor":14},{"not_picked":["Malaise","Unload"],"picked":"Envenom","floor":16},{"not_picked":["Escape Plan","Slice"],"picked":"PiercingWail","floor":18},{"not_picked":["Deadly Poison","Dodge and Roll"],"picked":"Calculated Gamble","floor":20}],"player_experience":1183050,"relics_obtained":[{"floor":7,"key":"Centennial Puzzle"},{"floor":8,"key":"Paper Crane"},{"floor":9,"key":"Orichalcum"},{"floor":11,"key":"Singing Bowl"}],"event_choices":[{"damage_healed":16,"gold_gain":0,"player_choice":"Healed","damage_taken":0,"max_hp_gain":0,"max_hp_loss":0,"event_name":"The Cleric","floor":3,"gold_loss":35},{"damage_healed":0,"gold_gain":0,"player_choice":"Left Gold","damage_taken":0,"max_hp_gain":0,"max_hp_loss":0,"event_name":"World of Goop","floor":13,"gold_loss":68}],"is_beta":true,"boss_relics":[{"not_picked":["WristBlade","Tiny House"],"picked":"Cursed Key"}],"items_purged_floors":[],"is_endless":false,"potions_floor_spawned":[1,5,10,11],"killed_by":"Snecko","ascension_level":18}