{"gold_per_floor":[109,129,129,147,0,0,32,32,114,144,157,107,137,155,155,250,250,261,261,186,197,197,231,250,268,268,268,296,296,312,214,514,610,610,624,624,644,644,102,102,130,147,147,147,202,222,242,272,272,272],"floor_reached":51,"playtime":2533,"items_purged":["Strike_R","Strike_R","Strike_R"],"score":878,"play_id":"e492e816-3b17-413f-a3ba-d5b7ba1ff4bd","local_time":"20180806071629","is_ascension_mode":true,"campfire_choices":[{"data":"Rampage","floor":6,"key":"SMITH"},{"data":"True Grit","floor":8,"key":"SMITH"},{"data":"Metallicize","floor":15,"key":"SMITH"},{"data":"Armaments","floor":27,"key":"SMITH"},{"floor":29,"key":"DIG"},{"floor":32,"key":"DIG"},{"data":"Double Tap","floor":40,"key":"SMITH"},{"data":"Corruption","floor":44,"key":"SMITH"},{"floor":49,"key":"DIG"}],"neow_cost":"NONE","seed_source_timestamp":1025947121604777,"circlet_count":0,"master_deck":["Defend_R+1","Defend_R+1","Defend_R","Bash","True Grit+1","Ghostly Armor","Headbutt","Rampage+1","Clothesline","Armaments+1","Metallicize+1","Double Tap+1","Headbutt","Offering","Battle Trance+1","Headbutt+1","Feel No Pain+1","Juggernaut","True Grit+1","Metallicize+1","Corruption+1","Decay","Pommel Strike+1"],"relics":["Burning Blood","War Paint","Bag of Marbles","Pear","Bag of Preparation","Blue Candle","Velvet Choker","Meat on the Bone","Smiling Mask","Shovel","Ornamental Fan","Boot","Old Coin","Cursed Key","Paper Frog","ClockworkSouvenir","Juzu Bracelet","Letter Opener","Vajra","Pen Nib"],"potions_floor_usage":[10,13,16,16,16,33,33,33,45,50,50,50],"damage_taken":[{"damage":5,"enemies":"2 Louse","floor":1,"turns":3},{"damage":4,"enemies":"Jaw Worm","floor":2,"turns":4},{"damage":0,"enemies":"Cultist","floor":4,"turns":4},{"damage":12,"enemies":"3 Sentries","floor":7,"turns":11},{"damage":28,"enemies":"Lagavulin","floor":10,"turns":6},{"damage":4,"enemies":"Lots of Slimes","floor":11,"turns":5},{"damage":0,"enemies":"3 Sentries","floor":13,"turns":4},{"damage":0,"enemies":"Blue Slaver","floor":14,"turns":5},{"damage":6,"enemies":"Slime Boss","floor":16,"turns":11},{"damage":0,"enemies":"Shell Parasite","floor":18,"turns":5},{"damage":8,"enemies":"Chosen","floor":21,"turns":6},{"damage":40,"enemies":"Book of Stabbing","floor":23,"turns":6},{"damage":22,"enemies":"Snecko","floor":24,"turns":4},{"damage":25,"enemies":"3 Cultists","floor":25,"turns":5},{"damage":20,"enemies":"Gremlin Leader","floor":28,"turns":6},{"damage":5,"enemies":"Sentry and Sphere","floor":30,"turns":5},{"damage":46,"enemies":"Automaton","floor":33,"turns":7},{"damage":13,"enemies":"3 Darklings","floor":35,"turns":4},{"damage":0,"enemies":"Orb Walker","floor":37,"turns":2},{"damage":40,"enemies":"Nemesis","floor":41,"turns":7},{"damage":0,"enemies":"Transient","floor":42,"turns":5},{"damage":17,"floor":45,"turns":5},{"damage":16,"enemies":"Flame Bruiser 2 Orb","floor":46,"turns":5},{"damage":6,"enemies":"4 Shapes","floor":47,"turns":4},{"damage":16,"enemies":"Giant Head","floor":48,"turns":6},{"damage":21,"enemies":"Time Eater","floor":50,"turns":9}],"seed_played":"-6198992384611734822","potions_obtained":[{"floor":7,"key":"LiquidBronze"},{"floor":11,"key":"AttackPotion"},{"floor":14,"key":"EntropicBrew"},{"floor":23,"key":"GamblersBrew"},{"floor":25,"key":"Swift Potion"},{"floor":28,"key":"Swift Potion"},{"floor":35,"key":"Strength Potion"},{"floor":47,"key":"Block Potion"},{"floor":48,"key":"Block Potion"}],"is_trial":false,"path_per_floor":["M","M","?","M","$","R","E","R","T","E","M","?","E","M","R","B",null,"M","?","$","M","?","E","M","M","T","R","E","R","M","$","R","B",null,"M","?","M","?","$","R","E","M","T","R","?","M","M","E","R","B"],"character_chosen":"IRONCLAD","items_purchased":["Rampage","Clothesline","Armaments","Block Potion","Paper Frog","ClockworkSouvenir","SpeedPotion"],"campfire_rested":0,"item_purchase_floors":[5,5,5,31,39,39,39],"current_hp_per_floor":[80,80,73,79,79,79,73,73,83,61,63,63,69,75,75,75,90,90,90,90,88,88,54,50,43,43,43,41,41,54,54,54,26,90,83,83,89,89,89,89,55,61,61,61,62,52,52,54,54,51],"gold":272,"neow_bonus":"RANDOM_COMMON_RELIC","is_prod":false,"is_daily":false,"chose_seed":false,"campfire_upgraded":6,"win_rate":0,"timestamp":1533561389,"path_taken":["M","M","?","?","$","R","E","R","T","E","M","?","E","M","R","BOSS","M","?","$","M","?","E","M","M","T","R","E","R","M","$","R","BOSS","M","?","?","?","$","R","E","M","T","R","?","M","M","E","R","BOSS"],"build_version":"2018-08-01","purchased_purges":3,"victory":true,"max_hp_per_floor":[80,80,80,80,80,80,80,80,90,90,90,90,90,90,90,90,90,90,90,90,90,90,90,90,90,90,90,90,90,90,90,90,90,90,90,90,90,90,90,90,90,90,90,90,90,90,90,90,90,90],"card_choices":[{"not_picked":["Headbutt","Wild Strike"],"picked":"True Grit","floor":1},{"not_picked":["Warcry","Heavy Blade"],"picked":"Ghostly Armor","floor":2},{"not_picked":["Warcry","Armaments"],"picked":"Headbutt","floor":4},{"not_picked":["Blood for Blood","Thunderclap","Dual Wield"],"picked":"SKIP","floor":7},{"not_picked":["Power Through","Anger","Heavy Blade"],"picked":"SKIP","floor":10},{"not_picked":["Cleave","Anger","Rupture"],"picked":"SKIP","floor":11},{"not_picked":["Perfected Strike","Heavy Blade","Wild Strike"],"picked":"SKIP","floor":13},{"not_picked":["Sword Boomerang","Shockwave"],"picked":"Metallicize","floor":14},{"not_picked":["Immolate","Bludgeon"],"picked":"Double Tap","floor":16},{"not_picked":["Anger+1","Sword Boomerang"],"picked":"Headbutt","floor":18},{"not_picked":["Rage","Sword Boomerang","Iron Wave"],"picked":"SKIP","floor":21},{"not_picked":["Armaments+1","Warcry","Bloodletting+1"],"picked":"SKIP","floor":23},{"not_picked":["Wild Strike","Seeing Red"],"picked":"Battle Trance+1","floor":24},{"not_picked":["Spot Weakness","Searing Blow"],"picked":"Headbutt+1","floor":25},{"not_picked":["Second Wind","Shockwave"],"picked":"Feel No Pain+1","floor":28},{"not_picked":["Flex","Armaments+1","Wild Strike+1"],"picked":"SKIP","floor":30},{"not_picked":["Immolate","Reaper"],"picked":"Juggernaut","floor":33},{"not_picked":["Twin Strike","Entrench","Thunderclap"],"picked":"SKIP","floor":35},{"not_picked":["Armaments+1","Heavy Blade"],"picked":"True Grit+1","floor":37},{"not_picked":["Perfected Strike","Cleave+1"],"picked":"Metallicize+1","floor":41},{"not_picked":["Shockwave","Iron Wave"],"picked":"Corruption","floor":42},{"not_picked":["Rage","Sentinel+1","Twin Strike"],"picked":"SKIP","floor":46},{"not_picked":["Body Slam+1","Clash+1"],"picked":"Pommel Strike+1","floor":47},{"not_picked":["Twin Strike","Feed","Rupture"],"picked":"SKIP","floor":48}],"player_experience":948908,"relics_obtained":[{"floor":7,"key":"Bag of Marbles"},{"floor":9,"key":"Pear"},{"floor":10,"key":"Bag of Preparation"},{"floor":13,"key":"Blue Candle"},{"floor":23,"key":"Smiling Mask"},{"floor":26,"key":"Shovel"},{"floor":28,"key":"Ornamental Fan"},{"floor":29,"key":"Boot"},{"floor":32,"key":"Old Coin"},{"floor":41,"key":"Juzu Bracelet"},{"floor":43,"key":"Letter Opener"},{"floor":48,"key":"Vajra"},{"floor":49,"key":"Pen Nib"}],"event_choices":[{"event_name":"Golden Wing","player_choice":"Card Removal","floor":3,"damage_taken":0},{"event_name":"The Cleric","player_choice":"Card Removal","floor":12,"damage_taken":0},{"event_name":"WeMeetAgain","player_choice":"Potion","floor":19,"damage_taken":0},{"event_name":"The Library","player_choice":"Read","floor":22,"damage_taken":0},{"event_name":"SecretPortal","player_choice":"Rejected Portal.","floor":36,"damage_taken":0},{"event_name":"Falling","player_choice":"Removed Skill","floor":38,"damage_taken":0},{"event_name":"Mysterious Sphere","player_choice":"Fight","floor":45,"damage_taken":0}],"is_beta":true,"boss_relics":[{"not_picked":["Black Blood","Philosopher\u0027s Stone"],"picked":"Velvet Choker"},{"not_picked":["Astrolabe","Sozu"],"picked":"Cursed Key"}],"items_purged_floors":[20,31,39],"is_endless":false,"potions_floor_spawned":[7,11,14,23,25,28,35,47,48],"ascension_level":1}