{"gold_per_floor":[114,114,39,51,62,62,91,91,117,117,145,145,162,87,87,158,158,168,168,182,182,18,18,0,25,25,39,39,39,55,5,5,76,76,93,113,129,45,145,145,162,162,214,214,230,81,81,115,115,115],"floor_reached":51,"playtime":2707,"items_purged":["Strike_G","Strike_G","Decay","Strike_G+1"],"score":1404,"play_id":"f8954b18-29b3-4423-b2e5-417f491f4ee1","local_time":"20190112142255","is_ascension_mode":true,"campfire_choices":[{"data":"Poisoned Stab","floor":6,"key":"SMITH"},{"data":"Dagger Spray","floor":10,"key":"SMITH"},{"data":"Well Laid Plans","floor":12,"key":"SMITH"},{"data":"Poisoned Stab","floor":15,"key":"SMITH"},{"data":"Bouncing Flask","floor":23,"key":"SMITH"},{"floor":29,"key":"REST"},{"data":"Footwork","floor":32,"key":"SMITH"},{"data":"Noxious Fumes","floor":40,"key":"SMITH"},{"data":"Footwork","floor":42,"key":"SMITH"},{"floor":47,"key":"REST"},{"data":"Noxious Fumes","floor":49,"key":"SMITH"}],"neow_cost":"NONE","seed_source_timestamp":244543832398823,"circlet_count":0,"master_deck":["AscendersBane","Defend_G","Defend_G","Defend_G","Defend_G","Defend_G","Survivor+1","Neutralize+1","Well Laid Plans+1","Sucker Punch+1","Poisoned Stab+1","Dagger Spray+1","Bullet Time","Poisoned Stab+1","After Image","Bouncing Flask+1","Footwork+1","PiercingWail","Blur+1","Footwork+1","Backflip","Dagger Spray+1","Noxious Fumes+1","Noxious Fumes+1"],"relics":["Ring of the Serpent","Orichalcum","Omamori","Ninja Scroll","Busted Crown","Smiling Mask","Gremlin Horn","Oddly Smooth Stone","Strawberry","Gambling Chip","Whetstone","FossilizedHelix"],"potions_floor_usage":[7,16,16,33,35,41,48,50,50],"damage_taken":[{"damage":10,"enemies":"Jaw Worm","floor":1,"turns":6},{"damage":0,"enemies":"Small Slimes","floor":4,"turns":5},{"damage":0,"enemies":"2 Louse","floor":5,"turns":3},{"damage":16,"enemies":"Gremlin Nob","floor":7,"turns":4},{"damage":8,"enemies":"3 Sentries","floor":11,"turns":9},{"damage":0,"enemies":"Lots of Slimes","floor":13,"turns":1},{"damage":2,"enemies":"Slime Boss","floor":16,"turns":8},{"damage":6,"enemies":"Spheric Guardian","floor":18,"turns":5},{"damage":0,"enemies":"3 Byrds","floor":20,"turns":5},{"damage":36,"enemies":"Book of Stabbing","floor":25,"turns":6},{"damage":5,"enemies":"Cultist and Chosen","floor":27,"turns":6},{"damage":0,"enemies":"Centurion and Healer","floor":30,"turns":8},{"damage":3,"enemies":"Champ","floor":33,"turns":14},{"damage":0,"enemies":"3 Darklings","floor":35,"turns":6},{"damage":1,"enemies":"Orb Walker","floor":36,"turns":4},{"damage":0,"enemies":"Sphere and 2 Shapes","floor":37,"turns":5},{"damage":0,"enemies":"Mind Bloom Boss Battle","floor":39,"turns":7},{"damage":11,"enemies":"Maw","floor":41,"turns":7},{"damage":15,"enemies":"4 Shapes","floor":45,"turns":7},{"damage":0,"enemies":"Reptomancer","floor":48,"turns":6},{"damage":0,"enemies":"Time Eater","floor":50,"turns":13}],"seed_played":"-811856775489883823","potions_obtained":[{"floor":1,"key":"Swift Potion"},{"floor":7,"key":"Block Potion"},{"floor":13,"key":"FearPotion"},{"floor":25,"key":"Strength Potion"},{"floor":27,"key":"Swift Potion"},{"floor":33,"key":"Poison Potion"},{"floor":36,"key":"Poison Potion"},{"floor":41,"key":"SpeedPotion"},{"floor":48,"key":"Poison Potion"}],"is_trial":false,"path_per_floor":["M","?","?","M","M","R","E","?","T","R","E","R","M","$","R","B",null,"M","?","M","?","$","R","?","E","T","M","?","R","M","$","R","B",null,"M","M","M","$","?","R","M","R","T","?","M","$","R","E","R","B",null],"character_chosen":"THE_SILENT","items_purchased":["Footwork","PiercingWail","Noxious Fumes","Noxious Fumes","Dexterity Potion"],"campfire_rested":2,"item_purchase_floors":[22,22,38,46,46],"current_hp_per_floor":[49,49,49,49,49,49,33,33,33,33,25,25,25,25,25,23,55,49,49,49,49,49,49,49,13,20,15,15,36,36,36,36,33,63,63,62,62,62,62,62,51,51,51,51,36,36,56,56,56,56],"gold":115,"neow_bonus":"UPGRADE_CARD","is_prod":false,"is_daily":false,"chose_seed":false,"campfire_upgraded":9,"win_rate":0,"timestamp":1547328175,"path_taken":["M","?","?","M","M","R","E","?","T","R","E","R","?","$","R","BOSS","M","?","M","?","$","R","?","E","T","M","?","R","M","?","R","BOSS","M","?","M","?","?","R","M","R","T","?","M","$","R","E","R","BOSS"],"build_version":"2019-01-10","purchased_purges":4,"victory":true,"max_hp_per_floor":[66,66,66,66,66,66,66,66,66,66,66,66,66,66,66,66,66,66,66,66,66,66,66,66,66,73,73,73,73,73,73,73,73,73,73,73,73,73,73,73,73,73,73,69,69,69,69,69,69,69],"card_choices":[{"not_picked":["Catalyst","Bane"],"picked":"Well Laid Plans","floor":1},{"not_picked":["Well Laid Plans","PiercingWail"],"picked":"Sucker Punch","floor":4},{"not_picked":["Outmaneuver","Dodge and Roll"],"picked":"Poisoned Stab","floor":5},{"not_picked":["Deflect","Escape Plan"],"picked":"Dagger Spray","floor":7},{"not_picked":["Deflect","Terror"],"picked":"Bullet Time","floor":11},{"not_picked":["Bane","Infinite Blades"],"picked":"Poisoned Stab","floor":13},{"not_picked":["Storm of Steel","Bullet Time"],"picked":"After Image","floor":16},{"not_picked":[],"picked":"Bouncing Flask","floor":18},{"not_picked":["Flechettes"],"picked":"SKIP","floor":20},{"not_picked":[],"picked":"Blur+1","floor":25},{"not_picked":[],"picked":"Footwork","floor":27},{"not_picked":[],"picked":"Backflip","floor":30},{"not_picked":[],"picked":"Dagger Spray+1","floor":35},{"not_picked":["Masterful Stab"],"picked":"SKIP","floor":36},{"not_picked":["Underhanded Strike"],"picked":"SKIP","floor":37},{"not_picked":["PiercingWail"],"picked":"SKIP","floor":41},{"not_picked":["PiercingWail"],"picked":"SKIP","floor":41},{"not_picked":["Predator"],"picked":"SKIP","floor":45},{"not_picked":["Backstab"],"picked":"SKIP","floor":48}],"player_experience":1194611,"relics_obtained":[{"floor":7,"key":"Orichalcum"},{"floor":9,"key":"Omamori"},{"floor":11,"key":"Ninja Scroll"},{"floor":25,"key":"Oddly Smooth Stone"},{"floor":26,"key":"Strawberry"},{"floor":39,"key":"Gambling Chip"},{"floor":43,"key":"Whetstone"},{"floor":48,"key":"FossilizedHelix"}],"event_choices":[{"damage_healed":0,"gold_gain":0,"player_choice":"Grow","damage_taken":0,"max_hp_gain":0,"max_hp_loss":0,"event_name":"Living Wall","floor":2,"gold_loss":0,"cards_upgraded":["Survivor"]},{"cards_removed":["Strike_G"],"damage_healed":0,"gold_gain":0,"player_choice":"Card Removal","damage_taken":0,"max_hp_gain":0,"max_hp_loss":0,"event_name":"The Cleric","floor":3,"gold_loss":75},{"cards_removed":["Strike_G"],"damage_healed":0,"gold_gain":0,"player_choice":"Offered Basic","damage_taken":0,"max_hp_gain":0,"max_hp_loss":0,"event_name":"Bonfire Elementals","floor":8,"gold_loss":0},{"damage_healed":0,"gold_gain":0,"player_choice":"Opened","damage_taken":0,"relics_obtained":["Smiling Mask"],"max_hp_gain":0,"max_hp_loss":0,"event_name":"The Mausoleum","floor":19,"gold_loss":0,"cards_obtained":["Writhe"]},{"damage_healed":0,"gold_gain":0,"player_choice":"Stole Relic","damage_taken":0,"relics_obtained":["Gremlin Horn"],"max_hp_gain":0,"max_hp_loss":0,"event_name":"Addict","floor":21,"gold_loss":0,"cards_obtained":["Shame"]},{"damage_healed":0,"gold_gain":0,"player_choice":"Paid Fearfully","damage_taken":0,"max_hp_gain":0,"max_hp_loss":0,"event_name":"Masked Bandits","floor":24,"gold_loss":18},{"damage_healed":0,"gold_gain":0,"player_choice":"Smashed Altar","damage_taken":0,"max_hp_gain":0,"max_hp_loss":0,"event_name":"Forgotten Altar","floor":28,"gold_loss":0,"cards_obtained":["Decay"]},{"damage_healed":0,"gold_gain":0,"player_choice":"Fight","damage_taken":0,"max_hp_gain":0,"max_hp_loss":0,"event_name":"MindBloom","floor":39,"gold_loss":0},{"damage_healed":0,"gold_gain":0,"player_choice":"Max HP","damage_taken":0,"max_hp_gain":0,"max_hp_loss":4,"event_name":"Winding Halls","floor":44,"gold_loss":0}],"is_beta":true,"boss_relics":[{"not_picked":["Lizard Tail","WristBlade"],"picked":"Busted Crown"},{"not_picked":["White Beast Statue","Eternal Feather"],"picked":"Ring of the Serpent"}],"items_purged_floors":[14,22,31,46],"is_endless":false,"potions_floor_spawned":[1,7,13,25,27,33,36,41,45,48],"ascension_level":18}