{"gold_per_floor":[114,34,34,45,56,56,84,84,135,135,135],"floor_reached":11,"playtime":325,"items_purged":[],"score":124,"play_id":"2f016d33-ba7c-47fd-b67a-3a2c0fe4d9df","local_time":"20180919164353","is_ascension_mode":true,"campfire_choices":[{"data":"Whirlwind","floor":6,"key":"SMITH"},{"data":"Exhume","floor":8,"key":"SMITH"}],"neow_cost":"NONE","seed_source_timestamp":596048243502612,"circlet_count":0,"master_deck":["Strike_R","Strike_R","Strike_R","Strike_R","Strike_R","Defend_R","Defend_R","Defend_R","Defend_R","Bash+1","AscendersBane","Sword Boomerang","Exhume+1","Whirlwind+1"],"relics":["Burning Blood","Juzu Bracelet","Bag of Marbles","Vajra","Omamori"],"potions_floor_usage":[7],"damage_taken":[{"damage":11,"enemies":"Jaw Worm","floor":1,"turns":4},{"damage":1,"enemies":"Cultist","floor":4,"turns":3},{"damage":9,"enemies":"2 Louse","floor":5,"turns":3},{"damage":20,"enemies":"3 Sentries","floor":7,"turns":4},{"damage":3,"enemies":"Blue Slaver","floor":11,"turns":2}],"seed_played":"-2507491645708442279","potions_obtained":[{"floor":5,"key":"PowerPotion"},{"floor":7,"key":"Explosive Potion"}],"is_trial":false,"path_per_floor":["M","?","?","M","M","R","E","R","T","?"],"character_chosen":"IRONCLAD","items_purchased":[],"campfire_rested":0,"item_purchase_floors":[],"current_hp_per_floor":[63,63,63,68,65,65,51,51,51,6,3],"gold":135,"neow_bonus":"UPGRADE_CARD","is_prod":false,"is_daily":false,"chose_seed":false,"campfire_upgraded":2,"win_rate":0,"timestamp":1537397033,"path_taken":["M","?","?","M","M","R","E","R","T","?","M"],"build_version":"2018-09-18v3","purchased_purges":0,"victory":false,"max_hp_per_floor":[75,75,75,75,75,75,75,75,75,75,75],"card_choices":[{"not_picked":["Pommel Strike","Searing Blow"],"picked":"Sword Boomerang","floor":1},{"not_picked":["Second Wind","Warcry","Blood for Blood"],"picked":"SKIP","floor":4},{"not_picked":["Thunderclap","Second Wind"],"picked":"Whirlwind","floor":5},{"not_picked":["Warcry","Intimidate","Berserk"],"picked":"SKIP","floor":7}],"player_experience":1038241,"relics_obtained":[{"floor":7,"key":"Bag of Marbles"},{"floor":9,"key":"Vajra"}],"event_choices":[{"event_name":"WeMeetAgain","player_choice":"Gold","floor":2,"damage_taken":0},{"event_name":"Match and Keep!","player_choice":"1 cards matched","floor":3,"damage_taken":0},{"event_name":"Scrap Ooze","player_choice":"success","floor":10,"damage_taken":45}],"is_beta":true,"boss_relics":[],"items_purged_floors":[],"is_endless":false,"potions_floor_spawned":[5,7],"killed_by":"Blue Slaver","ascension_level":15}