{"gold_per_floor":[114,39,49,67,86,86,160,191,191,204,204,304,304,324,324,419,419,436,454,469,486,130,162,162,162],"floor_reached":25,"playtime":2893,"items_purged":["Strike_B","Defend_B"],"score":288,"play_id":"4299f9ac-288b-40ff-88b6-1e971156d4f9","local_time":"20190126174352","is_ascension_mode":true,"campfire_choices":[{"data":"Skim","floor":6,"key":"SMITH"},{"data":"Electrodynamics","floor":11,"key":"SMITH"},{"data":"Zap","floor":13,"key":"SMITH"},{"data":"Dualcast","floor":15,"key":"SMITH"},{"data":"Fission","floor":24,"key":"SMITH"}],"neow_cost":"TEN_PERCENT_HP_LOSS","seed_source_timestamp":269684413574013,"circlet_count":0,"master_deck":["Strike_B","Strike_B","Strike_B","Defend_B","Defend_B","Defend_B","Zap+1","Dualcast+1","Steam","Leap","Hologram","Skim+1","Electrodynamics+1","Conserve Battery","Turbo","Fission+1","Streamline","Defragment+1","White Noise+1","Glacier+1","Ball Lightning","Go for the Eyes"],"relics":["Cracked Core","Unceasing Top","Mummified Hand","Bronze Scales","Letter Opener","Sozu","HandDrill","StoneCalendar"],"potions_floor_usage":[8,16,16],"damage_taken":[{"damage":0,"enemies":"Cultist","floor":1,"turns":4},{"damage":0,"enemies":"2 Louse","floor":3,"turns":2},{"damage":4,"enemies":"Small Slimes","floor":4,"turns":3},{"damage":0,"enemies":"Blue Slaver","floor":5,"turns":5},{"damage":50,"enemies":"Gremlin Nob","floor":8,"turns":5},{"damage":1,"enemies":"2 Fungi Beasts","floor":10,"turns":2},{"damage":0,"enemies":"3 Louse","floor":14,"turns":1},{"damage":3,"enemies":"The Guardian","floor":16,"turns":10},{"damage":4,"enemies":"Chosen","floor":18,"turns":4},{"damage":0,"enemies":"Spheric Guardian","floor":19,"turns":3},{"damage":17,"enemies":"Centurion and Healer","floor":20,"turns":5},{"damage":33,"enemies":"Snecko","floor":21,"turns":6},{"damage":0,"enemies":"Gremlin Leader","floor":23,"turns":3},{"damage":24,"enemies":"Slavers","floor":25,"turns":1}],"seed_played":"5629844839261611464","potions_obtained":[{"floor":3,"key":"Swift Potion"},{"floor":10,"key":"Fire Potion"},{"floor":14,"key":"FearPotion"}],"is_trial":false,"path_per_floor":["M","$","M","M","M","R","T","E","T","M","R","?","R","M","R","B",null,"M","M","M","M","$","E","R","E"],"character_chosen":"DEFECT","items_purchased":["Ball Lightning","HandDrill"],"campfire_rested":0,"item_purchase_floors":[22,22],"current_hp_per_floor":[68,68,68,64,64,64,64,14,14,13,13,13,13,13,13,10,68,64,64,47,14,14,14,14,0],"gold":162,"neow_bonus":"ONE_RARE_RELIC","is_prod":false,"is_daily":false,"chose_seed":false,"campfire_upgraded":5,"win_rate":0,"timestamp":1548521032,"path_taken":["M","$","M","?","M","R","?","E","T","M","R","?","R","M","R","BOSS","M","M","?","M","$","E","R","E"],"build_version":"2019-01-23","purchased_purges":2,"victory":false,"max_hp_per_floor":[68,68,68,68,68,68,68,68,68,68,68,68,68,68,68,68,68,68,68,68,68,68,68,68,68],"card_choices":[{"not_picked":["Coolheaded","Ball Lightning"],"picked":"Steam","floor":1},{"not_picked":["Barrage","Rebound"],"picked":"Leap","floor":3},{"not_picked":["Heatsinks","Sweeping Beam"],"picked":"Hologram","floor":4},{"not_picked":["Coolheaded","Compile Driver"],"picked":"Skim","floor":5},{"not_picked":["Recycle","Stack"],"picked":"Electrodynamics","floor":8},{"not_picked":["Barrage","Stack"],"picked":"Conserve Battery","floor":10},{"not_picked":["Cold Snap","Steam"],"picked":"Turbo","floor":14},{"not_picked":["Reboot","Hyperbeam"],"picked":"Fission","floor":16},{"not_picked":["Ball Lightning","Beam Cell"],"picked":"Streamline","floor":18},{"not_picked":["Sweeping Beam+1","Heatsinks"],"picked":"Defragment+1","floor":19},{"not_picked":["Skim","Reinforced Body"],"picked":"White Noise+1","floor":20},{"not_picked":["Force Field+1","Gash+1"],"picked":"Glacier+1","floor":21},{"not_picked":["Redo","Core Surge"],"picked":"Go for the Eyes","floor":23}],"player_experience":94012,"relics_obtained":[{"floor":7,"key":"Mummified Hand"},{"floor":8,"key":"Bronze Scales"},{"floor":9,"key":"Letter Opener"},{"floor":23,"key":"StoneCalendar"}],"event_choices":[{"damage_healed":0,"gold_gain":100,"player_choice":"Pray","damage_taken":0,"max_hp_gain":0,"max_hp_loss":0,"event_name":"Golden Shrine","floor":12,"gold_loss":0}],"is_beta":false,"boss_relics":[{"not_picked":["Eternal Feather","Cursed Key"],"picked":"Sozu"}],"items_purged_floors":[2,22],"is_endless":false,"potions_floor_spawned":[3,10,14,19,21],"killed_by":"Slavers","ascension_level":3}