{"gold_per_floor":[111,111,126,143,68,96,21,55,55,55,68,68,81,81,81,81],"floor_reached":16,"playtime":440,"items_purged":["Defend_B"],"score":179,"play_id":"6d843bcd-63fc-4bc4-8681-ec277e10803b","local_time":"20190203155416","is_ascension_mode":true,"campfire_choices":[{"data":"Zap","floor":10,"key":"SMITH"},{"data":"Defend_B","floor":15,"key":"SMITH"}],"neow_cost":"NONE","seed_source_timestamp":0,"circlet_count":0,"master_deck":["Strike_B+1","Strike_B","Strike_B+1","Defend_B+1","Defend_B+1","Zap+1","Dualcast","All For One"],"special_seed":0,"relics":["Cracked Core","Bottled Lightning","Whetstone","Sundial"],"potions_floor_usage":[6,11,14],"damage_taken":[{"damage":3,"enemies":"Jaw Worm","floor":1,"turns":3},{"damage":3,"enemies":"2 Louse","floor":3,"turns":2},{"damage":1,"enemies":"Cultist","floor":4,"turns":3},{"damage":21,"enemies":"Lagavulin","floor":6,"turns":6},{"damage":22,"enemies":"Gremlin Nob","floor":8,"turns":4},{"damage":5,"enemies":"3 Louse","floor":11,"turns":2},{"damage":11,"enemies":"Exordium Thugs","floor":13,"turns":4},{"damage":0,"enemies":"3 Sentries","floor":14,"turns":1},{"damage":0,"enemies":"The Guardian","floor":16,"turns":1}],"seed_played":"-7832914005747158625","potions_obtained":[{"floor":4,"key":"PowerPotion"},{"floor":8,"key":"SteroidPotion"},{"floor":11,"key":"SmokeBomb"}],"is_trial":false,"path_per_floor":["M","?","M","M","$","E","$","E","T","R","M","?","M","E","R","B"],"character_chosen":"DEFECT","items_purchased":["All For One"],"campfire_rested":0,"item_purchase_floors":[5],"current_hp_per_floor":[72,72,69,68,68,47,47,25,25,25,20,20,9,9,9,9],"gold":81,"neow_bonus":"TRANSFORM_CARD","is_prod":false,"is_daily":false,"chose_seed":false,"campfire_upgraded":2,"win_rate":0,"timestamp":1549234456,"path_taken":["M","?","M","M","$","E","$","E","T","R","M","?","?","E","R","BOSS"],"build_version":"2019-01-23","purchased_purges":1,"victory":false,"max_hp_per_floor":[75,75,75,75,75,75,75,75,75,75,75,75,75,75,75,75],"card_choices":[{"not_picked":["Ball Lightning","Rip and Tear","Capacitor"],"picked":"SKIP","floor":1},{"not_picked":["Stack","Beam Cell","Steam"],"picked":"SKIP","floor":3},{"not_picked":["Steam","Cold Snap","Go for the Eyes"],"picked":"SKIP","floor":4},{"not_picked":["Stack","Turbo","Buffer"],"picked":"SKIP","floor":6},{"not_picked":["Rebound","Beam Cell","Go for the Eyes"],"picked":"SKIP","floor":8},{"not_picked":["Reinforced Body","Cold Snap","Recycle"],"picked":"SKIP","floor":11},{"not_picked":["Leap","Cold Snap","Barrage"],"picked":"SKIP","floor":13}],"player_experience":1303527,"relics_obtained":[{"floor":6,"key":"Bottled Lightning"},{"floor":8,"key":"Whetstone"},{"floor":9,"key":"Sundial"}],"event_choices":[{"cards_removed":["Defend_B"],"damage_healed":0,"gold_gain":0,"player_choice":"Forget","damage_taken":0,"max_hp_gain":0,"max_hp_loss":0,"event_name":"Living Wall","floor":2,"gold_loss":0},{"damage_healed":0,"gold_gain":0,"player_choice":"Forge","damage_taken":0,"max_hp_gain":0,"max_hp_loss":0,"event_name":"Accursed Blacksmith","floor":12,"gold_loss":0,"cards_upgraded":["Defend_B"]}],"is_beta":true,"boss_relics":[],"items_purged_floors":[7],"is_endless":false,"potions_floor_spawned":[4,8,11,14],"killed_by":"The Guardian","ascension_level":1}