{"gold_per_floor":[113,124,124,38,51,51,64,96,120,120,134,134,58,73,73,163,163,181,231,156,172,172,172,206,206,231,231,250,250,4,4,4,99,99,113,134,1133,803,803,803,803,803,803,816,816,829,161,199,199,199,199],"floor_reached":52,"playtime":3313,"items_purged":["Strike_B+1","Normality","Normality"],"score":1842,"play_id":"b2152b8e-df46-408a-9888-137e2ba2682b","local_time":"20190217181416","is_ascension_mode":true,"campfire_choices":[{"data":"Zap","floor":6,"key":"SMITH"},{"floor":10,"key":"REST"},{"data":"Capacitor","floor":15,"key":"SMITH"},{"data":"Auto Shields","floor":23,"key":"SMITH"},{"floor":25,"key":"REST"},{"data":"Echo Form","floor":27,"key":"SMITH"},{"floor":32,"key":"REST"},{"data":"Defragment","floor":40,"key":"SMITH"},{"data":"Discovery","floor":42,"key":"SMITH"},{"floor":45,"key":"REST"},{"floor":49,"key":"REST"}],"neow_cost":"NONE","seed_source_timestamp":338987673284900,"circlet_count":0,"master_deck":["AscendersBane","Strike_B+1","Defend_B+1","Defend_B+1","Defend_B+1","Defend_B+1","Zap+1","Dualcast+1","Capacitor+1","Cold Snap+1","Auto Shields+1","Glacier","FTL","Coolheaded","All For One","FTL","Echo Form+1","Glacier","Defragment+1","Buffer","Gash","Hologram+1","All For One","Discovery+1","Cold Snap","Steam Power","Go for the Eyes","Seek","Turbo","Loop+1"],"relics":["Cracked Core","Omamori","Whetstone","Juzu Bracelet","Golden Idol","Cursed Key","WarpedTongs","Vajra","Regal Pillow","Bronze Scales","Sozu","Turnip","PreservedInsect"],"potions_floor_usage":[7,14,24,24,31,48],"damage_taken":[{"damage":4,"enemies":"Small Slimes","floor":1,"turns":3},{"damage":4,"enemies":"Jaw Worm","floor":2,"turns":3},{"damage":6,"enemies":"2 Louse","floor":5,"turns":3},{"damage":5,"enemies":"Gremlin Gang","floor":7,"turns":7},{"damage":8,"enemies":"3 Sentries","floor":8,"turns":14},{"damage":6,"enemies":"Looter","floor":11,"turns":3},{"damage":0,"enemies":"Exordium Wildlife","floor":14,"turns":2},{"damage":24,"enemies":"The Guardian","floor":16,"turns":12},{"damage":16,"enemies":"Shell Parasite","floor":18,"turns":5},{"damage":0,"enemies":"Spheric Guardian","floor":21,"turns":6},{"damage":27,"enemies":"Slavers","floor":24,"turns":14},{"damage":15,"enemies":"Shelled Parasite and Fungi","floor":28,"turns":4},{"damage":6,"enemies":"Colosseum Slavers","floor":31,"turns":7},{"damage":31,"enemies":"Collector","floor":33,"turns":15},{"damage":0,"enemies":"3 Shapes","floor":35,"turns":6},{"damage":0,"enemies":"3 Darklings","floor":36,"turns":7},{"damage":33,"enemies":"4 Shapes","floor":44,"turns":4},{"damage":11,"enemies":"Sphere and 2 Shapes","floor":46,"turns":4},{"damage":0,"enemies":"Reptomancer","floor":48,"turns":8},{"damage":25,"enemies":"Awakened One","floor":50,"turns":14},{"damage":40,"enemies":"Time Eater","floor":51,"turns":15}],"seed_played":"-3222578566452643433","potions_obtained":[{"floor":2,"key":"Weak Potion"},{"floor":14,"key":"Fruit Juice"},{"floor":16,"key":"PowerPotion"},{"floor":21,"key":"Swift Potion"},{"floor":28,"key":"Weak Potion"},{"floor":33,"key":"PowerPotion"}],"is_trial":false,"path_per_floor":["M","M","?","$","M","R","M","E","T","R","M","?","$","M","R","B",null,"M","?","?","M","?","R","E","R","T","R","M","?","$","?","R","B",null,"M","M","?","$","?","R","?","R","T","M","R","M","$","E","R","B","B",null],"character_chosen":"DEFECT","items_purchased":["Auto Shields","All For One","Bronze Scales","All For One","Discovery","Cold Snap","Seek","Turnip","Turbo"],"campfire_rested":5,"item_purchase_floors":[4,13,30,38,38,38,47,47,47],"current_hp_per_floor":[60,56,35,35,29,29,24,16,16,37,31,31,31,36,36,12,55,39,39,39,39,39,39,12,32,32,32,17,17,17,11,46,15,56,56,56,56,56,56,56,56,56,56,23,58,47,47,47,69,44,4],"gold":199,"neow_bonus":"RANDOM_COMMON_RELIC","is_prod":false,"is_daily":false,"chose_seed":false,"campfire_upgraded":6,"win_rate":0,"timestamp":1550452456,"path_taken":["M","M","?","$","M","R","M","E","T","R","M","?","$","M","R","BOSS","M","?","?","M","?","R","E","R","T","R","M","?","$","?","R","BOSS","M","M","?","$","?","R","?","R","T","M","R","M","$","E","R","BOSS","BOSS"],"build_version":"2019-02-06","purchased_purges":3,"victory":true,"max_hp_per_floor":[71,71,71,71,71,71,71,71,71,71,71,64,64,69,69,69,69,69,69,69,69,69,69,69,69,69,69,69,69,69,69,69,69,69,69,69,69,69,69,69,69,69,69,69,69,69,69,69,69,69,69],"card_choices":[{"not_picked":["Rebound","Gash"],"picked":"Capacitor","floor":1},{"not_picked":["Turbo","Gash"],"picked":"Cold Snap","floor":2},{"not_picked":["Steam Power","Barrage","Chaos"],"picked":"SKIP","floor":5},{"not_picked":["Cold Snap","Hello World"],"picked":"Glacier","floor":7},{"not_picked":["Lockon","Redo"],"picked":"FTL","floor":8},{"not_picked":["Streamline","Hyperbeam"],"picked":"Coolheaded","floor":11},{"not_picked":["Steam","Barrage"],"picked":"FTL","floor":14},{"not_picked":["Fission","Hyperbeam"],"picked":"Echo Form","floor":16},{"not_picked":["Sweeping Beam","Reinforced Body"],"picked":"Glacier","floor":18},{"not_picked":["Redo","Tempest","Scrape+1"],"picked":"SKIP","floor":21},{"not_picked":["Melter","Rip and Tear","Sweeping Beam"],"picked":"SKIP","floor":24},{"not_picked":["Fusion","Beam Cell"],"picked":"Defragment","floor":28},{"not_picked":["Hyperbeam","Machine Learning"],"picked":"Buffer","floor":33},{"not_picked":["Sweeping Beam+1","Turbo"],"picked":"Gash","floor":35},{"not_picked":["Coolheaded","Compile Driver+1"],"picked":"Hologram+1","floor":36},{"not_picked":["Leap","Hello World","Coolheaded"],"picked":"SKIP","floor":44},{"not_picked":["Beam Cell","Sweeping Beam"],"picked":"Go for the Eyes","floor":46},{"not_picked":["Barrage+1","Streamline"],"picked":"Loop+1","floor":48}],"player_experience":1333146,"relics_obtained":[{"floor":8,"key":"Whetstone"},{"floor":9,"key":"Juzu Bracelet"},{"floor":24,"key":"Vajra"},{"floor":26,"key":"Regal Pillow"},{"floor":48,"key":"PreservedInsect"}],"event_choices":[{"damage_healed":0,"gold_gain":0,"player_choice":"Entered Light","damage_taken":21,"max_hp_gain":0,"max_hp_loss":0,"event_name":"Shining Light","floor":3,"gold_loss":0,"cards_upgraded":["Defend_B","Dualcast"]},{"damage_healed":0,"gold_gain":0,"player_choice":"Lose Max HP","damage_taken":0,"relics_obtained":["Golden Idol"],"max_hp_gain":0,"max_hp_loss":7,"event_name":"Golden Idol","floor":12,"gold_loss":0},{"damage_healed":0,"gold_gain":50,"player_choice":"Stole From Cult","damage_taken":0,"max_hp_gain":0,"max_hp_loss":0,"event_name":"Nest","floor":19,"gold_loss":0},{"cards_removed":["Strike_B"],"damage_healed":0,"gold_gain":0,"player_choice":"Gave Gold","damage_taken":0,"max_hp_gain":0,"max_hp_loss":0,"event_name":"Beggar","floor":20,"gold_loss":75},{"damage_healed":0,"gold_gain":0,"player_choice":"Rummage","damage_taken":0,"relics_obtained":["WarpedTongs"],"max_hp_gain":0,"max_hp_loss":0,"event_name":"Accursed Blacksmith","floor":22,"gold_loss":0,"cards_obtained":["Pain"]},{"damage_healed":0,"gold_gain":0,"player_choice":"Simplicity","damage_taken":0,"max_hp_gain":0,"max_hp_loss":0,"event_name":"Back to Basics","floor":29,"gold_loss":0,"cards_upgraded":["Strike_B","Strike_B","Defend_B","Defend_B","Defend_B"]},{"damage_healed":0,"gold_gain":0,"player_choice":"Fight","damage_taken":0,"max_hp_gain":0,"max_hp_loss":0,"event_name":"Colosseum","floor":31,"gold_loss":0},{"damage_healed":0,"gold_gain":0,"player_choice":"Fled From Nobs","damage_taken":0,"max_hp_gain":0,"max_hp_loss":0,"event_name":"Colosseum","floor":31,"gold_loss":0},{"damage_healed":0,"gold_gain":999,"player_choice":"Gold","damage_taken":0,"max_hp_gain":0,"max_hp_loss":0,"event_name":"MindBloom","floor":37,"gold_loss":0,"cards_obtained":["Normality","Normality"]},{"damage_healed":0,"gold_gain":0,"player_choice":"Ignored","damage_taken":0,"max_hp_gain":0,"max_hp_loss":0,"event_name":"Tomb of Lord Red Mask","floor":39,"gold_loss":0},{"damage_healed":0,"gold_gain":0,"cards_transformed":["Strike_B"],"player_choice":"Transformed","damage_taken":0,"max_hp_gain":0,"max_hp_loss":0,"event_name":"Transmorgrifier","floor":41,"gold_loss":0,"cards_obtained":["Steam Power"]}],"is_beta":true,"boss_relics":[{"not_picked":["Ectoplasm","Coffee Dripper"],"picked":"Cursed Key"},{"not_picked":["Calling Bell","Lizard Tail"],"picked":"Sozu"}],"items_purged_floors":[30,38,47],"is_endless":false,"potions_floor_spawned":[2,14,16,21,28,31,33,44,46],"ascension_level":20}