{"gold_per_floor":[110,110,121,131,131,131,18,18,18,35,110,139,139,168,168,271,271,291,291,303,319,333,333,333,333,333,333,359,369,369,400,400,497,497,516,536,536,68,68,68,1,35,35,35,61,77,77,2,2,2],"floor_reached":51,"playtime":2429,"items_purged":["Strike_G"],"score":863,"play_id":"0ce9b2b5-f50f-4bed-a537-c787559266e0","local_time":"20180731074820","is_ascension_mode":true,"campfire_choices":[{"data":"Neutralize","floor":6,"key":"SMITH"},{"data":"Caltrops","floor":8,"key":"SMITH"},{"data":"Cloak And Dagger","floor":13,"key":"SMITH"},{"data":"Cloak And Dagger","floor":15,"key":"SMITH"},{"floor":23,"key":"REST"},{"data":"Blade Dance","floor":25,"key":"SMITH"},{"data":"Burst","floor":27,"key":"SMITH"},{"data":"Backflip","floor":30,"key":"SMITH"},{"floor":32,"key":"REST"},{"data":"Choke","floor":40,"key":"SMITH"},{"floor":44,"key":"REST"},{"floor":47,"key":"REST"},{"floor":49,"key":"REST"}],"neow_cost":"","seed_source_timestamp":509581069721527,"circlet_count":0,"master_deck":["Defend_G","Defend_G","Defend_G","Defend_G","Defend_G","Strike_G","Strike_G","Survivor","Neutralize+1","Cloak And Dagger+1","Cloak And Dagger+1","Caltrops+1","Predator","PiercingWail","Deflect","Terror","Burst+1","All Out Attack+1","Blade Dance+1","Backflip+1","Finisher","Flying Knee+1","Tactician+1","Envenom","Accuracy+1","Blur+1","Choke+1","Infinite Blades","Madness","Madness","Caltrops","Crippling Poison+1","Backflip+1","Caltrops"],"relics":["Ring of the Snake","Darkstone Periapt","Pen Nib","Bronze Scales","Snecko Eye","Ice Cream","Sundial","Vajra","Boot","Sozu","Shuriken","Pantograph","Matryoshka","Du-Vu Doll"],"potions_floor_usage":[4,10,14,16,21,33],"damage_taken":[{"damage":2,"enemies":"Cultist","floor":1,"turns":5},{"damage":0,"enemies":"Jaw Worm","floor":3,"turns":3},{"damage":0,"enemies":"2 Louse","floor":4,"turns":5},{"damage":5,"enemies":"Exordium Thugs","floor":10,"turns":5},{"damage":3,"enemies":"3 Sentries","floor":12,"turns":10},{"damage":1,"enemies":"Gremlin Nob","floor":14,"turns":4},{"damage":0,"enemies":"Hexaghost","floor":16,"turns":8},{"damage":5,"enemies":"2 Thieves","floor":18,"turns":3},{"damage":28,"enemies":"Spheric Guardian","floor":20,"turns":6},{"damage":18,"enemies":"Slaver and Parasite","floor":21,"turns":5},{"damage":0,"enemies":"Snake Plant","floor":22,"turns":3},{"damage":0,"enemies":"Gremlin Leader","floor":28,"turns":6},{"damage":2,"enemies":"3 Cultists","floor":29,"turns":4},{"damage":30,"enemies":"Slavers","floor":31,"turns":5},{"damage":11,"enemies":"Champ","floor":33,"turns":12},{"damage":4,"enemies":"3 Shapes","floor":35,"turns":6},{"damage":5,"enemies":"3 Darklings","floor":36,"turns":3},{"damage":25,"enemies":"2 Orb Walkers","floor":42,"turns":5},{"damage":24,"enemies":"Giant Head","floor":45,"turns":7},{"damage":7,"enemies":"Transient","floor":46,"turns":5},{"damage":101,"enemies":"Awakened One","floor":50,"turns":10}],"seed_played":"-2556419858628411263","potions_obtained":[{"floor":1,"key":"EssenceOfSteel"},{"floor":4,"key":"Poison Potion"},{"floor":12,"key":"GhostInAJar"},{"floor":14,"key":"SpeedPotion"},{"floor":18,"key":"LiquidBronze"},{"floor":20,"key":"Ancient Potion"},{"floor":28,"key":"FairyPotion"},{"floor":31,"key":"SpeedPotion"}],"is_trial":false,"path_per_floor":["M","?","M","M","?","R","$","R","T","M","?","E","R","E","R","B",null,"M","?","M","M","M","R","?","R","T","R","E","M","R","E","R","B",null,"M","M","?","$","?","R","$","E","T","R","E","M","R","$","R","B"],"character_chosen":"THE_SILENT","items_purchased":["Caltrops","Predator","Shuriken","Choke","Infinite Blades","Caltrops","Caltrops"],"campfire_rested":5,"item_purchase_floors":[7,7,38,38,38,41,48],"current_hp_per_floor":[68,68,68,68,68,68,68,68,68,63,52,49,49,48,48,48,70,65,65,37,19,19,40,40,40,40,40,40,38,38,8,29,18,70,66,61,54,54,45,45,45,20,20,41,17,10,31,31,52,7],"gold":2,"neow_bonus":"","is_prod":false,"is_daily":false,"chose_seed":false,"campfire_upgraded":8,"win_rate":0,"timestamp":1533044900,"path_taken":["M","?","?","M","?","R","$","R","T","M","?","E","R","E","R","BOSS","M","?","M","M","M","R","?","R","T","R","E","?","R","E","R","BOSS","M","M","?","$","?","R","?","E","T","R","E","M","R","$","R","BOSS"],"build_version":"2018-07-30","purchased_purges":1,"victory":true,"max_hp_per_floor":[70,70,70,70,70,70,70,70,70,70,70,70,70,70,70,70,70,70,70,70,70,70,70,70,70,70,70,70,70,70,70,70,70,70,70,70,70,70,70,70,70,70,70,70,70,70,70,70,70,70],"card_choices":[{"not_picked":["Leg Sweep","Bane"],"picked":"Cloak And Dagger","floor":1},{"not_picked":["Heel Hook","Outmaneuver","Bane"],"picked":"SKIP","floor":3},{"not_picked":["Dagger Spray","Poisoned Stab"],"picked":"Cloak And Dagger","floor":4},{"not_picked":["Quick Slash","Predator"],"picked":"PiercingWail","floor":10},{"not_picked":["Acrobatics","Predator"],"picked":"Deflect","floor":12},{"not_picked":["Bouncing Flask","Doppelganger"],"picked":"Terror","floor":14},{"not_picked":["Die Die Die","Tools of the Trade"],"picked":"Burst","floor":16},{"not_picked":["Dagger Spray","Eviscerate"],"picked":"All Out Attack+1","floor":18},{"not_picked":["Deadly Poison","Dagger Throw"],"picked":"Blade Dance","floor":20},{"not_picked":["Prepared+1","Acrobatics"],"picked":"Backflip","floor":21},{"not_picked":["Escape Plan","Endless Agony"],"picked":"Finisher","floor":22},{"not_picked":["PiercingWail+1","Sucker Punch"],"picked":"Flying Knee+1","floor":28},{"not_picked":["Escape Plan","Unload","Quick Slash"],"picked":"SKIP","floor":29},{"not_picked":["Underhanded Strike","Prepared"],"picked":"Tactician+1","floor":31},{"not_picked":["Adrenaline","Venomology"],"picked":"Envenom","floor":33},{"not_picked":["Flechettes","Heel Hook"],"picked":"Accuracy+1","floor":35},{"not_picked":["Dodge and Roll+1","Quick Slash"],"picked":"Blur+1","floor":36},{"not_picked":["Quick Slash+1","Eviscerate"],"picked":"Crippling Poison+1","floor":42},{"not_picked":["Acrobatics","Flechettes"],"picked":"Backflip+1","floor":45},{"not_picked":["Heel Hook+1","Flying Knee+1","Endless Agony"],"picked":"SKIP","floor":46}],"player_experience":885765,"relics_obtained":[{"floor":9,"key":"Darkstone Periapt"},{"floor":12,"key":"Pen Nib"},{"floor":14,"key":"Bronze Scales"},{"floor":26,"key":"Sundial"},{"floor":28,"key":"Vajra"},{"floor":31,"key":"Boot"},{"floor":42,"key":"Pantograph"},{"floor":43,"key":"Matryoshka"},{"floor":45,"key":"Du-Vu Doll"}],"event_choices":[{"event_name":"Living Wall","player_choice":"Forget","floor":2,"damage_taken":0},{"event_name":"Bonfire Elementals","player_choice":"BASIC","floor":5,"damage_taken":0},{"event_name":"World of Goop","player_choice":"Gather Gold","floor":11,"damage_taken":0},{"event_name":"The Mausoleum","player_choice":"Yes","floor":19,"damage_taken":0},{"event_name":"The Woman in Blue","player_choice":"Bought 0 Potions","floor":24,"damage_taken":0},{"event_name":"Wheel of Change","player_choice":"Damage","floor":37,"damage_taken":0},{"event_name":"Winding Halls","player_choice":"Embrace Madness","floor":39,"damage_taken":0}],"is_beta":true,"boss_relics":[{"not_picked":["Coffee Dripper","White Beast Statue"],"picked":"Snecko Eye"},{"not_picked":["Calling Bell","Black Star"],"picked":"Sozu"}],"items_purged_floors":[38],"is_endless":false,"potions_floor_spawned":[1,4,12,14,18,20,28,31,35,36,45,46],"ascension_level":1}