{"gold_per_floor":[118,134,154,154,167,202,202,214,214,239,239,18,35,49,49,128,128,139,139,154,166,24,24,34,34,86,120,120],"floor_reached":28,"playtime":1202,"items_purged":["Strike_G"],"score":572,"play_id":"0d590068-a271-42d1-8e83-6842a4515140","local_time":"20180803174911","is_ascension_mode":true,"campfire_choices":[{"data":"Neutralize","floor":7,"key":"SMITH"},{"data":"After Image","floor":11,"key":"SMITH"},{"data":"Catalyst","floor":15,"key":"SMITH"},{"data":"Footwork","floor":23,"key":"SMITH"}],"neow_cost":"NONE","seed_source_timestamp":806066264205999,"circlet_count":0,"master_deck":["Defend_G+1","Defend_G+1","Defend_G+1","Defend_G+1","Defend_G+1","Strike_G+1","Survivor","Neutralize+1","AscendersBane","Bouncing Flask","Well Laid Plans","PiercingWail","Noxious Fumes","Noxious Fumes","After Image+1","Poisoned Stab","Catalyst+1","Deflect","Corpse Explosion","All Out Attack+1","Cloak And Dagger+1","Terror+1","Footwork+1","Backflip","Dodge and Roll","Footwork","Bouncing Flask+1"],"relics":["Ring of the Snake","Regal Pillow","Kunai","Mercury Hourglass","Astrolabe","Dream Catcher","Toxic Egg 2"],"potions_floor_usage":[5,8,10,13,21,27,27],"damage_taken":[{"damage":2,"enemies":"Cultist","floor":1,"turns":5},{"damage":5,"enemies":"Small Slimes","floor":2,"turns":3},{"damage":1,"enemies":"2 Louse","floor":3,"turns":3},{"damage":1,"enemies":"Blue Slaver","floor":5,"turns":3},{"damage":15,"enemies":"Lagavulin","floor":6,"turns":6},{"damage":7,"enemies":"Lots of Slimes","floor":8,"turns":4},{"damage":16,"enemies":"Gremlin Nob","floor":10,"turns":4},{"damage":0,"enemies":"Gremlin Gang","floor":13,"turns":2},{"damage":9,"enemies":"Exordium Wildlife","floor":14,"turns":5},{"damage":0,"enemies":"Hexaghost","floor":16,"turns":7},{"damage":0,"enemies":"Spheric Guardian","floor":18,"turns":3},{"damage":0,"enemies":"3 Byrds","floor":20,"turns":3},{"damage":9,"enemies":"Snake Plant","floor":21,"turns":4},{"damage":0,"enemies":"Centurion and Healer","floor":24,"turns":5},{"damage":26,"enemies":"Slavers","floor":27,"turns":6},{"damage":27,"enemies":"Cultist and Chosen","floor":28,"turns":4}],"seed_played":"6602119052255797874","potions_obtained":[{"floor":2,"key":"SpeedPotion"},{"floor":3,"key":"Explosive Potion"},{"floor":8,"key":"LiquidBronze"},{"floor":14,"key":"Block Potion"},{"floor":21,"key":"Poison Potion"},{"floor":24,"key":"EssenceOfSteel"}],"is_trial":false,"path_per_floor":["M","M","M","?","M","E","R","M","T","E","R","$","M","M","R","B",null,"M","?","M","M","$","R","M","$","T","E"],"character_chosen":"THE_SILENT","items_purchased":["Poisoned Stab","Block Potion","Explosive Potion","Footwork","Backflip","Dodge and Roll"],"campfire_rested":0,"item_purchase_floors":[12,12,12,22,22,22],"current_hp_per_floor":[63,58,57,72,71,56,56,49,49,33,33,33,33,24,24,24,60,60,60,60,51,51,51,51,51,51,25,0],"gold":120,"neow_bonus":"TEN_PERCENT_HP_BONUS","is_prod":false,"is_daily":false,"chose_seed":false,"campfire_upgraded":4,"win_rate":0,"timestamp":1533340151,"path_taken":["M","M","?","?","?","E","R","?","T","E","R","$","M","M","R","BOSS","M","?","?","M","$","R","M","?","T","E","M"],"build_version":"2018-08-01","purchased_purges":1,"victory":false,"max_hp_per_floor":[72,72,72,72,72,72,72,72,72,72,72,72,72,72,72,72,72,72,72,72,72,72,72,72,72,72,72,72],"card_choices":[{"not_picked":["Backflip","Tactician"],"picked":"Bouncing Flask","floor":1},{"not_picked":["Masterful Stab","Dagger Throw"],"picked":"Well Laid Plans","floor":2},{"not_picked":["Blade Dance","All Out Attack"],"picked":"PiercingWail","floor":3},{"not_picked":["Choke","Dagger Throw"],"picked":"Noxious Fumes","floor":5},{"not_picked":["Outmaneuver","Venomology"],"picked":"Noxious Fumes","floor":6},{"not_picked":["Slice","Bane","Endless Agony"],"picked":"SKIP","floor":8},{"not_picked":["Backflip","Underhanded Strike"],"picked":"After Image","floor":10},{"not_picked":["Noxious Fumes","Expertise"],"picked":"Catalyst","floor":13},{"not_picked":["Quick Slash","Outmaneuver"],"picked":"Deflect","floor":14},{"not_picked":["Malaise","Adrenaline"],"picked":"Corpse Explosion","floor":16},{"not_picked":["Escape Plan","Reflex","Slice"],"picked":"SKIP","floor":18},{"not_picked":["Outmaneuver","Finisher+1","Dagger Spray"],"picked":"SKIP","floor":20},{"not_picked":["Sucker Punch","Outmaneuver","Blade Dance"],"picked":"SKIP","floor":21},{"not_picked":["PiercingWail","Poisoned Stab"],"picked":"Footwork","floor":24},{"not_picked":["Eviscerate","Tactician"],"picked":"Bouncing Flask","floor":27}],"player_experience":938507,"relics_obtained":[{"floor":6,"key":"Regal Pillow"},{"floor":9,"key":"Kunai"},{"floor":10,"key":"Mercury Hourglass"},{"floor":26,"key":"Dream Catcher"},{"floor":27,"key":"Toxic Egg 2"}],"event_choices":[{"event_name":"Big Fish","player_choice":"Banana","floor":4,"damage_taken":0},{"event_name":"Back to Basics","player_choice":"Simplicity","floor":19,"damage_taken":0}],"is_beta":true,"boss_relics":[{"not_picked":["White Beast Statue","Tiny House"],"picked":"Astrolabe"}],"items_purged_floors":[12],"is_endless":false,"potions_floor_spawned":[2,3,8,14,18,21,24],"killed_by":"Cultist and Chosen","ascension_level":15}