{"gold_per_floor":[109,56,75,92,108,108,136,136,136,136,155,155,155,44,44,116,116,133,183,196,210,221,221,248,248,248,248,261,66,84,97,97,97],"floor_reached":33,"playtime":1163,"items_purged":["Strike_B","Strike_B"],"score":538,"play_id":"33d177d6-c91d-4b10-b29e-8f045bc486ef","local_time":"20190104000611","is_ascension_mode":true,"campfire_choices":[{"data":"Zap","floor":6,"key":"SMITH"},{"data":"Redo","floor":10,"key":"SMITH"},{"data":"Ball Lightning","floor":13,"key":"SMITH"},{"data":"Defragment","floor":15,"key":"SMITH"},{"data":"Skim","floor":23,"key":"SMITH"},{"floor":25,"key":"REST"},{"floor":27,"key":"REST"},{"data":"Defragment","floor":32,"key":"SMITH"}],"neow_cost":"NONE","seed_source_timestamp":965285302435656,"circlet_count":0,"master_deck":["AscendersBane","Strike_B","Strike_B","Defend_B","Defend_B","Defend_B","Defend_B","Zap+1","Dualcast","All For One","Ball Lightning+1","Redo+1","Cold Snap","Cold Snap","Conserve Battery","Defragment+1","Electrodynamics","Loop+1","Steam+1","Skim+1","Ball Lightning","Defragment+1","Self Repair"],"relics":["Cracked Core","Anchor","Question Card","Busted Crown","Toxic Egg 2","FossilizedHelix"],"potions_floor_usage":[16,16,18,33],"damage_taken":[{"damage":6,"enemies":"Cultist","floor":1,"turns":3},{"damage":7,"enemies":"Jaw Worm","floor":3,"turns":2},{"damage":0,"enemies":"Small Slimes","floor":4,"turns":3},{"damage":7,"enemies":"Exordium Wildlife","floor":5,"turns":4},{"damage":20,"enemies":"3 Sentries","floor":7,"turns":7},{"damage":0,"enemies":"2 Fungi Beasts","floor":11,"turns":3},{"damage":7,"enemies":"Slime Boss","floor":16,"turns":6},{"damage":7,"enemies":"Shell Parasite","floor":18,"turns":4},{"damage":11,"enemies":"Spheric Guardian","floor":20,"turns":4},{"damage":0,"enemies":"Centurion and Healer","floor":21,"turns":4},{"damage":4,"enemies":"Snecko","floor":22,"turns":5},{"damage":35,"enemies":"Slavers","floor":24,"turns":3},{"damage":0,"enemies":"Chosen and Byrds","floor":28,"turns":3},{"damage":0,"enemies":"3 Cultists","floor":30,"turns":2},{"damage":0,"enemies":"Snecko","floor":31,"turns":6},{"damage":48,"enemies":"Collector","floor":33,"turns":6}],"seed_played":"7881114038888211265","potions_obtained":[{"floor":4,"key":"Weak Potion"},{"floor":7,"key":"GamblersBrew"},{"floor":16,"key":"SkillPotion"},{"floor":24,"key":"FearPotion"},{"floor":28,"key":"SteroidPotion"},{"floor":30,"key":"Energy Potion"}],"is_trial":false,"path_per_floor":["M","$","M","M","M","R","E","?","T","R","M","?","R","$","R","B",null,"M","?","M","M","M","R","E","R","T","R","M","$","M","M","R","B"],"character_chosen":"DEFECT","items_purchased":["Redo","Defragment","Defragment","SkillPotion"],"campfire_rested":2,"item_purchase_floors":[2,14,29,29],"current_hp_per_floor":[58,58,51,51,44,44,24,24,24,24,24,47,47,47,47,40,63,56,56,45,45,41,41,6,27,27,48,48,48,48,48,48,0],"gold":97,"neow_bonus":"ONE_RANDOM_RARE_CARD","is_prod":false,"is_daily":false,"chose_seed":false,"campfire_upgraded":6,"win_rate":0,"timestamp":1546585571,"path_taken":["M","$","M","M","?","R","E","?","T","R","M","?","R","?","R","BOSS","M","?","?","M","M","R","E","R","T","R","M","$","M","M","R","BOSS"],"build_version":"2019-01-03v3","purchased_purges":2,"victory":false,"max_hp_per_floor":[71,71,71,71,71,71,71,71,71,71,71,71,71,71,71,71,71,71,71,71,71,71,71,71,71,71,71,71,71,71,71,71,71],"card_choices":[{"not_picked":["Beam Cell","Rip and Tear"],"picked":"Ball Lightning","floor":1},{"not_picked":["Rip and Tear","Rebound","Sweeping Beam"],"picked":"SKIP","floor":3},{"not_picked":["Conserve Battery","Beam Cell"],"picked":"Cold Snap","floor":4},{"not_picked":["Barrage","Stack"],"picked":"Cold Snap","floor":5},{"not_picked":["Turbo","Stack","Rebound"],"picked":"SKIP","floor":7},{"not_picked":["Sweeping Beam","Multi-Cast","Redo"],"picked":"Conserve Battery","floor":11},{"not_picked":["Multi-Cast","Biased Cognition","Fission"],"picked":"Electrodynamics","floor":16},{"not_picked":["Streamline+1"],"picked":"Loop+1","floor":18},{"not_picked":["Sweeping Beam"],"picked":"Steam+1","floor":20},{"not_picked":["Sweeping Beam","Streamline"],"picked":"SKIP","floor":21},{"not_picked":["FTL"],"picked":"Skim","floor":22},{"not_picked":["Scrape","Sunder"],"picked":"SKIP","floor":24},{"not_picked":["Barrage"],"picked":"Ball Lightning","floor":28},{"not_picked":["Melter"],"picked":"Self Repair","floor":30},{"not_picked":["Hello World","Sunder+1"],"picked":"SKIP","floor":31}],"player_experience":1190372,"relics_obtained":[{"floor":7,"key":"Anchor"},{"floor":9,"key":"Question Card"},{"floor":24,"key":"Toxic Egg 2"},{"floor":26,"key":"FossilizedHelix"}],"event_choices":[{"damage_healed":0,"gold_gain":0,"player_choice":"Ignored","damage_taken":0,"max_hp_gain":0,"max_hp_loss":0,"event_name":"Liars Game","floor":8,"gold_loss":0},{"damage_healed":23,"gold_gain":0,"player_choice":"Banana","damage_taken":0,"max_hp_gain":0,"max_hp_loss":0,"event_name":"Big Fish","floor":12,"gold_loss":0},{"damage_healed":0,"gold_gain":50,"player_choice":"Pray","damage_taken":0,"max_hp_gain":0,"max_hp_loss":0,"event_name":"Golden Shrine","floor":19,"gold_loss":0}],"is_beta":true,"boss_relics":[{"not_picked":["Fusion Hammer","Snecko Eye"],"picked":"Busted Crown"}],"items_purged_floors":[14,29],"is_endless":false,"potions_floor_spawned":[4,7,16,24,28,30],"killed_by":"Collector","ascension_level":20}