{"gold_per_floor":[112,130,130,37,37,37,37,37,60,75,102,4,17,43,43,43],"floor_reached":16,"playtime":706,"items_purged":["Decay"],"score":213,"play_id":"00c6e38f-39db-4634-80f8-c0472b4be68f","local_time":"20190215132037","is_ascension_mode":true,"campfire_choices":[{"data":"Zap","floor":6,"key":"SMITH"},{"data":"Dualcast","floor":8,"key":"SMITH"},{"data":"Skim","floor":15,"key":"SMITH"}],"neow_cost":"NONE","seed_source_timestamp":961000633863955,"circlet_count":0,"master_deck":["AscendersBane","Strike_B","Strike_B","Strike_B","Strike_B","Defend_B","Defend_B","Defend_B","Defend_B","Zap+1","Dualcast+1","Finesse","Skim+1","Steam","Flash of Steel","Coolheaded","Genetic Algorithm","Ball Lightning","Rebound"],"special_seed":0,"relics":["Cracked Core","Blood Vial","Bag of Marbles","Juzu Bracelet"],"potions_floor_usage":[11,11,11,11],"damage_taken":[{"damage":6,"enemies":"Small Slimes","floor":1,"turns":4},{"damage":2,"enemies":"Cultist","floor":2,"turns":5},{"damage":6,"enemies":"Jaw Worm","floor":10,"turns":4},{"damage":0,"enemies":"3 Sentries","floor":11,"turns":6},{"damage":1,"enemies":"Red Slaver","floor":13,"turns":2},{"damage":18,"enemies":"Lagavulin","floor":14,"turns":4},{"damage":46,"enemies":"Hexaghost","floor":16,"turns":11}],"seed_played":"-2259574028999465391","potions_obtained":[{"floor":5,"key":"Dexterity Potion"},{"floor":5,"key":"FearPotion"},{"floor":5,"key":"EntropicBrew"},{"floor":11,"key":"Block Potion"},{"floor":13,"key":"FearPotion"}],"is_trial":false,"path_per_floor":["M","M","?","$","?","R","$","R","T","M","E","$","M","E","R","B"],"character_chosen":"DEFECT","items_purchased":["Flash of Steel","Ball Lightning"],"campfire_rested":0,"item_purchase_floors":[4,12],"current_hp_per_floor":[62,60,60,60,60,60,60,60,60,56,58,58,59,43,43,0],"gold":43,"neow_bonus":"RANDOM_COLORLESS","is_prod":false,"is_daily":false,"chose_seed":false,"campfire_upgraded":3,"win_rate":0,"timestamp":1550215237,"path_taken":["M","M","?","?","?","R","$","R","T","?","E","$","M","E","R","BOSS"],"build_version":"2019-01-23","purchased_purges":1,"victory":false,"max_hp_per_floor":[75,75,75,75,75,75,75,75,75,75,75,75,75,75,75,75],"card_choices":[{"not_picked":["Barrage","Hologram"],"picked":"Skim","floor":1},{"not_picked":["Ball Lightning","Conserve Battery"],"picked":"Steam","floor":2},{"not_picked":["Chaos","Rebound"],"picked":"Coolheaded","floor":10},{"not_picked":["Turbo","Reboot"],"picked":"Genetic Algorithm","floor":11},{"not_picked":["Leap","Redo"],"picked":"Rebound","floor":13},{"not_picked":["Ball Lightning","Reinforced Body","Leap"],"picked":"SKIP","floor":14}],"player_experience":807209,"relics_obtained":[{"floor":9,"key":"Blood Vial"},{"floor":11,"key":"Bag of Marbles"},{"floor":14,"key":"Juzu Bracelet"}],"event_choices":[{"damage_healed":0,"gold_gain":0,"player_choice":"Cursed","damage_taken":0,"max_hp_gain":0,"max_hp_loss":0,"event_name":"Wheel of Change","floor":3,"gold_loss":0,"cards_obtained":["Decay"]},{"damage_healed":0,"gold_gain":0,"player_choice":"Got Potions","damage_taken":0,"max_hp_gain":0,"max_hp_loss":0,"event_name":"Lab","floor":5,"gold_loss":0}],"is_beta":false,"boss_relics":[],"items_purged_floors":[12],"is_endless":false,"potions_floor_spawned":[10,11,13,14],"killed_by":"Hexaghost","ascension_level":12}