{"gold_per_floor":[115,130,130,37,37,37,67,67,67,93,103,131,143,153,153,256,256,271,283,295,295,310,335,335,370,370,384,401,435,435,435,435,536,536,553,565,82,102,102,129,129,129,129,181,215,235,235,247,247,247],"floor_reached":51,"playtime":922,"items_purged":[],"score":1571,"play_id":"e751e1a1-b4cb-4e05-96f5-051555a35331","local_time":"20180702150202","daily_mods":["Draft","Hoarder"],"is_ascension_mode":true,"campfire_choices":[{"data":"Mind Blast","floor":6,"key":"SMITH"},{"data":"Mind Blast","floor":8,"key":"SMITH"},{"data":"Mind Blast","floor":15,"key":"SMITH"},{"data":"1","floor":24,"key":"LIFT"},{"data":"2","floor":30,"key":"LIFT"},{"data":"3","floor":32,"key":"LIFT"},{"floor":41,"key":"REST"},{"floor":47,"key":"REST"},{"floor":49,"key":"REST"}],"neow_cost":"","seed_source_timestamp":0,"circlet_count":0,"master_deck":["Beam Cell+1","Beam Cell+1","Beam Cell+1","Steam+1","Steam+1","Steam+1","Gash+1","Gash+1","Gash+1","Go for the Eyes+1","Go for the Eyes+1","Go for the Eyes+1","Ball Lightning+1","Ball Lightning+1","Ball Lightning+1","Coolheaded+1","Coolheaded+1","Coolheaded+1","Turbo+1","Turbo+1","Turbo+1","Sweeping Beam+1","Sweeping Beam+1","Sweeping Beam+1","Leap+1","Leap+1","Leap+1","Leap+1","Leap+1","Leap+1","Steam+1","Steam+1","Steam+1","Chill+1","Chill+1","Chill+1","Gash+1","Gash+1","Gash+1","Gash+1","Gash+1","Gash+1","Skim+1","Skim+1","Skim+1","Skim+1","Skim+1","Skim+1","Mind Blast+1","Mind Blast+1","Mind Blast+1","Machine Learning+1","Machine Learning+1","Machine Learning+1","Stack+1","Stack+1","Stack+1","Steam+1","Steam+1","Steam+1","Hologram+1","Hologram+1","Hologram+1","All For One+1","All For One+1","All For One+1","Go for the Eyes+1","Go for the Eyes+1","Go for the Eyes+1","Turbo+1","Turbo+1","Turbo+1","Hologram+1","Hologram+1","Hologram+1","Seek+1","Seek+1","Seek+1","All For One+1","All For One+1","All For One+1","Hologram+1","Hologram+1","Hologram+1","Steam Power+1","Steam Power+1","Steam Power+1","Panache+1","Panache+1","Panache+1","Turbo+1","Turbo+1","Turbo+1","Steam+1","Steam+1","Steam+1","Redo+1","Redo+1","Redo+1","Go for the Eyes","Go for the Eyes","Go for the Eyes","Beam Cell+1","Beam Cell+1","Beam Cell+1"],"relics":["Unceasing Top","Dodecahedron","Emotion Chip","Ornamental Fan","Bag of Preparation","Fusion Hammer","Nilry\u0027s Codex","Girya","Happy Flower","Letter Opener","Dream Catcher","Philosopher\u0027s Stone","Shuriken","Centennial Puzzle","Gambling Chip","Mark of the Bloom","Omamori","Prayer Wheel","Bird Faced Urn"],"potions_floor_usage":[],"damage_taken":[{"damage":0,"enemies":"2 Louse","floor":1,"turns":2},{"damage":0,"enemies":"Small Slimes","floor":2,"turns":2},{"damage":0,"enemies":"Lagavulin","floor":7,"turns":2},{"damage":0,"enemies":"Gremlin Nob","floor":10,"turns":1},{"damage":0,"enemies":"Jaw Worm","floor":11,"turns":1},{"damage":0,"enemies":"3 Sentries","floor":12,"turns":2},{"damage":0,"enemies":"2 Fungi Beasts","floor":13,"turns":1},{"damage":0,"enemies":"Lots of Slimes","floor":14,"turns":1},{"damage":0,"enemies":"Slime Boss","floor":16,"turns":1},{"damage":0,"enemies":"3 Byrds","floor":18,"turns":1},{"damage":0,"enemies":"Spheric Guardian","floor":19,"turns":1},{"damage":0,"enemies":"Snake Plant","floor":20,"turns":1},{"damage":0,"enemies":"Centurion and Healer","floor":22,"turns":1},{"damage":0,"enemies":"Slavers","floor":23,"turns":1},{"damage":0,"enemies":"Gremlin Leader","floor":25,"turns":1},{"damage":0,"enemies":"Slaver and Parasite","floor":27,"turns":1},{"damage":0,"enemies":"Snecko","floor":28,"turns":1},{"damage":0,"enemies":"Slavers","floor":29,"turns":1},{"damage":0,"enemies":"Champ","floor":33,"turns":2},{"damage":0,"enemies":"3 Shapes","floor":35,"turns":1},{"damage":0,"enemies":"Flame Bruiser 1 Orb","floor":36,"turns":1},{"damage":0,"enemies":"Spire Growth","floor":38,"turns":1},{"damage":0,"enemies":"Giant Head","floor":40,"turns":1},{"damage":0,"floor":44,"turns":1},{"damage":0,"enemies":"Nemesis","floor":45,"turns":1},{"damage":0,"enemies":"Maw","floor":46,"turns":1},{"damage":0,"enemies":"Transient","floor":48,"turns":1},{"damage":0,"enemies":"Awakened One","floor":50,"turns":2}],"seed_played":"5953054839087065812","potions_obtained":[{"floor":2,"key":"Explosive Potion"},{"floor":7,"key":"Energy Potion"},{"floor":14,"key":"PowerPotion"},{"floor":18,"key":"Swift Potion"}],"is_trial":true,"path_per_floor":["M","M","?","$","?","R","E","R","T","E","M","E","M","M","R","B",null,"M","M","M","?","M","E","R","E","T","M","M","E","R","?","R","B",null,"M","M","$","M","T","E","R","?","T","?","E","M","R","M","R","B"],"character_chosen":"DEFECT","items_purchased":["Mind Blast","Panache","Turbo","Shuriken"],"campfire_rested":3,"item_purchase_floors":[4,37,37,37],"current_hp_per_floor":[75,75,75,75,60,60,60,60,60,60,60,60,60,60,60,60,75,75,75,75,59,59,59,59,59,59,59,59,59,59,59,59,59,75,75,75,75,75,75,75,75,75,75,75,75,75,75,75,75,75],"gold":247,"neow_bonus":"","is_prod":false,"is_daily":false,"chose_seed":false,"campfire_upgraded":3,"win_rate":0,"timestamp":1530565322,"path_taken":["M","M","?","$","?","R","E","R","T","E","M","E","M","M","R","BOSS","M","M","?","?","M","E","R","E","T","M","M","E","R","?","R","BOSS","M","M","$","M","?","E","R","?","T","?","E","M","R","?","R","BOSS"],"build_version":"2018-06-29","purchased_purges":0,"victory":true,"max_hp_per_floor":[75,75,75,75,75,75,75,75,75,75,75,75,75,75,75,75,75,75,75,75,75,75,75,75,75,75,75,75,75,75,75,75,75,75,75,75,75,75,75,75,75,75,75,75,75,75,75,75,75,75],"card_choices":[{"not_picked":["Leap","Heatsinks"],"picked":"Beam Cell","floor":0},{"not_picked":["Leap","Streamline"],"picked":"Steam","floor":0},{"not_picked":["Defragment","Turbo"],"picked":"Gash","floor":0},{"not_picked":["Steam Power","Streamline"],"picked":"Go for the Eyes","floor":0},{"not_picked":["Rebound","Redo"],"picked":"Ball Lightning","floor":0},{"not_picked":["Cold Snap","Melter"],"picked":"Coolheaded","floor":0},{"not_picked":["Capacitor","Storm"],"picked":"Turbo","floor":0},{"not_picked":["Barrage","Compile Driver"],"picked":"Sweeping Beam","floor":0},{"not_picked":["Stack","Coolheaded"],"picked":"Leap","floor":0},{"not_picked":["Self Repair","Melter"],"picked":"Leap","floor":0},{"not_picked":["Defragment","Coolheaded"],"picked":"Steam","floor":0},{"not_picked":["Leap","Streamline"],"picked":"Chill","floor":0},{"not_picked":["Chill","Hologram"],"picked":"Gash","floor":0},{"not_picked":["FTL","Reinforced Body"],"picked":"Gash","floor":0},{"not_picked":["Redo","Streamline"],"picked":"Skim","floor":0},{"not_picked":["Stack","Streamline"],"picked":"Skim","floor":1},{"not_picked":["Rip and Tear","Heatsinks","Defragment"],"picked":"SKIP","floor":2},{"not_picked":["Barrage","Ball Lightning"],"picked":"Machine Learning","floor":7},{"not_picked":["Cold Snap","Rebound","Lockon"],"picked":"SKIP","floor":10},{"not_picked":["Undo","Sweeping Beam"],"picked":"Stack","floor":11},{"not_picked":["Hologram","Coolheaded"],"picked":"Steam","floor":12},{"not_picked":["Streamline","Cold Snap","Coolheaded"],"picked":"SKIP","floor":13},{"not_picked":["Creative AI","Redo"],"picked":"Hologram","floor":14},{"not_picked":["Electrodynamics","Reboot"],"picked":"All For One","floor":16},{"not_picked":["Conserve Battery","Glacier","Redo"],"picked":"SKIP","floor":18},{"not_picked":["Ball Lightning","Cold Snap"],"picked":"Go for the Eyes","floor":19},{"not_picked":["Storm","Ball Lightning","Heatsinks+1"],"picked":"SKIP","floor":20},{"not_picked":["Streamline","Sunder"],"picked":"Turbo","floor":22},{"not_picked":["Heatsinks","Ball Lightning"],"picked":"Hologram","floor":23},{"not_picked":["Chaos","Rebound","Self Repair"],"picked":"SKIP","floor":25},{"not_picked":["Reinforced Body","Lockon","Storm"],"picked":"SKIP","floor":27},{"not_picked":["Barrage","Static Discharge","Ball Lightning"],"picked":"SKIP","floor":28},{"not_picked":["Go for the Eyes","Lockon"],"picked":"Seek","floor":29},{"not_picked":["Echo Form","Reboot"],"picked":"All For One","floor":33},{"not_picked":["Barrage+1","Stack+1"],"picked":"Hologram+1","floor":35},{"not_picked":["Aggregate","Loop+1"],"picked":"Steam Power","floor":36},{"not_picked":["Rip and Tear","Static Discharge","Fusion"],"picked":"SKIP","floor":38},{"not_picked":["Aggregate","Undo"],"picked":"Steam+1","floor":40},{"not_picked":["Go for the Eyes","Conserve Battery+1"],"picked":"Redo+1","floor":41},{"not_picked":["Compile Driver+1","Rip and Tear","Static Discharge"],"picked":"SKIP","floor":45},{"not_picked":["Rebound+1","Leap","Rainbow"],"picked":"SKIP","floor":46},{"not_picked":["Redo","Consume","Chaos+1"],"picked":"SKIP","floor":46},{"not_picked":["Compile Driver+1","Rebound+1"],"picked":"Go for the Eyes","floor":47},{"not_picked":["Sweeping Beam","Ball Lightning"],"picked":"Beam Cell+1","floor":48},{"not_picked":["Coolheaded","Ball Lightning+1","Cold Snap+1"],"picked":"SKIP","floor":48}],"player_experience":745604,"relics_obtained":[{"floor":7,"key":"Dodecahedron"},{"floor":9,"key":"Emotion Chip"},{"floor":10,"key":"Ornamental Fan"},{"floor":12,"key":"Bag of Preparation"},{"floor":21,"key":"Nilry\u0027s Codex"},{"floor":23,"key":"Girya"},{"floor":25,"key":"Happy Flower"},{"floor":26,"key":"Letter Opener"},{"floor":29,"key":"Dream Catcher"},{"floor":39,"key":"Centennial Puzzle"},{"floor":40,"key":"Gambling Chip"},{"floor":43,"key":"Omamori"},{"floor":44,"key":"Prayer Wheel"},{"floor":45,"key":"Bird Faced Urn"}],"event_choices":[{"event_name":"Golden Wing","player_choice":"Ignored","floor":3,"damage_taken":0},{"event_name":"Shining Light","player_choice":"Entered Light","floor":5,"damage_taken":0},{"event_name":"Cursed Tome","player_choice":"Obtained Book","floor":21,"damage_taken":0},{"event_name":"The Woman in Blue","player_choice":"Bought 0 Potions","floor":31,"damage_taken":0},{"event_name":"MindBloom","player_choice":"Upgrade","floor":42,"damage_taken":0},{"event_name":"Mysterious Sphere","player_choice":"Fight","floor":44,"damage_taken":0}],"boss_relics":[{"not_picked":["Busted Crown","Runic Pyramid"],"picked":"Fusion Hammer"},{"not_picked":["Tiny House","Black Star"],"picked":"Philosopher\u0027s Stone"}],"items_purged_floors":[],"is_endless":false,"potions_floor_spawned":[2,7,14,18,19,25,28,29,38,45,46],"ascension_level":1}