{"gold_per_floor":[115,129,145,158,433,433,464,464,464,194,228,244,264,264,264,336,336,347,347,4,4,17,46,62,62,118,129,161,161,161,189,189,264,264,274,325,425,439,112,147,159,203,215,261,291,303,17,17,17,17],"floor_reached":51,"playtime":6316,"items_purged":["Regret","Strike_G","Writhe","Strike_G"],"score":1387,"play_id":"638f9704-08a1-41fc-b702-4e19a8ea70af","local_time":"20190219131744","is_ascension_mode":true,"campfire_choices":[{"data":"Dagger Spray","floor":6.0,"key":"SMITH"},{"floor":8.0,"key":"REST"},{"data":"Deadly Poison","floor":15.0,"key":"SMITH"},{"floor":25.0,"key":"REST"},{"floor":32.0,"key":"REST"},{"floor":41,"key":"REST"},{"data":"Catalyst","floor":49,"key":"SMITH"}],"neow_cost":"NONE","seed_source_timestamp":63049587724017,"circlet_count":0,"master_deck":["AscendersBane","Defend_G","Defend_G+1","Defend_G","Defend_G","Defend_G+1","Strike_G","Strike_G","Strike_G","Survivor","Neutralize","Dagger Spray+1","Well Laid Plans","PiercingWail","Deadly Poison+1","Backflip","Noxious Fumes","After Image","Bane","Cloak And Dagger","Catalyst+1","Crippling Poison","After Image","Deadly Poison","Poisoned Stab"],"special_seed":0,"relics":["Ring of the Snake","Snake Skull","The Specimen","FossilizedHelix","PreservedInsect","Bottled Lightning","Busted Crown","Centennial Puzzle","Ninja Scroll","Bronze Scales","Tiny Chest","Boot","Potion Belt","Kunai","Lizard Tail","Incense Burner","Dead Branch","TwistedFunnel","MawBank","Lantern","Strawberry","War Paint","Ornamental Fan"],"potions_floor_usage":[36,36,40,40,45,50,50],"damage_taken":[{"damage":3.0,"enemies":"2 Louse","floor":1.0,"turns":4.0},{"damage":4.0,"enemies":"Cultist","floor":2.0,"turns":3.0},{"damage":0.0,"enemies":"Small Slimes","floor":3.0,"turns":4.0},{"damage":0.0,"enemies":"Exordium Wildlife","floor":4.0,"turns":3.0},{"damage":28.0,"enemies":"Gremlin Nob","floor":7.0,"turns":4.0},{"damage":34.0,"enemies":"Lagavulin","floor":11.0,"turns":7.0},{"damage":0.0,"enemies":"Blue Slaver","floor":12.0,"turns":4.0},{"damage":0.0,"enemies":"Large Slime","floor":13.0,"turns":5.0},{"damage":7.0,"enemies":"The Guardian","floor":16.0,"turns":9.0},{"damage":5.0,"enemies":"3 Byrds","floor":18.0,"turns":4.0},{"damage":7.0,"enemies":"2 Thieves","floor":22.0,"turns":4.0},{"damage":0.0,"enemies":"Book of Stabbing","floor":23.0,"turns":5.0},{"damage":8.0,"enemies":"Centurion and Healer","floor":24.0,"turns":7.0},{"damage":8.0,"enemies":"Snake Plant","floor":27.0,"turns":4.0},{"damage":14.0,"enemies":"Slavers","floor":28.0,"turns":5.0},{"damage":14.0,"enemies":"Gremlin Leader","floor":31.0,"turns":6.0},{"damage":14.0,"enemies":"Automaton","floor":33.0,"turns":8.0},{"damage":0.0,"enemies":"Orb Walker","floor":35.0,"turns":4.0},{"damage":20,"enemies":"2 Orb Walkers","floor":36,"turns":5},{"damage":1,"enemies":"Mind Bloom Boss Battle","floor":37,"turns":6},{"damage":0,"enemies":"3 Shapes","floor":38,"turns":4},{"damage":15,"enemies":"Nemesis","floor":40,"turns":7},{"damage":18,"enemies":"Giant Head","floor":42,"turns":8},{"damage":13,"enemies":"Nemesis","floor":44,"turns":5},{"damage":0,"enemies":"Writhing Mass","floor":45,"turns":4},{"damage":58,"enemies":"Awakened One","floor":50,"turns":16}],"seed_played":"8041850536157910922","potions_obtained":[{"floor":1.0,"key":"SkillPotion"},{"floor":12.0,"key":"Regen Potion"},{"floor":16.0,"key":"EssenceOfSteel"},{"floor":23.0,"key":"GamblersBrew"},{"floor":28.0,"key":"EssenceOfSteel"},{"floor":33.0,"key":"Ancient Potion"},{"floor":35.0,"key":"FearPotion"},{"floor":37,"key":"Block Potion"},{"floor":40,"key":"Fruit Juice"},{"floor":44,"key":"PowerPotion"}],"is_trial":false,"path_per_floor":["M","M","M","M","?","R","E","R","T","$","E","M","M","?","R","B",null,"M","?","$","?","M","E","M","R","T","M","E","T","?","E","R","B",null,"M","?","?","M","$","E","R","E","T","E","M","?","$","T","R","B",null],"character_chosen":"THE_SILENT","items_purchased":["PreservedInsect","Poison Potion","Centennial Puzzle","Bane","Cloak And Dagger","TwistedFunnel","Poisoned Stab","Weak Potion","SkillPotion"],"campfire_rested":4,"item_purchase_floors":[10,10,20,20,20,39,47,47,47],"current_hp_per_floor":[56,52,52,52,52,52,24,43,43,43,9,9,24,24,24,17,54,49,37,37,37,30,30,22,43,43,35,21,21,21,7,28,14,57,57,37,36,36,36,26,48,30,37,24,24,73,73,73,73,15],"gold":17,"neow_bonus":"RANDOM_COMMON_RELIC","is_prod":false,"is_daily":false,"chose_seed":false,"campfire_upgraded":3,"win_rate":0,"timestamp":1550603864,"path_taken":["M","M","M","M","?","R","E","R","T","$","E","M","M","?","R","BOSS","M","?","$","?","M","E","M","R","T","M","E","?","?","E","R","BOSS","M","?","?","M","$","E","R","E","T","E","M","?","$","?","R","BOSS"],"build_version":"2019-01-23","purchased_purges":4,"victory":true,"max_hp_per_floor":[66,66,66,66,66,66,66,66,66,66,66,66,66,66,66,66,66,66,71,71,71,71,71,71,71,71,71,71,71,71,71,71,71,71,71,71,71,71,71,76,76,76,83,83,83,73,73,73,73,73],"card_choices":[{"not_picked":["Expertise","Tactician"],"picked":"Dagger Spray","floor":1.0},{"not_picked":["Quick Slash","Reflex"],"picked":"Well Laid Plans","floor":2.0},{"not_picked":["Dagger Spray","Outmaneuver"],"picked":"PiercingWail","floor":3.0},{"not_picked":["Blade Dance","PiercingWail","Dodge and Roll"],"picked":"SKIP","floor":4.0},{"not_picked":["Quick Slash","Deflect","Finisher"],"picked":"SKIP","floor":7.0},{"not_picked":["Outmaneuver","Acrobatics"],"picked":"Deadly Poison","floor":11.0},{"not_picked":["Sucker Punch","Terror"],"picked":"Backflip","floor":12.0},{"not_picked":["Footwork","Setup"],"picked":"Noxious Fumes","floor":13.0},{"not_picked":["Corpse Explosion","Tools of the Trade"],"picked":"After Image","floor":16.0},{"not_picked":["Setup"],"picked":"SKIP","floor":18.0},{"not_picked":["Skewer"],"picked":"SKIP","floor":22.0},{"not_picked":["Dagger Spray+1"],"picked":"SKIP","floor":23.0},{"not_picked":["Flying Knee"],"picked":"SKIP","floor":24.0},{"not_picked":["Riddle With Holes"],"picked":"SKIP","floor":27.0},{"not_picked":[],"picked":"Catalyst","floor":28.0},{"not_picked":["Concentrate"],"picked":"SKIP","floor":31.0},{"not_picked":[],"picked":"After Image","floor":33.0},{"not_picked":["Sucker Punch"],"picked":"SKIP","floor":35.0},{"not_picked":[],"picked":"Deadly Poison","floor":36},{"not_picked":["Dodge and Roll"],"picked":"SKIP","floor":38},{"not_picked":["Outmaneuver"],"picked":"SKIP","floor":40},{"not_picked":["Flying Knee"],"picked":"SKIP","floor":42},{"not_picked":["Flying Knee"],"picked":"SKIP","floor":42},{"not_picked":["Dagger Throw+1"],"picked":"SKIP","floor":44},{"not_picked":["Quick Slash"],"picked":"SKIP","floor":45}],"player_experience":430616,"relics_obtained":[{"floor":7.0,"key":"The Specimen"},{"floor":9.0,"key":"FossilizedHelix"},{"floor":11.0,"key":"Bottled Lightning"},{"floor":23.0,"key":"Bronze Scales"},{"floor":26.0,"key":"Tiny Chest"},{"floor":28.0,"key":"Boot"},{"floor":29.0,"key":"Potion Belt"},{"floor":31.0,"key":"Kunai"},{"floor":36,"key":"Incense Burner"},{"floor":37,"key":"Dead Branch"},{"floor":40,"key":"MawBank"},{"floor":42,"key":"Lantern"},{"floor":43,"key":"Strawberry"},{"floor":44,"key":"War Paint"},{"floor":48,"key":"Ornamental Fan"}],"event_choices":[{"damage_healed":0.0,"max_hp_gain":0.0,"max_hp_loss":0.0,"gold_gain":275.0,"event_name":"Golden Shrine","player_choice":"Desecrate","floor":5.0,"gold_loss":0.0,"damage_taken":0.0,"cards_obtained":["Regret"]},{"damage_healed":0.0,"max_hp_gain":0.0,"max_hp_loss":0.0,"gold_gain":0.0,"event_name":"Golden Idol","player_choice":"Ignored","floor":14.0,"gold_loss":0.0,"damage_taken":0.0},{"damage_healed":0.0,"max_hp_gain":5.0,"max_hp_loss":0.0,"gold_gain":0.0,"event_name":"Forgotten Altar","player_choice":"Shed Blood","floor":19.0,"gold_loss":0.0,"damage_taken":17.0},{"damage_healed":0.0,"max_hp_gain":0.0,"max_hp_loss":0.0,"gold_gain":0.0,"event_name":"The Mausoleum","player_choice":"Opened","floor":21.0,"gold_loss":0.0,"damage_taken":0.0,"relics_obtained":["Ninja Scroll"],"cards_obtained":["Writhe"]},{"damage_healed":0.0,"max_hp_gain":0.0,"max_hp_loss":0.0,"gold_gain":0.0,"event_name":"The Library","player_choice":"Read","floor":30.0,"gold_loss":0.0,"damage_taken":0.0,"cards_obtained":["Crippling Poison"]},{"damage_healed":0,"gold_gain":0,"player_choice":"Fight","damage_taken":0,"max_hp_gain":0,"max_hp_loss":0,"event_name":"Mysterious Sphere","floor":36,"gold_loss":0},{"damage_healed":0,"gold_gain":0,"player_choice":"Fight","damage_taken":0,"max_hp_gain":0,"max_hp_loss":0,"event_name":"MindBloom","floor":37,"gold_loss":0},{"damage_healed":73,"gold_gain":0,"player_choice":"Heal","damage_taken":0,"max_hp_gain":0,"max_hp_loss":10,"event_name":"The Moai Head","floor":46,"gold_loss":0}],"is_beta":false,"boss_relics":[{"not_picked":["Cursed Key","Black Star"],"picked":"Busted Crown"},{"not_picked":["Runic Dome","Fusion Hammer"],"picked":"Lizard Tail"}],"items_purged_floors":[10,20,39,47],"is_endless":false,"potions_floor_spawned":[1,12,16,23,28,33,35,37,40,44],"ascension_level":14}