{"gold_per_floor":[114,124,143,154,167,194,194,224,224,189,208,220,249,311,311,407,407,420,437,453,308,308,308],"floor_reached":23,"playtime":1581,"items_purged":["Strike_R"],"score":215,"play_id":"a4dd21e7-2718-4293-8a75-0357de702d73","local_time":"20190105015635","is_ascension_mode":false,"campfire_choices":[{"floor":7,"key":"REST"},{"floor":15,"key":"REST"}],"neow_cost":"NONE","seed_source_timestamp":16097546446000,"circlet_count":0,"master_deck":["Strike_R","Strike_R","Strike_R","Strike_R","Defend_R","Defend_R","Defend_R","Defend_R","Bash","Clothesline","Headbutt","Feel No Pain","Metallicize","Pommel Strike","Rampage","Iron Wave","Carnage","Sword Boomerang","Fire Breathing","Bludgeon","Rage+1","Pummel","Shrug It Off+1","Searing Blow","Pain"],"relics":["Burning Blood","NeowsBlessing","Vajra","Toxic Egg 2","Oddly Smooth Stone","Centennial Puzzle","Eternal Feather","WarpedTongs"],"potions_floor_usage":[16,20,23,23,23],"damage_taken":[{"damage":0,"enemies":"Cultist","floor":1,"turns":1},{"damage":0,"enemies":"2 Louse","floor":2,"turns":1},{"damage":0,"enemies":"Small Slimes","floor":3,"turns":1},{"damage":15,"enemies":"Exordium Thugs","floor":4,"turns":5},{"damage":12,"enemies":"Exordium Wildlife","floor":5,"turns":5},{"damage":20,"enemies":"Lagavulin","floor":6,"turns":7},{"damage":11,"enemies":"Gremlin Nob","floor":8,"turns":5},{"damage":7,"enemies":"Looter","floor":11,"turns":3},{"damage":9,"enemies":"2 Fungi Beasts","floor":12,"turns":3},{"damage":24,"enemies":"Lagavulin","floor":13,"turns":5},{"damage":52,"enemies":"Hexaghost","floor":16,"turns":9},{"damage":34,"enemies":"Shell Parasite","floor":18,"turns":5},{"damage":5,"enemies":"Chosen","floor":19,"turns":5},{"damage":27,"enemies":"Centurion and Healer","floor":20,"turns":5},{"damage":36,"enemies":"Gremlin Leader","floor":23,"turns":3}],"seed_played":"-8934483727657227494","potions_obtained":[{"floor":2,"key":"Explosive Potion"},{"floor":4,"key":"LiquidBronze"},{"floor":6,"key":"Swift Potion"},{"floor":11,"key":"Dexterity Potion"},{"floor":13,"key":"Energy Potion"},{"floor":18,"key":"Swift Potion"},{"floor":20,"key":"Explosive Potion"}],"is_trial":false,"path_per_floor":["M","M","M","M","M","E","R","E","T","?","M","M","E","?","R","B",null,"M","M","M","$","?","E"],"character_chosen":"IRONCLAD","items_purchased":["Searing Blow"],"campfire_rested":2,"item_purchase_floors":[21],"current_hp_per_floor":[80,80,80,71,65,51,75,70,70,80,79,76,58,58,80,34,80,52,53,32,32,32,0],"gold":308,"neow_bonus":"THREE_ENEMY_KILL","is_prod":false,"is_daily":false,"chose_seed":false,"campfire_upgraded":0,"win_rate":0.0,"timestamp":1546682195,"path_taken":["M","M","M","M","?","E","R","E","T","?","M","M","E","?","R","BOSS","M","M","M","$","?","E"],"build_version":"2019-01-03v4","purchased_purges":1,"victory":false,"max_hp_per_floor":[80,80,80,80,80,80,80,80,80,80,80,80,80,80,80,80,80,80,80,80,80,80,80],"card_choices":[{"not_picked":["True Grit","Corruption","Clothesline"],"picked":"SKIP","floor":1},{"not_picked":["True Grit","Corruption"],"picked":"Clothesline","floor":1},{"not_picked":["Intimidate","Hemokinesis"],"picked":"Headbutt","floor":2},{"not_picked":["Body Slam","Warcry"],"picked":"Feel No Pain","floor":3},{"not_picked":["Ghostly Armor","Twin Strike"],"picked":"Metallicize","floor":4},{"not_picked":["Flex","Bloodletting"],"picked":"Pommel Strike","floor":5},{"not_picked":["Feed","Reckless Charge"],"picked":"Rampage","floor":6},{"not_picked":["Inflame","Second Wind"],"picked":"Iron Wave","floor":8},{"not_picked":["Sword Boomerang","Heavy Blade"],"picked":"Carnage","floor":11},{"not_picked":["Corruption","Twin Strike"],"picked":"Sword Boomerang","floor":12},{"not_picked":["Shrug It Off+1","Burning Pact+1"],"picked":"Fire Breathing","floor":13},{"not_picked":["Brutality","Dark Embrace"],"picked":"Bludgeon","floor":16},{"not_picked":["Hemokinesis","True Grit+1"],"picked":"Rage+1","floor":18},{"not_picked":["Clash","True Grit+1"],"picked":"Pummel","floor":19},{"not_picked":["Thunderclap","Wild Strike"],"picked":"Shrug It Off+1","floor":20}],"player_experience":46402,"relics_obtained":[{"floor":6,"key":"Vajra"},{"floor":8,"key":"Toxic Egg 2"},{"floor":9,"key":"Oddly Smooth Stone"},{"floor":13,"key":"Centennial Puzzle"}],"event_choices":[{"damage_healed":20,"gold_gain":0,"player_choice":"Healed","damage_taken":0,"max_hp_gain":0,"max_hp_loss":0,"event_name":"The Cleric","floor":10,"gold_loss":35},{"damage_healed":0,"gold_gain":62,"player_choice":"Gained Gold","damage_taken":0,"max_hp_gain":0,"max_hp_loss":0,"event_name":"Golden Wing","floor":14,"gold_loss":0},{"damage_healed":0,"gold_gain":0,"player_choice":"Rummage","damage_taken":0,"relics_obtained":["WarpedTongs"],"max_hp_gain":0,"max_hp_loss":0,"event_name":"Accursed Blacksmith","floor":22,"gold_loss":0,"cards_obtained":["Pain"]}],"is_beta":false,"boss_relics":[{"not_picked":["Orrery","Astrolabe"],"picked":"Eternal Feather"}],"items_purged_floors":[21],"is_endless":false,"potions_floor_spawned":[2,4,6,11,13,18,20],"killed_by":"Gremlin Leader","ascension_level":0}