{"gold_per_floor":[117,117,132,18,33,33,59,59,86,98,125,135,165,175,175,247,247,257,277,192,222,239,239,268,268],"floor_reached":25,"playtime":1129,"items_purged":["Strike_B"],"score":462,"play_id":"880032d6-abb7-40e9-961a-48e80c5cc5b9","local_time":"20180919130309","is_ascension_mode":true,"campfire_choices":[{"data":"Zap","floor":6,"key":"SMITH"},{"data":"Defragment","floor":8,"key":"SMITH"},{"data":"Loop","floor":15,"key":"SMITH"},{"floor":23,"key":"REST"}],"neow_cost":"","seed_source_timestamp":582000110053156,"circlet_count":0,"master_deck":["Strike_B","Strike_B","Strike_B","Defend_B","Defend_B","Defend_B","Defend_B","Zap+1","Dualcast","AscendersBane","Self Repair","Streamline","BootSequence","Defragment+1","Loop+1","Go for the Eyes","Compile Driver","Ball Lightning","Rainbow","Streamline+1","Capacitor","Storm"],"relics":["Cracked Core","Strawberry","Bag of Marbles","Bronze Scales","Happy Flower","Cursed Key","Matryoshka","Red Mask","Question Card"],"potions_floor_usage":[7,10,13,16,18,21,24],"damage_taken":[{"damage":1,"enemies":"2 Louse","floor":1,"turns":3},{"damage":1,"enemies":"Cultist","floor":3,"turns":3},{"damage":7,"enemies":"Jaw Worm","floor":5,"turns":4},{"damage":5,"enemies":"3 Sentries","floor":7,"turns":3},{"damage":3,"enemies":"3 Louse","floor":10,"turns":2},{"damage":47,"enemies":"Gremlin Nob","floor":11,"turns":4},{"damage":0,"enemies":"2 Fungi Beasts","floor":12,"turns":3},{"damage":20,"enemies":"Lagavulin","floor":13,"turns":5},{"damage":3,"enemies":"Looter","floor":14,"turns":3},{"damage":15,"enemies":"Slime Boss","floor":16,"turns":6},{"damage":14,"enemies":"Shell Parasite","floor":18,"turns":4},{"damage":0,"enemies":"Chosen","floor":19,"turns":3},{"damage":32,"enemies":"Masked Bandits","floor":21,"turns":4},{"damage":15,"enemies":"Centurion and Healer","floor":22,"turns":7},{"damage":35,"enemies":"Slavers","floor":24,"turns":5},{"damage":27,"enemies":"Snake Plant","floor":25,"turns":2}],"seed_played":"-4335184711008357291","potions_obtained":[{"floor":1,"key":"LiquidBronze"},{"floor":3,"key":"PowerPotion"},{"floor":11,"key":"LiquidBronze"},{"floor":13,"key":"Strength Potion"},{"floor":16,"key":"SkillPotion"},{"floor":19,"key":"Poison Potion"},{"floor":21,"key":"SpeedPotion"}],"is_trial":false,"path_per_floor":["M","?","M","$","M","R","E","R","T","M","E","M","E","M","R","B",null,"M","M","?","?","M","R","E"],"character_chosen":"DEFECT","items_purchased":["BootSequence"],"campfire_rested":1,"item_purchase_floors":[4],"current_hp_per_floor":[63,68,74,74,74,74,76,76,76,73,33,40,27,31,31,23,68,54,61,61,36,28,52,24,0],"gold":268,"neow_bonus":"","is_prod":false,"is_daily":false,"chose_seed":false,"campfire_upgraded":3,"win_rate":0,"timestamp":1537383789,"path_taken":["M","?","M","$","M","R","E","R","T","M","E","?","E","M","R","BOSS","M","M","?","?","M","R","E","M"],"build_version":"2018-09-18v3","purchased_purges":1,"victory":false,"max_hp_per_floor":[71,76,76,76,76,76,83,83,83,83,83,83,83,83,83,83,83,83,83,83,83,83,83,83,83],"card_choices":[{"not_picked":["Steam Power","Double Energy"],"picked":"Self Repair","floor":1},{"not_picked":["Beam Cell","Redo"],"picked":"Streamline","floor":3},{"not_picked":["Self Repair","Barrage","Lockon"],"picked":"SKIP","floor":5},{"not_picked":["Steam Power","Undo"],"picked":"Defragment","floor":7},{"not_picked":["Rebound","Beam Cell"],"picked":"Loop","floor":10},{"not_picked":["Beam Cell","Barrage","Recycle"],"picked":"SKIP","floor":11},{"not_picked":["Coolheaded","Heatsinks"],"picked":"Go for the Eyes","floor":12},{"not_picked":["Go for the Eyes","Reprogram"],"picked":"Compile Driver","floor":13},{"not_picked":["Turbo","Streamline"],"picked":"Ball Lightning","floor":14},{"not_picked":["Buffer","Core Surge"],"picked":"Rainbow","floor":16},{"not_picked":["Barrage","Sweeping Beam","Static Discharge"],"picked":"SKIP","floor":18},{"not_picked":["Rip and Tear","Self Repair"],"picked":"Streamline+1","floor":19},{"not_picked":["Streamline","Reprogram"],"picked":"Capacitor","floor":21},{"not_picked":["Gash","Beam Cell+1"],"picked":"Storm","floor":22},{"not_picked":["Scrape","Beam Cell","Doom and Gloom"],"picked":"SKIP","floor":24}],"player_experience":1028492,"relics_obtained":[{"floor":7,"key":"Strawberry"},{"floor":9,"key":"Bag of Marbles"},{"floor":11,"key":"Bronze Scales"},{"floor":13,"key":"Happy Flower"},{"floor":21,"key":"Red Mask"},{"floor":24,"key":"Question Card"}],"event_choices":[{"event_name":"Big Fish","player_choice":"Donut","floor":2,"damage_taken":0},{"event_name":"Addict","player_choice":"Obtained Relic","floor":20,"damage_taken":0},{"event_name":"Masked Bandits","player_choice":"Fought Bandits","floor":21,"damage_taken":0}],"is_beta":true,"boss_relics":[{"not_picked":["Nuclear Battery","Philosopher\u0027s Stone"],"picked":"Cursed Key"}],"items_purged_floors":[4],"is_endless":false,"potions_floor_spawned":[1,3,11,13,16,19,21],"killed_by":"Snake Plant","ascension_level":18}