{"gold_per_floor":[19,29,88,88,13,13,39,39,65,65,99,134,134,153,153,153],"floor_reached":16,"playtime":426,"items_purged":["Strike_R"],"score":282,"play_id":"fbaefbf4-0303-4698-9c79-12a8fb7af423","local_time":"20190117223342","is_ascension_mode":true,"campfire_choices":[{"data":"Immolate","floor":6,"key":"SMITH"},{"data":"Perfected Strike","floor":10,"key":"SMITH"},{"data":"Bash","floor":13,"key":"SMITH"},{"data":"Limit Break","floor":15,"key":"SMITH"}],"neow_cost":"NO_GOLD","seed_source_timestamp":708289036431207,"circlet_count":0,"master_deck":["AscendersBane","Strike_R","Strike_R","Strike_R","Strike_R","Defend_R","Defend_R","Defend_R","Defend_R","Bash+1","Immolate+1","Pommel Strike","Perfected Strike+1","Limit Break+1","Shrug It Off","Corruption"],"relics":["Burning Blood","Turnip","Sundial","WingedGreaves","Vajra","Dodecahedron","Ice Cream"],"potions_floor_usage":[7],"damage_taken":[{"damage":9,"enemies":"Jaw Worm","floor":1,"turns":4},{"damage":0,"enemies":"2 Louse","floor":2,"turns":1},{"damage":0,"enemies":"Gremlin Nob","floor":7,"turns":2},{"damage":30,"enemies":"Lagavulin","floor":11,"turns":5},{"damage":15,"enemies":"3 Sentries","floor":12,"turns":3},{"damage":0,"enemies":"Small Slimes","floor":14,"turns":2},{"damage":39,"enemies":"The Guardian","floor":16,"turns":8}],"seed_played":"-6480402240101609470","potions_obtained":[{"floor":1,"key":"Fire Potion"},{"floor":2,"key":"Energy Potion"}],"is_trial":false,"path_per_floor":["M","M","?","?","$","R","E","?","T","R","E","E","R","M","R","B"],"character_chosen":"IRONCLAD","items_purchased":[],"campfire_rested":0,"item_purchase_floors":[],"current_hp_per_floor":[65,71,71,60,60,60,66,66,66,66,42,33,33,39,39,0],"gold":153,"neow_bonus":"THREE_RARE_CARDS","is_prod":false,"is_daily":false,"chose_seed":false,"campfire_upgraded":4,"win_rate":0,"timestamp":1547789622,"path_taken":["M","M","?","?","$","R","E","?","T","R","E","E","R","M","R","BOSS"],"build_version":"2019-01-16","purchased_purges":1,"victory":false,"max_hp_per_floor":[75,75,75,75,75,75,75,75,75,75,75,75,75,75,75,75],"card_choices":[{"not_picked":["Dark Embrace","Barricade"],"picked":"Immolate","floor":0},{"not_picked":["Sever Soul","Warcry","Combust"],"picked":"SKIP","floor":1},{"not_picked":["Clash","Wild Strike"],"picked":"Pommel Strike","floor":2},{"not_picked":["Clash","Iron Wave"],"picked":"Perfected Strike","floor":7},{"not_picked":["Infernal Blade","Anger"],"picked":"Limit Break","floor":11},{"not_picked":["Body Slam","Ghostly Armor"],"picked":"Shrug It Off","floor":12},{"not_picked":["Sentinel","Dropkick"],"picked":"Corruption","floor":14}],"player_experience":1223965,"relics_obtained":[{"floor":7,"key":"Sundial"},{"floor":9,"key":"Vajra"},{"floor":11,"key":"Dodecahedron"},{"floor":12,"key":"Ice Cream"}],"event_choices":[{"damage_healed":0,"gold_gain":59,"player_choice":"Gained Gold","damage_taken":0,"max_hp_gain":0,"max_hp_loss":0,"event_name":"Golden Wing","floor":3,"gold_loss":0},{"damage_healed":0,"gold_gain":0,"player_choice":"Success","damage_taken":11,"relics_obtained":["Turnip"],"max_hp_gain":0,"max_hp_loss":0,"event_name":"Scrap Ooze","floor":4,"gold_loss":0},{"damage_healed":0,"gold_gain":0,"player_choice":"Gave Potion","damage_taken":0,"relics_obtained":["WingedGreaves"],"max_hp_gain":0,"max_hp_loss":0,"event_name":"WeMeetAgain","floor":8,"gold_loss":0}],"is_beta":true,"boss_relics":[],"items_purged_floors":[5],"is_endless":false,"potions_floor_spawned":[1,2],"killed_by":"The Guardian","ascension_level":20}