{"gold_per_floor":[112,112,187,137,137,153,153,164,189,189,221,233,265,280,280,385,385,405,425,438,449,474,474,247,272,272,284,3,20,20,46,46,143,143,159,178,400,153,201,201,301,320,320,320,320,320,337,370,370,370],"floor_reached":51,"playtime":2698,"items_purged":["Corruption","Armaments"],"score":825,"play_id":"56ebea66-b3a4-4445-986d-a5c89866534a","local_time":"20190124234927","is_ascension_mode":false,"campfire_choices":[{"data":"Cleave","floor":7.0,"key":"SMITH"},{"data":"Inflame","floor":10.0,"key":"SMITH"},{"data":"Bloodletting","floor":15.0,"key":"SMITH"},{"data":"Limit Break","floor":23.0,"key":"SMITH"},{"data":"Flex","floor":30.0,"key":"SMITH"},{"data":"Armaments","floor":32.0,"key":"SMITH"},{"data":"1","floor":40,"key":"LIFT"},{"data":"2","floor":44,"key":"LIFT"},{"data":"3","floor":46,"key":"LIFT"},{"data":"Dropkick","floor":49,"key":"SMITH"}],"neow_cost":"NONE","seed_source_timestamp":0,"circlet_count":0,"master_deck":["Strike_R","Strike_R","Strike_R","Defend_R+1","Defend_R","Defend_R+1","Defend_R","Bash","Infernal Blade+1","Cleave+1","Inflame+1","Bloodletting+1","Headbutt","Uppercut","Dropkick+1","Limit Break+1","Bloodletting","Thunderclap","Flex+1","Twin Strike+1","Armaments+1","Feed","Flex","Inflame","Heavy Blade+1","Dual Wield+1","Limit Break","Warcry+1","Spot Weakness+1","Twin Strike+1","Shrug It Off","Perfected Strike","Shrug It Off+1"],"special_seed":0,"relics":["Burning Blood","Orichalcum","War Paint","Meat on the Bone","Velvet Choker","Red Mask","Ancient Tea Set","Red Skull","Gremlin Horn","Centennial Puzzle","Kunai","Black Star","Girya","Magic Flower","PreservedInsect","Happy Flower","Anchor"],"potions_floor_usage":[47,47,48,50],"damage_taken":[{"damage":13.0,"enemies":"Jaw Worm","floor":1.0,"turns":3.0},{"damage":1.0,"enemies":"2 Louse","floor":6.0,"turns":2.0},{"damage":0.0,"enemies":"Small Slimes","floor":8.0,"turns":2.0},{"damage":8.0,"enemies":"3 Sentries","floor":11.0,"turns":5.0},{"damage":3.0,"enemies":"Looter","floor":12.0,"turns":2.0},{"damage":9.0,"enemies":"Gremlin Nob","floor":13.0,"turns":4.0},{"damage":5.0,"enemies":"Exordium Thugs","floor":14.0,"turns":4.0},{"damage":36.0,"enemies":"Hexaghost","floor":16.0,"turns":7.0},{"damage":15.0,"enemies":"3 Byrds","floor":18.0,"turns":5.0},{"damage":3.0,"enemies":"Spheric Guardian","floor":19.0,"turns":3.0},{"damage":15.0,"enemies":"Snake Plant","floor":20.0,"turns":4.0},{"damage":7.0,"enemies":"3 Cultists","floor":21.0,"turns":4.0},{"damage":26.0,"enemies":"Masked Bandits","floor":22.0,"turns":4.0},{"damage":20.0,"enemies":"Gremlin Leader","floor":25.0,"turns":6.0},{"damage":18.0,"enemies":"Sentry and Sphere","floor":27.0,"turns":4.0},{"damage":0.0,"enemies":"Cultist and Chosen","floor":29.0,"turns":3.0},{"damage":12.0,"enemies":"Book of Stabbing","floor":31.0,"turns":3.0},{"damage":29.0,"enemies":"Collector","floor":33.0,"turns":5.0},{"damage":5.0,"enemies":"Orb Walker","floor":35.0,"turns":2.0},{"damage":17.0,"enemies":"3 Darklings","floor":36.0,"turns":3.0},{"damage":38.0,"enemies":"2 Orb Walkers","floor":39.0,"turns":3.0},{"damage":18,"enemies":"Mind Bloom Boss Battle","floor":41,"turns":5},{"damage":24,"enemies":"4 Shapes","floor":42,"turns":4},{"damage":0,"enemies":"Transient","floor":47,"turns":5},{"damage":3,"enemies":"Reptomancer","floor":48,"turns":2},{"damage":28,"enemies":"Donu and Deca","floor":50,"turns":6}],"seed_played":"8815687389596382544","potions_obtained":[{"floor":8.0,"key":"FearPotion"},{"floor":11.0,"key":"FearPotion"},{"floor":12.0,"key":"Weak Potion"},{"floor":18.0,"key":"Swift Potion"},{"floor":20.0,"key":"Block Potion"},{"floor":21.0,"key":"AttackPotion"},{"floor":25.0,"key":"Strength Potion"},{"floor":33.0,"key":"GamblersBrew"},{"floor":36.0,"key":"Swift Potion"},{"floor":39.0,"key":"FearPotion"},{"floor":47,"key":"Swift Potion"}],"is_trial":false,"path_per_floor":["M","?","?","?","?","M","R","M","T","R","E","M","E","M","R","B",null,"M","M","M","M","?","R","$","E","T","M","$","M","R","E","R","B",null,"M","M","?","$","?","R","?","M","T","R","?","R","M","E","R","B",null],"character_chosen":"IRONCLAD","items_purchased":["Ancient Tea Set","Flex","Inflame","Centennial Puzzle","Fiend Fire"],"campfire_rested":0,"item_purchase_floors":[24,28,28,28,38],"current_hp_per_floor":[81,81,70,70,70,75,75,81,81,81,79,82,79,80,80,62,88,79,82,73,72,52,52,52,50,50,50,50,56,56,62,62,54,91,94,83,83,83,63,63,63,71,71,71,71,71,80,86,86,67],"gold":370,"neow_bonus":"TEN_PERCENT_HP_BONUS","is_prod":false,"is_daily":false,"chose_seed":false,"campfire_upgraded":7,"win_rate":0.0,"timestamp":1548370167,"path_taken":["M","?","?","?","?","M","R","M","T","R","E","M","E","M","R","BOSS","M","M","?","M","?","R","?","E","T","M","$","?","R","E","R","BOSS","M","?","?","$","?","R","?","?","T","R","?","R","M","E","R","BOSS"],"build_version":"2019-01-23","purchased_purges":2,"victory":true,"max_hp_per_floor":[88,88,88,88,88,88,88,88,88,88,88,88,88,88,88,88,88,88,88,88,88,88,88,88,88,88,88,88,88,88,88,88,91,91,94,94,94,94,94,94,94,97,97,97,97,97,97,97,97,97],"card_choices":[{"not_picked":["Anger","Headbutt"],"picked":"Infernal Blade","floor":1.0},{"not_picked":["Burning Pact","Rage"],"picked":"Cleave","floor":6.0},{"not_picked":["Corruption","Sword Boomerang"],"picked":"Inflame","floor":8.0},{"not_picked":["Sword Boomerang","Seeing Red"],"picked":"Bloodletting","floor":11.0},{"not_picked":["Feel No Pain","Barricade"],"picked":"Headbutt","floor":12.0},{"not_picked":["Disarm","Warcry"],"picked":"Uppercut","floor":13.0},{"not_picked":["Warcry","Headbutt"],"picked":"Dropkick","floor":14.0},{"not_picked":["Juggernaut","Dark Embrace"],"picked":"Limit Break","floor":16.0},{"not_picked":["Body Slam","Headbutt"],"picked":"Bloodletting","floor":18.0},{"not_picked":["Iron Wave","Fire Breathing+1"],"picked":"Thunderclap","floor":19.0},{"not_picked":["Iron Wave+1","Armaments"],"picked":"Corruption","floor":20.0},{"not_picked":["Clash","Burning Pact+1"],"picked":"Flex","floor":21.0},{"not_picked":["Sword Boomerang","Clash"],"picked":"Twin Strike+1","floor":22.0},{"not_picked":["Thunderclap","Entrench"],"picked":"Armaments","floor":25.0},{"not_picked":["Thunderclap","Whirlwind"],"picked":"Feed","floor":27.0},{"not_picked":["Feel No Pain","Corruption"],"picked":"Heavy Blade+1","floor":29.0},{"not_picked":["Flex","Juggernaut"],"picked":"Dual Wield+1","floor":31.0},{"not_picked":["Feed","Juggernaut"],"picked":"Limit Break","floor":33.0},{"not_picked":["Body Slam+1","True Grit"],"picked":"Warcry+1","floor":35.0},{"not_picked":["Warcry","True Grit+1"],"picked":"Armaments","floor":36.0},{"not_picked":["Twin Strike+1","Limit Break"],"picked":"Spot Weakness+1","floor":39.0},{"not_picked":["Uppercut","True Grit+1"],"picked":"Twin Strike+1","floor":41},{"not_picked":["Blood for Blood","Cleave"],"picked":"Shrug It Off","floor":42},{"not_picked":["Body Slam+1","Corruption+1"],"picked":"Perfected Strike","floor":47},{"not_picked":["Clothesline","Barricade"],"picked":"Shrug It Off+1","floor":48}],"player_experience":49976,"relics_obtained":[{"floor":9.0,"key":"Orichalcum"},{"floor":11.0,"key":"War Paint"},{"floor":13.0,"key":"Meat on the Bone"},{"floor":22.0,"key":"Red Mask"},{"floor":25.0,"key":"Red Skull"},{"floor":26.0,"key":"Gremlin Horn"},{"floor":31.0,"key":"Kunai"},{"floor":39.0,"key":"Girya"},{"floor":41,"key":"Magic Flower"},{"floor":43,"key":"PreservedInsect"},{"floor":48,"key":"Happy Flower"},{"floor":48,"key":"Anchor"}],"event_choices":[{"damage_healed":0.0,"max_hp_gain":0.0,"max_hp_loss":0.0,"gold_gain":0.0,"event_name":"Living Wall","player_choice":"Grow","floor":2.0,"gold_loss":0.0,"damage_taken":0.0,"cards_upgraded":["Infernal Blade"]},{"damage_healed":0.0,"max_hp_gain":0.0,"max_hp_loss":0.0,"gold_gain":75.0,"event_name":"World of Goop","player_choice":"Gather Gold","floor":3.0,"gold_loss":0.0,"damage_taken":11.0},{"cards_removed":["Strike_R"],"damage_healed":0.0,"max_hp_gain":0.0,"max_hp_loss":0.0,"gold_gain":0.0,"event_name":"The Cleric","player_choice":"Card Removal","floor":4.0,"gold_loss":50.0,"damage_taken":0.0},{"cards_removed":["Strike_R"],"damage_healed":0.0,"max_hp_gain":0.0,"max_hp_loss":0.0,"gold_gain":0.0,"event_name":"Bonfire Elementals","player_choice":"Offered Basic","floor":5.0,"gold_loss":0.0,"damage_taken":0.0},{"damage_healed":0.0,"max_hp_gain":0.0,"max_hp_loss":0.0,"gold_gain":0.0,"event_name":"Masked Bandits","player_choice":"Fought Bandits","floor":22.0,"gold_loss":0.0,"damage_taken":0.0},{"damage_healed":0.0,"max_hp_gain":0.0,"max_hp_loss":0.0,"gold_gain":222.0,"event_name":"Tomb of Lord Red Mask","player_choice":"Wore Mask","floor":37.0,"gold_loss":0.0,"damage_taken":0.0},{"damage_healed":0.0,"max_hp_gain":0.0,"max_hp_loss":0.0,"gold_gain":0.0,"event_name":"Mysterious Sphere","player_choice":"Fight","floor":39.0,"gold_loss":0.0,"damage_taken":0.0},{"damage_healed":0,"gold_gain":0,"player_choice":"Fight","damage_taken":0,"max_hp_gain":0,"max_hp_loss":0,"event_name":"MindBloom","floor":41,"gold_loss":0},{"cards_removed":["Fiend Fire"],"damage_healed":0,"gold_gain":0,"player_choice":"Card Removal","damage_taken":0,"max_hp_gain":0,"max_hp_loss":0,"event_name":"Wheel of Change","floor":45,"gold_loss":0}],"is_beta":false,"boss_relics":[{"not_picked":["Runic Dome","Philosopher\u0027s Stone"],"picked":"Velvet Choker"},{"not_picked":["Orrery","Fusion Hammer"],"picked":"Black Star"}],"items_purged_floors":[24,38],"is_endless":false,"potions_floor_spawned":[8,11,12,18,20,21,25,33,36,39,42,47],"ascension_level":0}