{"gold_per_floor":[215,235,235,235,253,253,272,272,272,272,272,286,311,347,347,471,471,494,494,494,315,328,366,366,385,385,385,410,453,453,468,468,594,594,607,607,621,96,121,121,159,177,202,220,253,105,105,146,146,146],"floor_reached":50,"playtime":2799,"items_purged":["Bite","Rage+1"],"score":775,"play_id":"51389e77-7283-434e-aa1b-dafad0927473","local_time":"20181216194156","is_ascension_mode":true,"campfire_choices":[{"data":"Bash","floor":6.0,"key":"SMITH"},{"data":"True Grit","floor":11.0,"key":"SMITH"},{"floor":15,"key":"REST"},{"data":"Disarm","floor":24,"key":"SMITH"},{"floor":30,"key":"RECALL"},{"data":"Inflame","floor":32,"key":"SMITH"},{"data":"Feel No Pain","floor":40,"key":"SMITH"},{"data":"Fiend Fire","floor":47,"key":"SMITH"},{"data":"Metallicize","floor":49,"key":"SMITH"}],"neow_cost":"NONE","seed_source_timestamp":0,"circlet_count":0,"master_deck":["Defend_R","Defend_R","Defend_R","Bash+1","Feel No Pain","True Grit+1","Cleave","Metallicize+1","Impervious","Feel No Pain+1","Bite","Bite","Bite","Armaments","Inflame+1","Pommel Strike+1","Disarm+1","Iron Wave+1","Twin Strike","Iron Wave+1","Entrench","Bludgeon","Impervious+1","Apotheosis+1","Demon Form+1","Corruption","Ghostly Armor+1","Body Slam+1","Sword Boomerang+1","Fiend Fire+1"],"special_seed":0,"relics":["Burning Blood","Golden Idol","Letter Opener","Singing Bowl","Bag of Marbles","Centennial Puzzle","Snecko Eye","Shuriken","Pantograph","Pen Nib","Astrolabe","Strange Spoon","Happy Flower","Boot","Bag of Preparation","Ancient Tea Set","Darkstone Periapt"],"potions_floor_usage":[16,33,36,41,42,50,50,50],"damage_taken":[{"damage":7.0,"enemies":"Small Slimes","floor":1.0,"turns":5.0},{"damage":4.0,"enemies":"Cultist","floor":2.0,"turns":3.0},{"damage":9.0,"enemies":"Jaw Worm","floor":5.0,"turns":3.0},{"damage":7.0,"enemies":"Blue Slaver","floor":7.0,"turns":4.0},{"damage":15.0,"enemies":"Large Slime","floor":12.0,"turns":8.0},{"damage":12.0,"enemies":"Exordium Wildlife","floor":13.0,"turns":5.0},{"damage":24,"enemies":"3 Sentries","floor":14,"turns":9},{"damage":53,"enemies":"Hexaghost","floor":16,"turns":14},{"damage":16,"enemies":"Shell Parasite","floor":18,"turns":5},{"damage":14,"enemies":"3 Byrds","floor":22,"turns":7},{"damage":35,"enemies":"Slavers","floor":23,"turns":5},{"damage":0,"enemies":"Snake Plant","floor":25,"turns":6},{"damage":13,"enemies":"Centurion and Healer","floor":28,"turns":9},{"damage":8,"enemies":"Book of Stabbing","floor":29,"turns":5},{"damage":12,"enemies":"Sentry and Sphere","floor":31,"turns":8},{"damage":48,"enemies":"Automaton","floor":33,"turns":11},{"damage":0,"enemies":"Orb Walker","floor":35,"turns":3},{"damage":15,"enemies":"3 Shapes","floor":37,"turns":9},{"damage":33,"enemies":"Reptomancer","floor":41,"turns":6},{"damage":8,"enemies":"Transient","floor":42,"turns":5},{"damage":2,"enemies":"4 Shapes","floor":44,"turns":6},{"damage":0,"enemies":"Giant Head","floor":45,"turns":6},{"damage":0,"enemies":"Reptomancer","floor":48,"turns":7},{"damage":95,"enemies":"Awakened One","floor":50,"turns":8}],"seed_played":"1299822558434128091","potions_obtained":[{"floor":1.0,"key":"Explosive Potion"},{"floor":2.0,"key":"AttackPotion"},{"floor":14,"key":"Regen Potion"},{"floor":28,"key":"SpeedPotion"},{"floor":29,"key":"Explosive Potion"},{"floor":31,"key":"Swift Potion"},{"floor":36,"key":"Fruit Juice"},{"floor":36,"key":"Block Potion"},{"floor":41,"key":"Fire Potion"},{"floor":45,"key":"FearPotion"}],"is_trial":false,"path_per_floor":["M","M","?","?","M","R","M","$","T","T","R","M","M","E","R","B",null,"M","?","?","$","M","E","R","M","T","?","M","E","R","M","R","B",null,"M","?","M","$","T","R","E","M","T","M","E","$","R","E","R","B"],"character_chosen":"IRONCLAD","items_purchased":["Armaments","Inflame","Corruption","Strange Spoon","Happy Flower","Fiend Fire"],"campfire_rested":1,"item_purchase_floors":[21,21,38,38,38,46],"current_hp_per_floor":[79,80,60,60,57,57,56,56,56,56,56,47,43,25,49,17,66,56,56,56,56,57,34,34,50,50,50,57,57,57,53,53,23,49,59,64,57,57,57,57,42,50,50,63,66,66,66,68,68,0],"gold":146,"neow_bonus":"HUNDRED_GOLD","is_prod":false,"is_daily":false,"chose_seed":false,"campfire_upgraded":7,"win_rate":0,"timestamp":1544996516,"path_taken":["M","M","?","?","M","R","?","$","T","?","R","M","M","E","R","BOSS","M","?","?","$","M","E","R","M","T","?","M","E","R","M","R","BOSS","M","?","M","$","?","R","E","M","T","M","E","$","R","E","R","BOSS"],"build_version":"2018-12-13","purchased_purges":2,"victory":false,"max_hp_per_floor":[80,80,80,80,80,80,80,80,80,80,80,80,82,82,82,82,82,82,82,57,57,57,57,57,57,57,57,57,57,57,57,57,57,57,59,64,64,64,64,64,64,64,64,66,66,66,66,68,68,68],"card_choices":[{"not_picked":["Whirlwind","Perfected Strike"],"picked":"Clothesline","floor":1.0},{"not_picked":["Perfected Strike","Sword Boomerang"],"picked":"Anger","floor":2.0},{"not_picked":["Pommel Strike","Infernal Blade"],"picked":"Feel No Pain","floor":5.0},{"not_picked":["Thunderclap","Sword Boomerang"],"picked":"True Grit","floor":7.0},{"not_picked":["Bloodletting","True Grit"],"picked":"Cleave","floor":12.0},{"not_picked":["Clothesline","Sword Boomerang","Havoc"],"picked":"Singing Bowl","floor":13.0},{"not_picked":["Sword Boomerang","Searing Blow"],"picked":"Metallicize","floor":14},{"not_picked":["Berserk","Fiend Fire"],"picked":"Impervious","floor":16},{"not_picked":["Rage","Combust"],"picked":"Feel No Pain","floor":18},{"not_picked":["Headbutt","Anger+1"],"picked":"Pommel Strike+1","floor":22},{"not_picked":["Searing Blow","Pommel Strike"],"picked":"Disarm","floor":23},{"not_picked":["Wild Strike","Combust+1"],"picked":"Iron Wave+1","floor":25},{"not_picked":["Cleave","Heavy Blade"],"picked":"Twin Strike","floor":28},{"not_picked":["Rampage","Heavy Blade"],"picked":"Iron Wave+1","floor":29},{"not_picked":["Rampage","Berserk"],"picked":"Entrench","floor":31},{"not_picked":["Impervious","Berserk"],"picked":"Bludgeon","floor":33},{"not_picked":["Perfected Strike+1","Pommel Strike","Blood for Blood+1"],"picked":"Singing Bowl","floor":35},{"not_picked":["Havoc+1","Clash"],"picked":"Rage+1","floor":37},{"not_picked":["Anger","Cleave+1"],"picked":"Ghostly Armor+1","floor":41},{"not_picked":["Bloodletting+1","Flex+1"],"picked":"Body Slam+1","floor":42},{"not_picked":["Iron Wave+1","Body Slam","Perfected Strike+1"],"picked":"Singing Bowl","floor":44},{"not_picked":["Entrench+1","Inflame"],"picked":"Sword Boomerang+1","floor":45},{"not_picked":["Brutality","Fire Breathing","Sever Soul"],"picked":"Singing Bowl","floor":48}],"player_experience":256218,"relics_obtained":[{"floor":9.0,"key":"Singing Bowl"},{"floor":10.0,"key":"Bag of Marbles"},{"floor":14,"key":"Centennial Puzzle"},{"floor":23,"key":"Shuriken"},{"floor":26,"key":"Pantograph"},{"floor":29,"key":"Pen Nib"},{"floor":41,"key":"Boot"},{"floor":43,"key":"Bag of Preparation"},{"floor":45,"key":"Ancient Tea Set"},{"floor":48,"key":"Darkstone Periapt"}],"event_choices":[{"damage_healed":0.0,"max_hp_gain":0.0,"max_hp_loss":0.0,"gold_gain":0.0,"event_name":"Golden Idol","player_choice":"Take Damage","floor":3.0,"gold_loss":0.0,"damage_taken":20.0,"relics_obtained":["Golden Idol"]},{"damage_healed":0.0,"max_hp_gain":0.0,"max_hp_loss":0.0,"gold_gain":0.0,"event_name":"WeMeetAgain","player_choice":"Gave Potion","floor":4.0,"gold_loss":0.0,"damage_taken":0.0,"relics_obtained":["Letter Opener"]},{"cards_removed":["Clothesline"],"damage_healed":0,"gold_gain":0,"player_choice":"Elegance","damage_taken":0,"max_hp_gain":0,"max_hp_loss":0,"event_name":"Back to Basics","floor":19,"gold_loss":0},{"damage_healed":0,"gold_gain":0,"player_choice":"Became a vampire","damage_taken":0,"max_hp_gain":0,"max_hp_loss":25,"event_name":"Vampires","floor":20,"gold_loss":0,"cards_obtained":["Bite","Bite","Bite","Bite","Bite"]},{"damage_healed":0,"gold_gain":0,"player_choice":"Ignored","damage_taken":0,"max_hp_gain":0,"max_hp_loss":0,"event_name":"Beggar","floor":27,"gold_loss":0},{"damage_healed":0,"gold_gain":0,"player_choice":"Got Potions","damage_taken":0,"max_hp_gain":0,"max_hp_loss":0,"event_name":"Lab","floor":36,"gold_loss":0}],"is_beta":false,"boss_relics":[{"not_picked":["Calling Bell","Eternal Feather"],"picked":"Snecko Eye"},{"not_picked":["Lizard Tail","Pandora\u0027s Box"],"picked":"Astrolabe"}],"items_purged_floors":[21,38],"is_endless":false,"potions_floor_spawned":[1,2,14,28,29,31,37,41,45],"killed_by":"Awakened One","ascension_level":5}