{"gold_per_floor":[114,126,141,141,159,159,184,184,184,200,217,217,251,270,270,369,369,380,392,372,392,103,134,134,144,169,169,181,32,32,32,32,32],"floor_reached":33,"playtime":1393,"items_purged":["Strike_R","Writhe"],"score":307,"play_id":"cfa97722-369c-41a6-9590-3d8298a16e99","local_time":"20181028151324","is_ascension_mode":true,"campfire_choices":[{"data":"Bash","floor":6.0,"key":"SMITH"},{"data":"True Grit","floor":8.0,"key":"SMITH"},{"data":"Body Slam","floor":12.0,"key":"SMITH"},{"data":"Inflame","floor":15.0,"key":"SMITH"},{"data":"Barricade","floor":24,"key":"SMITH"},{"data":"Warcry","floor":30,"key":"SMITH"},{"floor":32,"key":"REST"}],"neow_cost":"NONE","seed_source_timestamp":0,"circlet_count":0,"master_deck":["Strike_R","Strike_R","Strike_R","Strike_R","Defend_R","Defend_R","Defend_R","Defend_R","Bash+1","Clash","Cleave","Inflame+1","Headbutt","True Grit+1","Body Slam+1","Shrug It Off","Sword Boomerang+1","Reaper+1","Pommel Strike+1","Battle Trance","Warcry+1","Feel No Pain","Ghostly Armor+1","Flex","Body Slam+1","Whirlwind+1","Barricade+1","Twin Strike+1","Body Slam+1","Warcry"],"special_seed":0,"relics":["Burning Blood","NeowsBlessing","Thread and Needle","Kunai","Molten Egg 2","Orrery","Centennial Puzzle","Bronze Scales","Frozen Egg 2"],"potions_floor_usage":[23,23,25,28],"damage_taken":[{"damage":0.0,"enemies":"Small Slimes","floor":1.0,"turns":1.0},{"damage":0.0,"enemies":"2 Louse","floor":2.0,"turns":1.0},{"damage":0.0,"enemies":"Cultist","floor":3.0,"turns":1.0},{"damage":5.0,"enemies":"Gremlin Gang","floor":5.0,"turns":4.0},{"damage":26.0,"enemies":"Lagavulin","floor":7.0,"turns":5.0},{"damage":5.0,"enemies":"3 Louse","floor":10.0,"turns":4.0},{"damage":2.0,"enemies":"Red Slaver","floor":11.0,"turns":3.0},{"damage":9.0,"enemies":"3 Sentries","floor":13.0,"turns":8.0},{"damage":0.0,"enemies":"Looter","floor":14.0,"turns":2.0},{"damage":35.0,"enemies":"The Guardian","floor":16.0,"turns":10.0},{"damage":2.0,"enemies":"3 Byrds","floor":18.0,"turns":4.0},{"damage":12.0,"enemies":"Spheric Guardian","floor":19.0,"turns":4.0},{"damage":11.0,"enemies":"Centurion and Healer","floor":21.0,"turns":7.0},{"damage":59,"enemies":"Book of Stabbing","floor":23,"turns":7},{"damage":34,"enemies":"Snake Plant","floor":25,"turns":5},{"damage":8,"enemies":"Cultist and Chosen","floor":28,"turns":5},{"damage":72,"enemies":"Collector","floor":33,"turns":7}],"seed_played":"3610121673610025548","potions_obtained":[{"floor":3.0,"key":"Regen Potion"},{"floor":7.0,"key":"SkillPotion"},{"floor":14.0,"key":"Swift Potion"},{"floor":16.0,"key":"Energy Potion"},{"floor":20.0,"key":"BloodPotion"},{"floor":21.0,"key":"GamblersBrew"},{"floor":23,"key":"Energy Potion"}],"is_trial":false,"path_per_floor":["M","M","M","?","M","R","E","R","T","M","M","R","E","M","R","B",null,"M","M","?","M","$","E","R","M","T","?","M","$","R","?","R"],"character_chosen":"IRONCLAD","items_purchased":["Whirlwind+1","Barricade","Warcry"],"campfire_rested":1,"item_purchase_floors":[22,22,29],"current_hp_per_floor":[80,80,80,80,80,80,60,60,60,61,65,65,62,68,68,39,80,80,74,74,80,80,46,46,26,26,26,24,24,24,24,48,0],"gold":32,"neow_bonus":"THREE_ENEMY_KILL","is_prod":false,"is_daily":false,"chose_seed":false,"campfire_upgraded":6,"win_rate":0,"timestamp":1540746804,"path_taken":["M","M","M","?","M","R","E","R","T","M","?","R","E","?","R","BOSS","M","M","?","?","$","E","R","M","T","?","M","$","R","?","R","BOSS"],"build_version":"2018-10-25v2","purchased_purges":2,"victory":false,"max_hp_per_floor":[80,80,80,80,80,80,80,80,80,80,80,80,80,80,80,80,80,80,80,80,80,80,80,80,80,80,80,80,80,80,80,80,80],"card_choices":[{"not_picked":["Perfected Strike","Searing Blow"],"picked":"Clash","floor":1.0},{"not_picked":["Clothesline","Disarm"],"picked":"Cleave","floor":2.0},{"not_picked":["Flex","Dual Wield"],"picked":"Inflame","floor":3.0},{"not_picked":["Brutality","Blood for Blood"],"picked":"Headbutt","floor":5.0},{"not_picked":["Thunderclap","Cleave"],"picked":"True Grit","floor":7.0},{"not_picked":["Flex","True Grit"],"picked":"Body Slam","floor":10.0},{"not_picked":["Clothesline","Cleave"],"picked":"Shrug It Off","floor":11.0},{"not_picked":["Corruption","Dual Wield","Heavy Blade"],"picked":"SKIP","floor":13.0},{"not_picked":["Hemokinesis+1","Evolve"],"picked":"Sword Boomerang+1","floor":14.0},{"not_picked":["Demon Form","Immolate+1"],"picked":"Reaper+1","floor":16.0},{"not_picked":["Sentinel","Warcry"],"picked":"Pommel Strike+1","floor":17.0},{"not_picked":["Ghostly Armor","Corruption"],"picked":"Battle Trance","floor":17.0},{"not_picked":["Armaments","Wild Strike+1"],"picked":"Warcry","floor":17.0},{"not_picked":["Perfected Strike+1","Dual Wield"],"picked":"Feel No Pain","floor":17.0},{"not_picked":["Perfected Strike+1","Blood for Blood+1"],"picked":"Ghostly Armor+1","floor":18.0},{"not_picked":["Demon Form","Thunderclap+1"],"picked":"Flex","floor":19.0},{"not_picked":["Havoc","Cleave+1"],"picked":"Body Slam+1","floor":21.0},{"not_picked":["Bloodletting+1","Wild Strike+1"],"picked":"Twin Strike+1","floor":23},{"not_picked":["Carnage+1","Twin Strike+1","Headbutt+1"],"picked":"SKIP","floor":25},{"not_picked":["Twin Strike+1","Dropkick+1"],"picked":"Body Slam+1","floor":28}],"player_experience":113521,"relics_obtained":[{"floor":7.0,"key":"Thread and Needle"},{"floor":9.0,"key":"Kunai"},{"floor":13.0,"key":"Molten Egg 2"},{"floor":23,"key":"Centennial Puzzle"},{"floor":26,"key":"Bronze Scales"}],"event_choices":[{"damage_healed":0.0,"max_hp_gain":0.0,"max_hp_loss":0.0,"gold_gain":0.0,"event_name":"Liars Game","player_choice":"Ignored","floor":4.0,"gold_loss":0.0,"damage_taken":0.0},{"damage_healed":0.0,"max_hp_gain":0.0,"max_hp_loss":0.0,"gold_gain":0.0,"event_name":"The Woman in Blue","player_choice":"Bought 1 Potion","floor":20.0,"gold_loss":0.0,"damage_taken":0.0},{"damage_healed":0,"gold_gain":0,"player_choice":"Opened","damage_taken":0,"relics_obtained":["Frozen Egg 2"],"max_hp_gain":0,"max_hp_loss":0,"event_name":"The Mausoleum","floor":27,"gold_loss":0,"cards_obtained":["Writhe"]}],"is_beta":false,"boss_relics":[{"not_picked":["Lizard Tail","Ectoplasm"],"picked":"Orrery"}],"items_purged_floors":[22,29],"is_endless":false,"potions_floor_spawned":[3,7,14,16,21,23],"killed_by":"Collector","ascension_level":2}