{"gold_per_floor":[119,137,137,149,149,149,184,184,184,216,291,16,34,46,46,125,125,142,155,66,82,102,102,137,237,237,237,4,35,35,55,55,130,130,143,198,213,213,1212,1212,1229,1243,1243,1262,537,537,86,103,103,103],"floor_reached":50,"playtime":2737,"items_purged":["Strike_B","Strike_B","Normality","Normality"],"score":1084,"play_id":"e71236f1-2bcc-48e3-ae46-57d551d84c3b","local_time":"20190117194301","is_ascension_mode":true,"campfire_choices":[{"data":"Zap","floor":6,"key":"SMITH"},{"data":"Ball Lightning","floor":8,"key":"SMITH"},{"data":"Hologram","floor":15,"key":"SMITH"},{"data":"Sunder","floor":23,"key":"SMITH"},{"data":"Defragment","floor":32,"key":"SMITH"},{"floor":40,"key":"REST"},{"floor":49,"key":"REST"}],"neow_cost":"NONE","seed_source_timestamp":695735720877392,"circlet_count":0,"master_deck":["AscendersBane","Strike_B+1","Strike_B","Defend_B","Defend_B","Defend_B+1","Defend_B","Zap+1","Dualcast","Ball Lightning+1","Glacier","Sweeping Beam","Hologram+1","Auto Shields","Conserve Battery","Cold Snap","All For One","Electrodynamics","Hologram","Compile Driver","Sunder+1","Undo","Creative AI","Defragment+1","Ball Lightning+1","Echo Form","Undo","Capacitor","Writhe","Hologram+1","Reinforced Body+1","Mayhem","Thunder Strike","Mind Blast","Storm"],"relics":["Cracked Core","NeowsBlessing","Blue Candle","Bottled Lightning","Shuriken","Thread and Needle","Snecko Eye","Sundial","Ginger","Symbiotic Virus","Dodecahedron","Enchiridion","Pantograph","Fusion Hammer","Du-Vu Doll","Bronze Scales","Lee\u0027s Waffle","DataDisk"],"potions_floor_usage":[7,13,16,24,25,33,36,50,50],"damage_taken":[{"damage":0,"enemies":"Cultist","floor":1,"turns":1},{"damage":0,"enemies":"Jaw Worm","floor":2,"turns":1},{"damage":0,"enemies":"Small Slimes","floor":4,"turns":1},{"damage":1,"enemies":"Lagavulin","floor":7,"turns":7},{"damage":11,"enemies":"3 Sentries","floor":10,"turns":8},{"damage":0,"enemies":"3 Louse","floor":13,"turns":3},{"damage":0,"enemies":"Looter","floor":14,"turns":3},{"damage":5,"enemies":"The Guardian","floor":16,"turns":11},{"damage":7,"enemies":"Chosen","floor":18,"turns":4},{"damage":0,"enemies":"Shell Parasite","floor":19,"turns":4},{"damage":0,"enemies":"Snecko","floor":21,"turns":3},{"damage":0,"enemies":"Centurion and Healer","floor":22,"turns":5},{"damage":8,"enemies":"Slavers","floor":24,"turns":2},{"damage":0,"enemies":"Colosseum Slavers","floor":25,"turns":4},{"damage":2,"enemies":"Colosseum Nobs","floor":25,"turns":4},{"damage":0,"enemies":"Book of Stabbing","floor":29,"turns":3},{"damage":0,"enemies":"Cultist and Chosen","floor":31,"turns":5},{"damage":25,"enemies":"Collector","floor":33,"turns":9},{"damage":0,"enemies":"3 Darklings","floor":35,"turns":4},{"damage":43,"enemies":"2 Orb Walkers","floor":36,"turns":5},{"damage":0,"enemies":"Orb Walker","floor":37,"turns":1},{"damage":15,"enemies":"Jaw Worm Horde","floor":41,"turns":4},{"damage":10,"enemies":"3 Darklings","floor":42,"turns":3},{"damage":3,"enemies":"Sphere and 2 Shapes","floor":44,"turns":3},{"damage":0,"enemies":"4 Shapes","floor":48,"turns":2},{"damage":81,"enemies":"Awakened One","floor":50,"turns":8}],"seed_played":"-50396288726927819","potions_obtained":[{"floor":1,"key":"Weak Potion"},{"floor":13,"key":"AttackPotion"},{"floor":16,"key":"GamblersBrew"},{"floor":18,"key":"EssenceOfSteel"},{"floor":31,"key":"FearPotion"},{"floor":33,"key":"EssenceOfSteel"},{"floor":44,"key":"Swift Potion"}],"is_trial":false,"path_per_floor":["M","M","?","M","T","R","E","R","T","E","?","$","M","M","R","B",null,"M","M","$","M","M","R","E","?","T","?","$","E","$","M","R","B",null,"M","?","M","?","?","R","M","M","T","M","$","?","$","M","R","B"],"character_chosen":"DEFECT","items_purchased":["Conserve Battery","FocusPotion","Regen Potion","Sunder","Defragment","Fire Potion","Mayhem","Lee\u0027s Waffle","Thunder Strike","DataDisk","Block Potion","Storm"],"campfire_rested":2,"item_purchase_floors":[12,12,12,20,28,28,45,45,45,47,47,47],"current_hp_per_floor":[64,64,43,43,43,43,42,42,42,31,20,20,29,29,29,24,59,52,52,52,52,52,52,44,42,42,21,21,21,21,21,21,21,59,59,16,16,30,30,51,36,26,26,23,78,78,78,78,78,0],"gold":103,"neow_bonus":"THREE_ENEMY_KILL","is_prod":false,"is_daily":false,"chose_seed":false,"campfire_upgraded":5,"win_rate":0,"timestamp":1547779381,"path_taken":["M","M","?","M","?","R","E","R","T","E","?","$","M","M","R","BOSS","M","M","$","M","M","R","E","?","T","?","$","E","?","M","R","BOSS","M","?","M","?","?","R","M","M","T","M","$","?","$","M","R","BOSS"],"build_version":"2019-01-16","purchased_purges":4,"victory":false,"max_hp_per_floor":[71,71,71,71,71,71,71,71,71,71,71,71,71,71,71,71,71,71,71,71,71,71,71,71,71,71,71,71,71,71,71,71,71,71,71,71,71,71,71,71,71,71,71,71,78,78,78,78,78,78],"card_choices":[{"not_picked":["Skim","Hologram"],"picked":"Ball Lightning","floor":1},{"not_picked":["Capacitor","Stack"],"picked":"Glacier","floor":2},{"not_picked":["Rebound","Lockon"],"picked":"Sweeping Beam","floor":4},{"not_picked":["Reprogram","Rip and Tear"],"picked":"Hologram","floor":7},{"not_picked":["Coolheaded","Static Discharge"],"picked":"Auto Shields","floor":10},{"not_picked":["Steam","Stack"],"picked":"Cold Snap","floor":13},{"not_picked":["Aggregate","Streamline"],"picked":"All For One","floor":14},{"not_picked":["Core Surge","Amplify"],"picked":"Electrodynamics","floor":16},{"not_picked":["Coolheaded","Go for the Eyes"],"picked":"Hologram","floor":18},{"not_picked":["Leap","Hologram"],"picked":"Compile Driver","floor":19},{"not_picked":["Redo+1","Lockon","Capacitor"],"picked":"SKIP","floor":21},{"not_picked":["Beam Cell","Cold Snap"],"picked":"Undo","floor":22},{"not_picked":["Rebound","Steam Power"],"picked":"Creative AI","floor":24},{"not_picked":["Core Surge","Conserve Battery"],"picked":"Ball Lightning+1","floor":29},{"not_picked":["Beam Cell","Compile Driver","Hologram"],"picked":"SKIP","floor":31},{"not_picked":["Amplify","Biased Cognition"],"picked":"Echo Form","floor":33},{"not_picked":["Gash","Rebound","Lockon"],"picked":"SKIP","floor":35},{"not_picked":["Tempest","Beam Cell"],"picked":"Undo","floor":36},{"not_picked":["Rebound","Go for the Eyes"],"picked":"Capacitor","floor":37},{"not_picked":["Streamline","Stack+1"],"picked":"Hologram+1","floor":41},{"not_picked":["Conserve Battery","Beam Cell"],"picked":"Reinforced Body+1","floor":42},{"not_picked":["Gash","Conserve Battery","Machine Learning"],"picked":"SKIP","floor":44},{"not_picked":["Blind","Panacea"],"picked":"Mind Blast","floor":46},{"not_picked":["Reinforced Body","Aggregate+1","Genetic Algorithm"],"picked":"SKIP","floor":48}],"player_experience":1217051,"relics_obtained":[{"floor":5,"key":"Blue Candle"},{"floor":7,"key":"Bottled Lightning"},{"floor":9,"key":"Shuriken"},{"floor":10,"key":"Thread and Needle"},{"floor":24,"key":"Sundial"},{"floor":25,"key":"Ginger"},{"floor":25,"key":"Symbiotic Virus"},{"floor":26,"key":"Dodecahedron"},{"floor":27,"key":"Enchiridion"},{"floor":29,"key":"Pantograph"},{"floor":36,"key":"Du-Vu Doll"},{"floor":43,"key":"Bronze Scales"}],"event_choices":[{"damage_healed":0,"gold_gain":0,"player_choice":"Entered Light","damage_taken":21,"max_hp_gain":0,"max_hp_loss":0,"event_name":"Shining Light","floor":3,"gold_loss":0,"cards_upgraded":["Strike_B","Defend_B"]},{"damage_healed":0,"gold_gain":75,"player_choice":"Gather Gold","damage_taken":11,"max_hp_gain":0,"max_hp_loss":0,"event_name":"World of Goop","floor":11,"gold_loss":0},{"damage_healed":0,"gold_gain":0,"player_choice":"Fight","damage_taken":0,"max_hp_gain":0,"max_hp_loss":0,"event_name":"Colosseum","floor":25,"gold_loss":0},{"damage_healed":0,"gold_gain":0,"player_choice":"Fought Nobs","damage_taken":0,"max_hp_gain":0,"max_hp_loss":0,"event_name":"Colosseum","floor":25,"gold_loss":0},{"damage_healed":0,"gold_gain":0,"player_choice":"Obtained Book","damage_taken":21,"max_hp_gain":0,"max_hp_loss":0,"event_name":"Cursed Tome","floor":27,"gold_loss":0},{"damage_healed":0,"gold_gain":0,"player_choice":"Fight","damage_taken":0,"max_hp_gain":0,"max_hp_loss":0,"event_name":"Mysterious Sphere","floor":36,"gold_loss":0},{"damage_healed":14,"gold_gain":0,"player_choice":"Writhe","damage_taken":0,"max_hp_gain":0,"max_hp_loss":0,"event_name":"Winding Halls","floor":38,"gold_loss":0,"cards_obtained":["Writhe"]},{"damage_healed":0,"gold_gain":999,"player_choice":"Gold","damage_taken":0,"max_hp_gain":0,"max_hp_loss":0,"event_name":"MindBloom","floor":39,"gold_loss":0,"cards_obtained":["Normality","Normality"]},{"damage_healed":0,"gold_gain":0,"player_choice":"Memory 1","damage_taken":0,"max_hp_gain":0,"max_hp_loss":0,"event_name":"SensoryStone","floor":46,"gold_loss":0}],"is_beta":true,"boss_relics":[{"not_picked":["Pandora\u0027s Box","Runic Dome"],"picked":"Snecko Eye"},{"not_picked":["Inserter","Eternal Feather"],"picked":"Fusion Hammer"}],"items_purged_floors":[12,28,45,47],"is_endless":false,"potions_floor_spawned":[1,13,14,16,18,19,22,31,33,35,44],"killed_by":"Awakened One","ascension_level":20}