{"gold_per_floor":[109,119,129,106,106,106,116,116,116,145,145,170,170,180,180,180],"floor_reached":16,"playtime":677,"items_purged":[],"score":149,"play_id":"a48fc649-b2fa-4218-bef9-398f5789dbc5","local_time":"20190131105146","is_ascension_mode":true,"campfire_choices":[{"data":"Flame Barrier","floor":6,"key":"SMITH"},{"data":"Cleave","floor":8,"key":"SMITH"},{"floor":13,"key":"REST"},{"data":"Shrug It Off","floor":15,"key":"SMITH"}],"neow_cost":"NONE","seed_source_timestamp":44799418191190,"circlet_count":0,"master_deck":["Strike_R","Strike_R","Strike_R","Strike_R","Strike_R","Defend_R","Defend_R","Defend_R","Defend_R","Bash+1","Anger","Flame Barrier+1","Cleave+1","Ghostly Armor","Shrug It Off+1","Offering","Evolve"],"relics":["Burning Blood","Dream Catcher","Pear","Dead Branch","Blood Vial"],"potions_floor_usage":[10,12,16],"damage_taken":[{"damage":1,"enemies":"Cultist","floor":1,"turns":3},{"damage":7,"enemies":"Jaw Worm","floor":2,"turns":4},{"damage":0,"enemies":"Small Slimes","floor":3,"turns":3},{"damage":32,"enemies":"Exordium Thugs","floor":7,"turns":6},{"damage":41,"enemies":"Lagavulin","floor":10,"turns":7},{"damage":23,"enemies":"Gremlin Nob","floor":12,"turns":4},{"damage":12,"enemies":"Exordium Wildlife","floor":14,"turns":6},{"damage":37,"enemies":"Hexaghost","floor":16,"turns":9}],"seed_played":"6842088159033705221","potions_obtained":[{"floor":2,"key":"SneckoOil"},{"floor":7,"key":"SmokeBomb"},{"floor":10,"key":"Energy Potion"},{"floor":14,"key":"Energy Potion"}],"is_trial":false,"path_per_floor":["M","M","M","$","?","R","M","R","T","E","?","E","R","M","R","B"],"character_chosen":"IRONCLAD","items_purchased":["Cleave"],"campfire_rested":1,"item_purchase_floors":[4],"current_hp_per_floor":[77,76,80,80,80,80,54,54,64,29,29,12,39,35,35,0],"gold":180,"neow_bonus":"RANDOM_COMMON_RELIC","is_prod":false,"is_daily":false,"chose_seed":false,"campfire_upgraded":3,"win_rate":0,"timestamp":1548939106,"path_taken":["M","M","M","?","?","R","M","R","T","E","?","E","R","M","R","BOSS"],"build_version":"2019-01-23","purchased_purges":0,"victory":false,"max_hp_per_floor":[80,80,80,80,80,80,80,80,90,90,90,90,90,90,90,90],"card_choices":[{"not_picked":["Twin Strike","Sword Boomerang"],"picked":"Anger","floor":1},{"not_picked":["Perfected Strike","Reckless Charge","Clash"],"picked":"SKIP","floor":2},{"not_picked":["Intimidate","Havoc"],"picked":"Flame Barrier","floor":3},{"not_picked":["Twin Strike","Cleave"],"picked":"Ghostly Armor","floor":7},{"not_picked":["Cleave","Body Slam"],"picked":"Shrug It Off","floor":10},{"not_picked":["Entrench","Iron Wave"],"picked":"Offering","floor":12},{"not_picked":["Body Slam","Ghostly Armor"],"picked":"Evolve","floor":13},{"not_picked":["Flex","Heavy Blade","Sword Boomerang"],"picked":"SKIP","floor":14}],"player_experience":289449,"relics_obtained":[{"floor":9,"key":"Pear"},{"floor":10,"key":"Dead Branch"},{"floor":12,"key":"Blood Vial"}],"event_choices":[{"damage_healed":0,"gold_gain":0,"player_choice":"Grow","damage_taken":0,"max_hp_gain":0,"max_hp_loss":0,"event_name":"Living Wall","floor":5,"gold_loss":0,"cards_upgraded":["Bash"]},{"damage_healed":0,"gold_gain":0,"player_choice":"Ignored","damage_taken":0,"max_hp_gain":0,"max_hp_loss":0,"event_name":"Shining Light","floor":11,"gold_loss":0}],"is_beta":false,"boss_relics":[],"items_purged_floors":[],"is_endless":false,"potions_floor_spawned":[2,7,10,14],"killed_by":"Hexaghost","ascension_level":7}