{"gold_per_floor":[114,127,127,143,163,203,239,267,279,309,52,52,52,77,77,197,197,210,241,259,309,234,234,247,92,118,66,66,86,86,111,111,237,237,251,269,269,293,515,515,533,533,556,570,583,583],"floor_reached":46,"playtime":4650,"items_purged":[],"score":480,"play_id":"843ab7f6-2f01-4ddf-9184-3d823ccf88d4","local_time":"20181012180820","is_ascension_mode":false,"campfire_choices":[{"floor":13,"key":"REST"},{"floor":15,"key":"REST"},{"floor":23,"key":"REST"},{"floor":30,"key":"REST"},{"floor":32,"key":"REST"},{"floor":42,"key":"REST"}],"neow_cost":"","seed_source_timestamp":11302088478821,"circlet_count":0,"master_deck":["Strike_B","Strike_B","Defend_B","Defend_B","Zap","Dualcast","Rip and Tear","Doom and Gloom","Sweeping Beam","Double Energy+1","Biased Cognition","Chaos","FTL","Beam Cell","Coolheaded","Multi-Cast","Reinforced Body","Amplify","Steam","Cold Snap+1","Compile Driver","Barrage+1","All For One","Go for the Eyes","Writhe","Steam","Streamline","Electrodynamics","Buffer+1","Multi-Cast+1","Consume+1","Rip and Tear+1","Gash+1","Deep Breath","Compile Driver","Go for the Eyes","Steam+1","Stack+1"],"relics":["Cracked Core","Golden Idol","MawBank","Shuriken","Lantern","Eternal Feather","Red Mask","Vajra","Mummified Hand","Astrolabe","Orichalcum"],"potions_floor_usage":[6,16,16,16,19,31,33,33,38,40,46],"damage_taken":[{"damage":0,"enemies":"2 Louse","floor":1,"turns":3},{"damage":1,"enemies":"Cultist","floor":2,"turns":3},{"damage":10,"enemies":"Small Slimes","floor":4,"turns":2},{"damage":10,"enemies":"Exordium Thugs","floor":5,"turns":3},{"damage":13,"enemies":"3 Sentries","floor":6,"turns":4},{"damage":10,"enemies":"Looter","floor":7,"turns":2},{"damage":3,"enemies":"Blue Slaver","floor":8,"turns":3},{"damage":2,"enemies":"2 Fungi Beasts","floor":10,"turns":3},{"damage":6,"enemies":"Gremlin Gang","floor":14,"turns":5},{"damage":33,"enemies":"Slime Boss","floor":16,"turns":11},{"damage":17,"enemies":"Shell Parasite","floor":18,"turns":4},{"damage":56,"enemies":"Masked Bandits","floor":19,"turns":6},{"damage":0,"enemies":"Chosen","floor":20,"turns":4},{"damage":27,"enemies":"Centurion and Healer","floor":24,"turns":8},{"damage":6,"enemies":"Cultist and Chosen","floor":29,"turns":3},{"damage":27,"enemies":"Shelled Parasite and Fungi","floor":31,"turns":6},{"damage":44,"enemies":"Champ","floor":33,"turns":11},{"damage":3,"enemies":"3 Darklings","floor":35,"turns":5},{"damage":18,"enemies":"Orb Walker","floor":36,"turns":4},{"damage":23,"enemies":"Maw","floor":38,"turns":6},{"damage":13,"enemies":"3 Darklings","floor":40,"turns":2},{"damage":8,"enemies":"Sphere and 2 Shapes","floor":41,"turns":8},{"damage":26,"enemies":"4 Shapes","floor":44,"turns":6},{"damage":0,"enemies":"Transient","floor":45,"turns":5},{"damage":27,"enemies":"3 Darklings","floor":46,"turns":2}],"seed_played":"-2055373641400339743","potions_obtained":[{"floor":1,"key":"Strength Potion"},{"floor":2,"key":"Explosive Potion"},{"floor":7,"key":"Block Potion"},{"floor":10,"key":"Dexterity Potion"},{"floor":16,"key":"Ancient Potion"},{"floor":18,"key":"EssenceOfSteel"},{"floor":19,"key":"FearPotion"},{"floor":29,"key":"FearPotion"},{"floor":31,"key":"SmokeBomb"},{"floor":33,"key":"LiquidBronze"},{"floor":41,"key":"Strength Potion"},{"floor":44,"key":"SpeedPotion"},{"floor":45,"key":"PowerPotion"}],"is_trial":false,"path_per_floor":["M","M","?","M","M","E","M","M","T","M","$","?","R","M","R","B",null,"M","?","M","?","?","R","M","$","T","$","?","M","R","M","R","B",null,"M","M","?","M","?","M","M","R","T","M","M"],"character_chosen":"DEFECT","items_purchased":["Lantern","Coolheaded","Multi-Cast","All For One","Go for the Eyes"],"campfire_rested":6,"item_purchase_floors":[11,11,11,25,27],"current_hp_per_floor":[75,74,56,46,36,23,13,10,10,8,8,8,30,24,46,13,75,58,2,2,2,2,36,9,9,9,9,9,3,40,13,53,9,75,72,54,54,31,31,18,10,53,53,27,27,0],"gold":583,"neow_bonus":"","is_prod":false,"is_daily":false,"chose_seed":false,"campfire_upgraded":0,"win_rate":0.0,"timestamp":1539378500,"path_taken":["M","M","?","?","M","E","M","?","T","M","$","?","R","M","R","BOSS","M","?","M","?","?","R","M","$","T","$","?","M","R","M","R","BOSS","M","?","?","M","?","M","M","R","T","M","M","?"],"build_version":"2018-10-11","purchased_purges":0,"victory":false,"max_hp_per_floor":[75,75,75,75,75,75,75,75,75,75,75,75,75,75,75,75,75,75,75,75,75,75,75,75,75,75,75,75,75,75,75,75,75,75,75,75,75,75,75,75,75,75,75,75,75,75],"card_choices":[{"not_picked":["BootSequence","Compile Driver"],"picked":"Rip and Tear","floor":1},{"not_picked":["Barrage","Leap"],"picked":"Doom and Gloom","floor":2},{"not_picked":["Loop","Compile Driver"],"picked":"Sweeping Beam","floor":4},{"not_picked":["Ball Lightning","Lockon"],"picked":"Double Energy","floor":5},{"not_picked":["Redo","Reprogram"],"picked":"Biased Cognition","floor":6},{"not_picked":["Blizzard","Sweeping Beam"],"picked":"Chaos","floor":7},{"not_picked":["Stack","Skim"],"picked":"FTL","floor":8},{"not_picked":["Streamline","White Noise"],"picked":"Beam Cell","floor":10},{"not_picked":["Scrape","Compile Driver"],"picked":"Reinforced Body","floor":14},{"not_picked":["Multi-Cast","Thunder Strike"],"picked":"Amplify","floor":16},{"not_picked":["Compile Driver","Sweeping Beam"],"picked":"Steam","floor":18},{"not_picked":["Hologram","Hello World+1"],"picked":"Cold Snap+1","floor":19},{"not_picked":["Beam Cell","Skim+1"],"picked":"Compile Driver","floor":20},{"not_picked":["Cold Snap+1","Doom and Gloom"],"picked":"Barrage+1","floor":24},{"not_picked":["Compile Driver","Redo"],"picked":"Steam","floor":29},{"not_picked":["Darkness","Glacier"],"picked":"Streamline","floor":31},{"not_picked":["Buffer","Fission"],"picked":"Electrodynamics","floor":33},{"not_picked":["Storm","Barrage"],"picked":"Rip and Tear+1","floor":35},{"not_picked":["Coolheaded+1","Steam Power"],"picked":"Gash+1","floor":36},{"not_picked":["Impatience","Discovery"],"picked":"Deep Breath","floor":37},{"not_picked":["Hologram","Redo"],"picked":"Compile Driver","floor":38},{"not_picked":["Ball Lightning+1","Conserve Battery"],"picked":"Go for the Eyes","floor":41},{"not_picked":["Fusion+1","Consume"],"picked":"Steam+1","floor":44},{"not_picked":["Barrage","Cold Snap+1"],"picked":"Stack+1","floor":45}],"player_experience":5069,"relics_obtained":[{"floor":6,"key":"MawBank"},{"floor":9,"key":"Shuriken"},{"floor":19,"key":"Red Mask"},{"floor":26,"key":"Vajra"},{"floor":43,"key":"Orichalcum"}],"event_choices":[{"event_name":"Golden Idol","player_choice":"Take Damage","floor":3,"damage_taken":0},{"event_name":"Accursed Blacksmith","player_choice":"Forge","floor":12,"damage_taken":0},{"event_name":"Masked Bandits","player_choice":"Fought Bandits","floor":19,"damage_taken":0},{"event_name":"The Joust","player_choice":"Bet on Murderer","floor":21,"damage_taken":0},{"event_name":"Beggar","player_choice":"Gave Gold","floor":22,"damage_taken":0},{"event_name":"The Mausoleum","player_choice":"Yes","floor":28,"damage_taken":0},{"event_name":"SensoryStone","player_choice":"Memory 1","floor":37,"damage_taken":0},{"event_name":"Tomb of Lord Red Mask","player_choice":"Wore Mask","floor":39,"damage_taken":0}],"is_beta":false,"boss_relics":[{"not_picked":["Orrery","Sozu"],"picked":"Eternal Feather"},{"not_picked":["Runic Pyramid","Black Star"],"picked":"Astrolabe"}],"items_purged_floors":[],"is_endless":false,"potions_floor_spawned":[1,2,7,10,16,18,19,29,31,33,41,44,45],"killed_by":"3 Darklings","ascension_level":0}