{"gold_per_floor":[119,119,136,154,171,171,198,213,213,246,257,257,292,292,292,363,363,363,66,66,66,66,66,66,66,66,66,66,66,66,66,66,66,66,66,15,15,0,0,0,0,0,0,0,0,0,0,0,0,0],"floor_reached":51,"playtime":2684,"items_purged":[],"score":1664,"play_id":"d7876c36-ea4f-4292-8052-b128fc9bd8b8","local_time":"20180803114128","is_ascension_mode":true,"campfire_choices":[{"data":"Go for the Eyes","floor":6,"key":"SMITH"},{"data":"Zap","floor":12,"key":"SMITH"},{"data":"Ball Lightning","floor":15,"key":"SMITH"},{"data":"Capacitor","floor":23,"key":"SMITH"},{"data":"BootSequence","floor":25,"key":"SMITH"},{"data":"Conserve Battery","floor":27,"key":"SMITH"},{"data":"Dualcast","floor":32,"key":"SMITH"},{"data":"Creative AI","floor":40,"key":"SMITH"},{"data":"Coolheaded","floor":42,"key":"SMITH"},{"floor":49,"key":"REST"}],"neow_cost":"NONE","seed_source_timestamp":782514206521742,"circlet_count":0,"master_deck":["Zap+1","Dualcast+1","AscendersBane","Go for the Eyes+1","Glacier","Cold Snap","Capacitor+1","Electrodynamics","Compile Driver","Coolheaded+1","Ball Lightning+1","Echo Form","Ball Lightning","Conserve Battery+1","BootSequence+1","Glacier","Conserve Battery","Creative AI+1","Chill","Gash","Sweeping Beam","Beam Cell","Heatsinks","Turbo","Conserve Battery","Ball Lightning+1","Glacier","Leap+1"],"relics":["Cracked Core","Darkstone Periapt","Oddly Smooth Stone","Centennial Puzzle","Bottled Tornado","Ectoplasm","Thread and Needle","Singing Bowl","Regal Pillow","Potion Belt","Pandora\u0027s Box","Red Mask","Turnip","Bronze Scales","Pen Nib","Molten Egg 2","Old Coin"],"potions_floor_usage":[5,10,11,13,13,18,24,29,29,39,39,41,50],"damage_taken":[{"damage":9,"enemies":"Small Slimes","floor":1,"turns":3},{"damage":2,"enemies":"Jaw Worm","floor":3,"turns":4},{"damage":0,"enemies":"Cultist","floor":4,"turns":5},{"damage":0,"enemies":"Gremlin Gang","floor":5,"turns":3},{"damage":3,"enemies":"Lagavulin","floor":7,"turns":7},{"damage":7,"enemies":"Blue Slaver","floor":8,"turns":3},{"damage":2,"enemies":"3 Sentries","floor":10,"turns":4},{"damage":4,"enemies":"Large Slime","floor":11,"turns":4},{"damage":0,"enemies":"Lagavulin","floor":13,"turns":7},{"damage":0,"enemies":"Slime Boss","floor":16,"turns":7},{"damage":4,"enemies":"3 Byrds","floor":18,"turns":2},{"damage":6,"enemies":"Chosen","floor":20,"turns":5},{"damage":1,"enemies":"Centurion and Healer","floor":21,"turns":4},{"damage":0,"enemies":"3 Cultists","floor":22,"turns":3},{"damage":11,"enemies":"Slavers","floor":24,"turns":2},{"damage":0,"enemies":"Slaver and Parasite","floor":28,"turns":5},{"damage":0,"enemies":"Snecko","floor":29,"turns":5},{"damage":0,"enemies":"Gremlin Leader","floor":31,"turns":8},{"damage":1,"enemies":"Automaton","floor":33,"turns":12},{"damage":13,"enemies":"3 Darklings","floor":35,"turns":4},{"damage":4,"enemies":"Flame Bruiser 1 Orb","floor":37,"turns":5},{"damage":0,"enemies":"Transient","floor":39,"turns":5},{"damage":5,"enemies":"2 Orb Walkers","floor":41,"turns":4},{"damage":21,"enemies":"Nemesis","floor":44,"turns":9},{"damage":0,"enemies":"Giant Head","floor":47,"turns":9},{"damage":0,"enemies":"4 Shapes","floor":48,"turns":4},{"damage":0,"enemies":"Awakened One","floor":50,"turns":16}],"seed_played":"-3117901761608787539","potions_obtained":[{"floor":1,"key":"Explosive Potion"},{"floor":3,"key":"Energy Potion"},{"floor":8,"key":"GamblersBrew"},{"floor":11,"key":"EntropicBrew"},{"floor":20,"key":"Dexterity Potion"},{"floor":21,"key":"Weak Potion"},{"floor":24,"key":"SkillPotion"},{"floor":35,"key":"Energy Potion"},{"floor":39,"key":"FocusPotion"},{"floor":44,"key":"Swift Potion"},{"floor":47,"key":"Explosive Potion"}],"is_trial":false,"path_per_floor":["M","?","M","M","M","R","E","M","T","E","M","R","E","?","R","B",null,"M","$","M","M","M","R","E","R","T","R","M","M","?","E","R","B",null,"M","$","M","?","M","R","E","R","T","E","?","$","E","M","R","B"],"character_chosen":"DEFECT","items_purchased":["Thread and Needle","Fire Potion"],"campfire_rested":1,"item_purchase_floors":[19,36],"current_hp_per_floor":[55,48,46,46,46,46,43,36,36,34,30,30,30,30,30,30,61,57,57,51,50,50,50,41,41,41,41,41,41,41,43,43,42,67,56,56,52,52,54,54,49,49,49,28,28,28,30,30,69,69],"gold":0,"neow_bonus":"THREE_CARDS","is_prod":false,"is_daily":false,"chose_seed":false,"campfire_upgraded":9,"win_rate":0,"timestamp":1533318088,"path_taken":["M","?","M","M","M","R","E","M","T","E","M","R","E","?","R","BOSS","M","$","M","?","M","R","E","R","T","R","M","?","?","E","R","BOSS","M","$","M","?","M","R","E","R","T","E","?","$","E","M","R","BOSS"],"build_version":"2018-08-01","purchased_purges":0,"victory":true,"max_hp_per_floor":[71,71,71,71,71,71,71,71,71,71,71,71,71,71,71,71,71,71,71,71,71,71,71,73,73,73,73,73,73,73,75,75,75,75,77,77,77,77,79,79,79,79,79,79,79,79,81,81,81,81],"card_choices":[{"not_picked":["Skim","Rebound"],"picked":"Go for the Eyes","floor":0},{"not_picked":["Melter","Steam"],"picked":"Glacier","floor":1},{"not_picked":["Fusion","Sweeping Beam"],"picked":"Cold Snap","floor":3},{"not_picked":["Loop","Steam"],"picked":"Capacitor","floor":4},{"not_picked":["Hologram","Rebound"],"picked":"Electrodynamics","floor":5},{"not_picked":["Go for the Eyes","Sunder","Beam Cell"],"picked":"SKIP","floor":7},{"not_picked":["Double Energy","Stack","Rebound"],"picked":"SKIP","floor":8},{"not_picked":["Streamline","Gash"],"picked":"Compile Driver","floor":10},{"not_picked":["Sweeping Beam","Stack"],"picked":"Coolheaded","floor":11},{"not_picked":["Sunder","Fusion"],"picked":"Ball Lightning","floor":13},{"not_picked":["Core Surge","Hyperbeam"],"picked":"Echo Form","floor":16},{"not_picked":["Steam Power","Melter"],"picked":"Ball Lightning","floor":18},{"not_picked":["Redo","Sweeping Beam"],"picked":"Conserve Battery","floor":20},{"not_picked":["Coolheaded","Leap"],"picked":"BootSequence","floor":21},{"not_picked":["Beam Cell+1","Coolheaded","Thunder Strike"],"picked":"SKIP","floor":22},{"not_picked":["Darkness","Multi-Cast","Gash+1"],"picked":"Singing Bowl","floor":24},{"not_picked":["Beam Cell","Go for the Eyes"],"picked":"Glacier","floor":28},{"not_picked":["Beam Cell","Melter"],"picked":"Conserve Battery","floor":29},{"not_picked":["Gash","Amplify","Beam Cell"],"picked":"Singing Bowl","floor":31},{"not_picked":["Reboot","Core Surge"],"picked":"Creative AI","floor":33},{"not_picked":["Redo","Rebound","Compile Driver+1"],"picked":"Singing Bowl","floor":35},{"not_picked":["Chaos","Leap"],"picked":"Conserve Battery","floor":37},{"not_picked":["Self Repair","Double Energy","Heatsinks+1"],"picked":"Singing Bowl","floor":39},{"not_picked":["Steam Power","Loop+1"],"picked":"Ball Lightning+1","floor":41},{"not_picked":["Compile Driver","Cold Snap"],"picked":"Glacier","floor":44},{"not_picked":["Beam Cell+1","Gash+1","Machine Learning"],"picked":"Singing Bowl","floor":47},{"not_picked":["Redo","Streamline+1"],"picked":"Leap+1","floor":48}],"player_experience":928344,"relics_obtained":[{"floor":7,"key":"Darkstone Periapt"},{"floor":9,"key":"Oddly Smooth Stone"},{"floor":10,"key":"Centennial Puzzle"},{"floor":13,"key":"Bottled Tornado"},{"floor":24,"key":"Singing Bowl"},{"floor":26,"key":"Regal Pillow"},{"floor":31,"key":"Potion Belt"},{"floor":41,"key":"Turnip"},{"floor":43,"key":"Bronze Scales"},{"floor":44,"key":"Pen Nib"},{"floor":47,"key":"Old Coin"}],"event_choices":[{"event_name":"Golden Wing","player_choice":"Card Removal","floor":2,"damage_taken":0},{"event_name":"Living Wall","player_choice":"Forget","floor":14,"damage_taken":0},{"event_name":"Back to Basics","player_choice":"Simplicity","floor":30,"damage_taken":0},{"event_name":"Tomb of Lord Red Mask","player_choice":"Paid","floor":38,"damage_taken":0},{"event_name":"WeMeetAgain","player_choice":"Potion","floor":45,"damage_taken":0}],"is_beta":true,"boss_relics":[{"not_picked":["Busted Crown","Calling Bell"],"picked":"Ectoplasm"},{"not_picked":["Tiny House","Sozu"],"picked":"Pandora\u0027s Box"}],"items_purged_floors":[],"is_endless":false,"potions_floor_spawned":[1,3,8,11,20,21,24,35,39,44,47],"ascension_level":15}