{"gold_per_floor":[115,115,141,159,173,173,192,192,246,277,292,367,400,136,136,214,214,234,246,263,5,0,0,26,26],"floor_reached":25,"playtime":959,"items_purged":["Strike_R"],"score":439,"play_id":"6cddd933-99b7-4619-bf05-ebf8d176cfc6","local_time":"20181203204255","is_ascension_mode":true,"campfire_choices":[{"data":"Body Slam","floor":6,"key":"SMITH"},{"data":"Perfected Strike","floor":8,"key":"SMITH"},{"data":"Perfected Strike","floor":15,"key":"SMITH"},{"data":"True Grit","floor":23,"key":"SMITH"}],"neow_cost":"NONE","seed_source_timestamp":1736244874569766,"circlet_count":0,"master_deck":["AscendersBane","Strike_R","Strike_R","Strike_R","Strike_R","Defend_R","Defend_R","Defend_R","Defend_R","Bash","Spot Weakness","Body Slam+1","Perfected Strike+1","Pommel Strike","Thunderclap","Perfected Strike+1","True Grit+1","Offering","Pummel","Inflame+1","Anger","Impervious","Flame Barrier"],"relics":["Burning Blood","Centennial Puzzle","Lantern","Blood Vial","PreservedInsect","Black Star","Art of War","Shuriken","Bottled Flame"],"potions_floor_usage":[5,7,10,16,19,20],"damage_taken":[{"damage":14,"enemies":"Jaw Worm","floor":1,"turns":5},{"damage":6,"enemies":"Cultist","floor":4,"turns":3},{"damage":2,"enemies":"Small Slimes","floor":5,"turns":4},{"damage":11,"enemies":"Exordium Wildlife","floor":7,"turns":6},{"damage":20,"enemies":"Lagavulin","floor":10,"turns":6},{"damage":6,"enemies":"Looter","floor":11,"turns":2},{"damage":8,"enemies":"Gremlin Nob","floor":13,"turns":3},{"damage":37,"enemies":"The Guardian","floor":16,"turns":12},{"damage":6,"enemies":"Chosen","floor":18,"turns":2},{"damage":4,"enemies":"Spheric Guardian","floor":19,"turns":3},{"damage":7,"enemies":"3 Cultists","floor":20,"turns":3},{"damage":76,"enemies":"Book of Stabbing","floor":24,"turns":5},{"damage":0,"enemies":"Shelled Parasite and Fungi","floor":25,"turns":1}],"seed_played":"-3139540174595411829","potions_obtained":[{"floor":4,"key":"SteroidPotion"},{"floor":5,"key":"AttackPotion"},{"floor":7,"key":"Explosive Potion"},{"floor":11,"key":"Block Potion"},{"floor":13,"key":"FearPotion"},{"floor":18,"key":"AttackPotion"}],"is_trial":false,"path_per_floor":["M","?","T","M","M","R","M","R","T","E","M","?","E","$","R","B",null,"M","M","M","$","?","R","E","M"],"character_chosen":"IRONCLAD","items_purchased":["True Grit","PreservedInsect","Impervious","Art of War"],"campfire_rested":0,"item_purchase_floors":[14,14,21,21],"current_hp_per_floor":[67,72,72,72,76,76,71,71,71,57,57,46,44,44,44,15,69,71,75,76,76,76,76,8,10],"gold":26,"neow_bonus":"TEN_PERCENT_HP_BONUS","is_prod":false,"is_daily":false,"chose_seed":false,"campfire_upgraded":4,"win_rate":0,"timestamp":1543894975,"path_taken":["M","?","?","?","M","R","M","R","T","E","M","?","E","$","R","BOSS","M","M","M","$","?","R","E","M"],"build_version":"2018-11-15","purchased_purges":1,"victory":false,"max_hp_per_floor":[82,87,87,87,87,87,87,87,87,87,87,87,87,87,87,87,87,87,87,87,87,87,87,87,87],"card_choices":[{"not_picked":["Warcry","Wild Strike","Sentinel"],"picked":"SKIP","floor":1},{"not_picked":["Evolve","Ghostly Armor"],"picked":"Spot Weakness","floor":4},{"not_picked":["Carnage","Sentinel"],"picked":"Body Slam","floor":5},{"not_picked":["Feel No Pain","Havoc"],"picked":"Perfected Strike","floor":7},{"not_picked":["Wild Strike","Carnage"],"picked":"Pommel Strike","floor":10},{"not_picked":["Second Wind","Body Slam"],"picked":"Thunderclap","floor":11},{"not_picked":["Heavy Blade","Berserk"],"picked":"Perfected Strike","floor":13},{"not_picked":["Barricade","Brutality"],"picked":"Offering","floor":16},{"not_picked":["True Grit","Shockwave"],"picked":"Pummel","floor":18},{"not_picked":["Thunderclap","Flex"],"picked":"Inflame+1","floor":19},{"not_picked":["Body Slam","Evolve"],"picked":"Anger","floor":20},{"not_picked":["Sentinel","Burning Pact"],"picked":"Flame Barrier","floor":24}],"player_experience":1165554,"relics_obtained":[{"floor":3,"key":"Centennial Puzzle"},{"floor":10,"key":"Lantern"},{"floor":13,"key":"Blood Vial"},{"floor":24,"key":"Shuriken"},{"floor":24,"key":"Bottled Flame"}],"event_choices":[{"damage_healed":0,"gold_gain":0,"player_choice":"Donut","damage_taken":0,"max_hp_gain":5,"max_hp_loss":0,"event_name":"Big Fish","floor":2,"gold_loss":0},{"damage_healed":0,"gold_gain":75,"player_choice":"Gather Gold","damage_taken":11,"max_hp_gain":0,"max_hp_loss":0,"event_name":"World of Goop","floor":12,"gold_loss":0},{"damage_healed":0,"gold_gain":0,"player_choice":"Paid Fearfully","damage_taken":0,"max_hp_gain":0,"max_hp_loss":0,"event_name":"Masked Bandits","floor":22,"gold_loss":5}],"is_beta":true,"boss_relics":[{"not_picked":["Runic Pyramid","Eternal Feather"],"picked":"Black Star"}],"items_purged_floors":[14],"is_endless":false,"potions_floor_spawned":[4,5,7,11,13,18],"killed_by":"Shelled Parasite and Fungi","ascension_level":18}