{"gold_per_floor":[115,44,44,44,56,113,113,45,68,68,101,117,117],"floor_reached":13,"playtime":374,"items_purged":[],"score":114,"play_id":"470b660a-102a-4f0f-bdf8-2881d340dc0b","local_time":"20190201174156","is_ascension_mode":true,"campfire_choices":[{"floor":7,"key":"REST"},{"data":"Static Discharge","floor":10,"key":"SMITH"}],"neow_cost":"NONE","seed_source_timestamp":790512598252331,"circlet_count":0,"master_deck":["Strike_B","Strike_B","Strike_B","Strike_B","Defend_B","Defend_B","Defend_B","Defend_B","Zap","Dualcast","Force Field","Heatsinks","Hologram","Static Discharge+1","Storm","Clumsy","Static Discharge","Defragment"],"relics":["Cursed Key","DataDisk","Lantern","Tiny Chest","Dream Catcher","Letter Opener"],"potions_floor_usage":[6],"damage_taken":[{"damage":4,"enemies":"Small Slimes","floor":1,"turns":3},{"damage":10,"enemies":"Jaw Worm","floor":5,"turns":6},{"damage":34,"enemies":"Lagavulin","floor":6,"turns":9},{"damage":34,"enemies":"Gremlin Nob","floor":11,"turns":5},{"damage":0,"enemies":"Cultist","floor":12,"turns":4},{"damage":9,"enemies":"Red Slaver","floor":13,"turns":1}],"seed_played":"3116325705074915820","potions_obtained":[{"floor":1,"key":"FearPotion"},{"floor":5,"key":"Poison Potion"}],"is_trial":false,"path_per_floor":["M","$","?","?","M","E","R","$","T","R","E","M","M"],"character_chosen":"DEFECT","items_purchased":["Heatsinks","Storm"],"campfire_rested":1,"item_purchase_floors":[2,8],"current_hp_per_floor":[71,71,64,64,54,20,42,42,42,42,8,8,0],"gold":117,"neow_bonus":"BOSS_RELIC","is_prod":false,"is_daily":false,"chose_seed":false,"campfire_upgraded":1,"win_rate":0,"timestamp":1549039316,"path_taken":["M","$","?","?","M","E","R","$","T","R","E","M","M"],"build_version":"2019-01-23","purchased_purges":0,"victory":false,"max_hp_per_floor":[75,75,75,75,75,75,75,75,75,75,75,75,75],"card_choices":[{"not_picked":["Go for the Eyes","Sunder"],"picked":"Force Field","floor":1},{"not_picked":["Rebound","Conserve Battery"],"picked":"Hologram","floor":5},{"not_picked":["Genetic Algorithm","Steam"],"picked":"Static Discharge","floor":6},{"not_picked":["Streamline","Skim"],"picked":"Static Discharge","floor":11},{"not_picked":["Stack","Conserve Battery"],"picked":"Defragment","floor":12}],"player_experience":127292,"relics_obtained":[{"floor":6,"key":"Tiny Chest"},{"floor":9,"key":"Dream Catcher"},{"floor":11,"key":"Letter Opener"}],"event_choices":[{"damage_healed":0,"gold_gain":0,"player_choice":"Success","damage_taken":7,"relics_obtained":["DataDisk"],"max_hp_gain":0,"max_hp_loss":0,"event_name":"Scrap Ooze","floor":3,"gold_loss":0},{"damage_healed":0,"gold_gain":0,"player_choice":"Gave Potion","damage_taken":0,"relics_obtained":["Lantern"],"max_hp_gain":0,"max_hp_loss":0,"event_name":"WeMeetAgain","floor":4,"gold_loss":0}],"is_beta":false,"boss_relics":[],"items_purged_floors":[],"is_endless":false,"potions_floor_spawned":[1,5],"killed_by":"Red Slaver","ascension_level":5}