{"gold_per_floor":[112,132,148,73,85,112,112,146,146,166,166,223,223,253,253,253],"floor_reached":16,"playtime":1022,"items_purged":["Strike_B"],"score":132,"play_id":"8bbe1c7c-110e-4698-870f-11533f0ec7f3","local_time":"20190126020033","is_ascension_mode":true,"campfire_choices":[{"data":"Defragment","floor":7,"key":"SMITH"},{"data":"Blizzard","floor":11,"key":"SMITH"},{"floor":13,"key":"REST"},{"data":"Coolheaded","floor":15,"key":"SMITH"}],"neow_cost":"NONE","seed_source_timestamp":214955559886509,"circlet_count":0,"master_deck":["Strike_B","Strike_B","Strike_B","Defend_B","Defend_B","Defend_B","Defend_B","Zap","Dualcast","Blizzard+1","Ball Lightning","Defragment+1","Capacitor","Ball Lightning+1","Cold Snap+1","Ball Lightning+1","Coolheaded+1"],"relics":["Cracked Core","Molten Egg 2","Ornamental Fan","Kunai","Ancient Tea Set","Meat on the Bone"],"potions_floor_usage":[6,12,16],"damage_taken":[{"damage":0,"enemies":"Cultist","floor":1,"turns":3},{"damage":15,"enemies":"Small Slimes","floor":2,"turns":4},{"damage":1,"enemies":"2 Louse","floor":3,"turns":2},{"damage":0,"enemies":"Large Slime","floor":5,"turns":4},{"damage":36,"enemies":"Lagavulin","floor":6,"turns":5},{"damage":14,"enemies":"Gremlin Nob","floor":8,"turns":4},{"damage":10,"enemies":"2 Fungi Beasts","floor":10,"turns":3},{"damage":5,"enemies":"3 Sentries","floor":12,"turns":5},{"damage":18,"enemies":"3 Sentries","floor":14,"turns":5},{"damage":7,"enemies":"The Guardian","floor":16,"turns":4}],"seed_played":"7936756645345285743","potions_obtained":[{"floor":3,"key":"Strength Potion"},{"floor":8,"key":"EssenceOfSteel"},{"floor":14,"key":"EssenceOfSteel"}],"is_trial":false,"path_per_floor":["M","M","M","$","M","E","R","E","T","M","R","?","R","E","R","B"],"character_chosen":"DEFECT","items_purchased":[],"campfire_rested":1,"item_purchase_floors":[],"current_hp_per_floor":[82,67,66,66,66,30,30,16,16,6,6,1,25,7,7,0],"gold":253,"neow_bonus":"TEN_PERCENT_HP_BONUS","is_prod":false,"is_daily":false,"chose_seed":false,"campfire_upgraded":3,"win_rate":0,"timestamp":1548464433,"path_taken":["M","M","M","?","M","E","R","E","T","M","R","?","R","E","R","BOSS"],"build_version":"2019-01-23","purchased_purges":1,"victory":false,"max_hp_per_floor":[82,82,82,82,82,82,82,82,82,82,82,82,82,82,82,82],"card_choices":[{"not_picked":["Conserve Battery","Go for the Eyes"],"picked":"Blizzard","floor":1},{"not_picked":["Beam Cell","Compile Driver"],"picked":"Ball Lightning","floor":2},{"not_picked":["Tempest","Streamline"],"picked":"Defragment","floor":3},{"not_picked":["Skim","Gash","Conserve Battery"],"picked":"SKIP","floor":5},{"not_picked":["Redo","Conserve Battery"],"picked":"Capacitor","floor":6},{"not_picked":["Genetic Algorithm","Rainbow"],"picked":"Ball Lightning+1","floor":8},{"not_picked":["Tempest","BootSequence"],"picked":"Cold Snap+1","floor":10},{"not_picked":["Tempest","Beam Cell+1"],"picked":"Ball Lightning+1","floor":12},{"not_picked":["Tempest","Chaos"],"picked":"Coolheaded","floor":14}],"player_experience":82313,"relics_obtained":[{"floor":6,"key":"Molten Egg 2"},{"floor":8,"key":"Ornamental Fan"},{"floor":9,"key":"Kunai"},{"floor":12,"key":"Ancient Tea Set"},{"floor":14,"key":"Meat on the Bone"}],"event_choices":[{"damage_healed":0,"gold_gain":30,"player_choice":"Searched \u00272\u0027 times","damage_taken":0,"max_hp_gain":0,"max_hp_loss":0,"event_name":"Dead Adventurer","floor":12,"gold_loss":0}],"is_beta":false,"boss_relics":[],"items_purged_floors":[4],"is_endless":false,"potions_floor_spawned":[3,8,14],"killed_by":"The Guardian","ascension_level":2}