{"gold_per_floor":[215,215,265,278,295,295,328,328,328,357,59,74,87,104,104,176,176,191,206,131,131,81,81,115,115,166,91,91,120,120,150,150,227,227,247,265,285,285],"floor_reached":38,"playtime":2439,"items_purged":["Strike_G"],"score":841,"play_id":"70aed6b7-bd47-4e92-84fa-3374ff64cf0b","local_time":"20190211233213","is_ascension_mode":true,"campfire_choices":[{"data":"Dagger Spray","floor":6.0,"key":"SMITH"},{"floor":8.0,"key":"REST"},{"data":"Cloak And Dagger","floor":15.0,"key":"SMITH"},{"data":"Malaise","floor":23.0,"key":"SMITH"},{"data":"Cloak And Dagger","floor":28.0,"key":"SMITH"},{"data":"Neutralize","floor":30.0,"key":"SMITH"},{"data":"Leg Sweep","floor":32.0,"key":"SMITH"}],"neow_cost":"NONE","seed_source_timestamp":0,"circlet_count":0,"master_deck":["AscendersBane","Defend_G","Defend_G","Defend_G","Defend_G","Defend_G","Strike_G","Strike_G","Strike_G","Survivor","Neutralize+1","Blur","Dagger Spray+1","Skewer","Backstab","Cloak And Dagger+1","Noxious Fumes","Leg Sweep+1","Deadly Poison","Malaise+1","Cloak And Dagger+1","Noxious Fumes","PiercingWail","Blur","Adrenaline","PiercingWail","Acrobatics+1"],"special_seed":0,"relics":["Ring of the Snake","Meat on the Bone","Peace Pipe","Shuriken","Incense Burner","Omamori","Sozu","Happy Flower","Anchor","Bottled Lightning","Bird Faced Urn","White Beast Statue"],"potions_floor_usage":[],"damage_taken":[{"damage":0.0,"enemies":"2 Louse","floor":1.0,"turns":4.0},{"damage":11.0,"enemies":"Cultist","floor":4.0,"turns":4.0},{"damage":0.0,"enemies":"Small Slimes","floor":5.0,"turns":3.0},{"damage":36.0,"enemies":"Gremlin Nob","floor":7.0,"turns":5.0},{"damage":17.0,"enemies":"Lagavulin","floor":10.0,"turns":8.0},{"damage":0.0,"enemies":"2 Fungi Beasts","floor":12.0,"turns":2.0},{"damage":6.0,"enemies":"Looter","floor":13.0,"turns":3.0},{"damage":0.0,"enemies":"Lots of Slimes","floor":14.0,"turns":3.0},{"damage":26.0,"enemies":"Hexaghost","floor":16.0,"turns":11.0},{"damage":16.0,"enemies":"Spheric Guardian","floor":18.0,"turns":6.0},{"damage":7.0,"enemies":"3 Byrds","floor":19.0,"turns":7.0},{"damage":22.0,"enemies":"Gremlin Leader","floor":24.0,"turns":9.0},{"damage":0.0,"enemies":"Book of Stabbing","floor":29.0,"turns":7.0},{"damage":5.0,"enemies":"Gremlin Leader","floor":31.0,"turns":9.0},{"damage":11.0,"enemies":"Automaton","floor":33.0,"turns":12.0},{"damage":0.0,"enemies":"3 Shapes","floor":35.0,"turns":8.0},{"damage":22.0,"enemies":"3 Darklings","floor":36.0,"turns":6.0},{"damage":45.0,"enemies":"Jaw Worm Horde","floor":37.0,"turns":5.0},{"damage":23,"enemies":"Transient","floor":38,"turns":4}],"seed_played":"79631410145059641","potions_obtained":[{"floor":5.0,"key":"Dexterity Potion"},{"floor":12.0,"key":"AttackPotion"},{"floor":14.0,"key":"SpeedPotion"}],"is_trial":false,"path_per_floor":["M","?","?","M","M","R","E","R","T","E","$","M","M","M","R","B",null,"M","M","?","?","?","R","E","$","T","$","R","E","R","E","R","B",null,"M","M","M","M"],"character_chosen":"THE_SILENT","items_purchased":["Cloak And Dagger","Noxious Fumes","Omamori"],"campfire_rested":1,"item_purchase_floors":[11,11,11],"current_hp_per_floor":[59,41,41,42,42,42,18,37,37,32,32,44,38,38,38,24,56,40,45,45,45,45,45,35,35,35,35,35,35,35,42,42,35,58,62,44,15,0],"gold":285,"neow_bonus":"HUNDRED_GOLD","is_prod":false,"is_daily":false,"chose_seed":false,"campfire_upgraded":6,"win_rate":0,"timestamp":1549956733,"path_taken":["M","?","?","M","M","R","E","R","T","E","$","M","M","M","R","BOSS","M","?","?","?","?","R","E","$","T","$","R","E","R","E","R","BOSS","M","M","M","M"],"build_version":"2019-01-23","purchased_purges":1,"victory":false,"max_hp_per_floor":[66,66,66,66,66,66,66,66,66,66,66,66,66,66,66,66,66,66,66,66,66,66,66,66,66,66,66,66,66,66,66,66,66,66,66,66,66,66],"card_choices":[{"not_picked":["Flying Knee","Poisoned Stab"],"picked":"Blur","floor":1.0},{"not_picked":["Outmaneuver","Flying Knee"],"picked":"Dagger Spray","floor":4.0},{"not_picked":["Blade Dance","Dagger Throw"],"picked":"Skewer","floor":5.0},{"not_picked":["Eviscerate","Acrobatics","Blade Dance"],"picked":"SKIP","floor":7.0},{"not_picked":["Poisoned Stab","Bouncing Flask"],"picked":"Backstab","floor":10.0},{"not_picked":["Flechettes","Predator","Dagger Spray"],"picked":"SKIP","floor":12.0},{"not_picked":["Dagger Throw","Prepared"],"picked":"Leg Sweep","floor":13.0},{"not_picked":["Deadly Poison","Slice","Concentrate"],"picked":"SKIP","floor":14.0},{"not_picked":["Slice","Concentrate"],"picked":"Deadly Poison","floor":14.0},{"not_picked":["Storm of Steel","Envenom"],"picked":"Malaise","floor":16.0},{"not_picked":["Flying Knee","Deadly Poison"],"picked":"Cloak And Dagger","floor":18.0},{"not_picked":["Eviscerate","Poisoned Stab"],"picked":"Noxious Fumes","floor":19.0},{"not_picked":["Riddle With Holes","Underhanded Strike","Calculated Gamble"],"picked":"SKIP","floor":24.0},{"not_picked":["Distraction","Poisoned Stab"],"picked":"Blur","floor":29.0},{"not_picked":["Flying Knee","Blade Dance","Bouncing Flask"],"picked":"SKIP","floor":31.0},{"not_picked":["Malaise","Bullet Time"],"picked":"Adrenaline","floor":33.0},{"not_picked":["Outmaneuver","All Out Attack","Riddle With Holes+1"],"picked":"SKIP","floor":35.0},{"not_picked":["Terror+1","Dodge and Roll"],"picked":"PiercingWail","floor":36.0},{"not_picked":["Caltrops+1","Bane"],"picked":"Acrobatics+1","floor":37.0}],"player_experience":426154,"relics_obtained":[{"floor":7.0,"key":"Peace Pipe"},{"floor":9.0,"key":"Shuriken"},{"floor":10.0,"key":"Incense Burner"},{"floor":24.0,"key":"Happy Flower"},{"floor":26.0,"key":"Anchor"},{"floor":29.0,"key":"Bottled Lightning"},{"floor":31.0,"key":"Bird Faced Urn"}],"event_choices":[{"damage_healed":0.0,"max_hp_gain":0.0,"max_hp_loss":0.0,"gold_gain":0.0,"event_name":"Scrap Ooze","player_choice":"Success","floor":2.0,"gold_loss":0.0,"damage_taken":18.0,"relics_obtained":["Meat on the Bone"]},{"damage_healed":0.0,"max_hp_gain":0.0,"max_hp_loss":0.0,"gold_gain":50.0,"event_name":"Golden Shrine","player_choice":"Pray","floor":3.0,"gold_loss":0.0,"damage_taken":0.0},{"cards_removed":["Strike_G"],"damage_healed":0.0,"max_hp_gain":0.0,"max_hp_loss":0.0,"gold_gain":0.0,"event_name":"Beggar","player_choice":"Gave Gold","floor":20.0,"gold_loss":75.0,"damage_taken":0.0},{"damage_healed":0.0,"max_hp_gain":0.0,"max_hp_loss":0.0,"gold_gain":0.0,"event_name":"The Library","player_choice":"Read","floor":21.0,"gold_loss":0.0,"damage_taken":0.0,"cards_obtained":["PiercingWail"]},{"damage_healed":0.0,"max_hp_gain":0.0,"max_hp_loss":0.0,"gold_gain":0.0,"event_name":"The Joust","player_choice":"Bet on Murderer","floor":22.0,"gold_loss":50.0,"damage_taken":0.0}],"is_beta":false,"boss_relics":[{"not_picked":["WristBlade","Tiny House"],"picked":"Sozu"},{"not_picked":["Runic Dome","HoveringKite"],"picked":"White Beast Statue"}],"items_purged_floors":[27],"is_endless":false,"potions_floor_spawned":[5,12,14,19,24,33,35,36,37],"killed_by":"Transient","ascension_level":16}