{"gold_per_floor":[118,118,134,6,6,6,23,23,23,23,36,36,36],"floor_reached":13,"playtime":853,"items_purged":["Regret"],"score":88,"play_id":"2afc8535-cc77-4e56-9726-196998e4acd6","local_time":"20190129234257","is_ascension_mode":true,"campfire_choices":[{"data":"Scrape","floor":6,"key":"SMITH"},{"data":"Gash","floor":10,"key":"SMITH"}],"neow_cost":"NONE","seed_source_timestamp":552484205749038,"circlet_count":0,"master_deck":["Strike_B","Strike_B","Strike_B","Strike_B","Defend_B","Defend_B","Defend_B","Defend_B","Zap+1","Dualcast","Gash+1","Scrape+1","Beam Cell","Beam Cell","Conserve Battery"],"relics":["White Beast Statue","Nunchaku","The Courier","Shuriken","Sundial"],"potions_floor_usage":[7,11,13,13],"damage_taken":[{"damage":11,"enemies":"Small Slimes","floor":1,"turns":5},{"damage":19,"enemies":"Jaw Worm","floor":3,"turns":4},{"damage":0,"enemies":"2 Louse","floor":7,"turns":3},{"damage":0,"enemies":"Looter","floor":11,"turns":3},{"damage":40,"enemies":"3 Sentries","floor":13,"turns":6}],"seed_played":"-2359019869310416669","potions_obtained":[{"floor":1,"key":"GamblersBrew"},{"floor":3,"key":"LiquidBronze"},{"floor":7,"key":"Block Potion"},{"floor":11,"key":"SneckoOil"}],"is_trial":false,"path_per_floor":["M","?","M","$","?","R","M","T","T","R","M","?","E"],"character_chosen":"DEFECT","items_purchased":["Beam Cell"],"campfire_rested":0,"item_purchase_floors":[4],"current_hp_per_floor":[64,64,45,45,38,38,38,38,38,38,38,38,0],"gold":36,"neow_bonus":"BOSS_RELIC","is_prod":false,"is_daily":false,"chose_seed":false,"campfire_upgraded":2,"win_rate":0,"timestamp":1548801777,"path_taken":["M","?","M","$","?","R","M","?","T","R","M","?","E"],"build_version":"2019-01-23","purchased_purges":1,"victory":false,"max_hp_per_floor":[75,75,75,75,75,75,75,75,75,75,75,75,75],"card_choices":[{"not_picked":["Turbo","Stack"],"picked":"Gash","floor":1},{"not_picked":["Coolheaded","Barrage"],"picked":"Scrape","floor":3},{"not_picked":["Leap","Fusion"],"picked":"Beam Cell","floor":7},{"not_picked":["Streamline","Storm"],"picked":"Conserve Battery","floor":11}],"player_experience":107023,"relics_obtained":[{"floor":8,"key":"Shuriken"},{"floor":9,"key":"Sundial"}],"event_choices":[{"damage_healed":0,"gold_gain":0,"player_choice":"Box","damage_taken":0,"relics_obtained":["Nunchaku"],"max_hp_gain":0,"max_hp_loss":0,"event_name":"Big Fish","floor":2,"gold_loss":0,"cards_obtained":["Regret"]},{"damage_healed":0,"gold_gain":0,"player_choice":"Success","damage_taken":7,"relics_obtained":["The Courier"],"max_hp_gain":0,"max_hp_loss":0,"event_name":"Scrap Ooze","floor":5,"gold_loss":0},{"damage_healed":0,"gold_gain":0,"player_choice":"Grow","damage_taken":0,"max_hp_gain":0,"max_hp_loss":0,"event_name":"Living Wall","floor":12,"gold_loss":0,"cards_upgraded":["Zap"]}],"is_beta":false,"boss_relics":[],"items_purged_floors":[4],"is_endless":false,"potions_floor_spawned":[1,3,7,11],"killed_by":"3 Sentries","ascension_level":4}