{"gold_per_floor":[110,30,205,130,205,236,251,251,278,278,106,118,153,153],"floor_reached":14,"playtime":820,"items_purged":["Strike_B","Regret"],"score":115,"play_id":"2306fef0-0055-4b44-9092-0aa03f6566ef","local_time":"20190201015401","is_ascension_mode":true,"campfire_choices":[{"floor":8,"key":"REST"}],"neow_cost":"NONE","seed_source_timestamp":733177317735732,"circlet_count":0,"master_deck":["Strike_B","Strike_B","Strike_B","Defend_B","Defend_B","Defend_B","Defend_B","Zap","Dualcast","White Noise","Machine Learning","Doubt","Chaos","Go for the Eyes","Self Repair","Hello World","Conserve Battery"],"relics":["Cracked Core","Regal Pillow","PreservedInsect","Potion Belt","Vajra"],"potions_floor_usage":[6,7],"damage_taken":[{"damage":0,"enemies":"Cultist","floor":1,"turns":3},{"damage":46,"enemies":"Lagavulin","floor":6,"turns":8},{"damage":24,"enemies":"Jaw Worm","floor":7,"turns":5},{"damage":12,"enemies":"2 Louse","floor":12,"turns":3},{"damage":12,"enemies":"Gremlin Nob","floor":13,"turns":3},{"damage":31,"enemies":"The Mushroom Lair","floor":14,"turns":3}],"seed_played":"6380423815858872859","potions_obtained":[{"floor":1,"key":"SteroidPotion"},{"floor":6,"key":"Swift Potion"}],"is_trial":false,"path_per_floor":["M","$","?","$","?","E","M","R","T","?","$","M","E","?"],"character_chosen":"DEFECT","items_purchased":["Machine Learning","Self Repair"],"campfire_rested":1,"item_purchase_floors":[2,11],"current_hp_per_floor":[82,82,82,82,71,25,1,40,40,40,40,35,30,0],"gold":153,"neow_bonus":"TEN_PERCENT_HP_BONUS","is_prod":false,"is_daily":false,"chose_seed":false,"campfire_upgraded":0,"win_rate":0,"timestamp":1548982441,"path_taken":["M","?","?","$","?","E","M","R","T","?","$","M","E","?"],"build_version":"2019-01-23","purchased_purges":2,"victory":false,"max_hp_per_floor":[82,82,82,82,82,82,82,82,82,82,82,82,82,82],"card_choices":[{"not_picked":["Double Energy","Tempest"],"picked":"White Noise","floor":1},{"not_picked":["Leap","Stack"],"picked":"Chaos","floor":6},{"not_picked":["Compile Driver","Steam Power"],"picked":"Go for the Eyes","floor":7},{"not_picked":["Redo","Conserve Battery"],"picked":"Hello World","floor":12},{"not_picked":["Hyperbeam","Compile Driver"],"picked":"Conserve Battery","floor":13}],"player_experience":113302,"relics_obtained":[{"floor":6,"key":"Regal Pillow"},{"floor":9,"key":"PreservedInsect"},{"floor":13,"key":"Vajra"}],"event_choices":[{"damage_healed":0,"gold_gain":175,"player_choice":"AGREE","damage_taken":0,"max_hp_gain":0,"max_hp_loss":0,"event_name":"Liars Game","floor":3,"gold_loss":0,"cards_obtained":["Doubt"]},{"damage_healed":0,"gold_gain":75,"player_choice":"Gather Gold","damage_taken":11,"max_hp_gain":0,"max_hp_loss":0,"event_name":"World of Goop","floor":5,"gold_loss":0},{"damage_healed":0,"gold_gain":0,"player_choice":"Box","damage_taken":0,"relics_obtained":["Potion Belt"],"max_hp_gain":0,"max_hp_loss":0,"event_name":"Big Fish","floor":10,"gold_loss":0,"cards_obtained":["Regret"]},{"damage_healed":0,"gold_gain":0,"player_choice":"Fought Mushrooms","damage_taken":0,"max_hp_gain":0,"max_hp_loss":0,"event_name":"Mushrooms","floor":14,"gold_loss":0}],"is_beta":false,"boss_relics":[],"items_purged_floors":[4,11],"is_endless":false,"potions_floor_spawned":[1,6],"killed_by":"The Mushroom Lair","ascension_level":4}