{"gold_per_floor":[114,130,145,160,160,160,191,201,201,201,17,17,34,54,54,150,150,165,179,104,122,22,22,22,22,90,103,115,149,169,169,169,271,271,281,291,15,34,46,81,81,136,161,161,490,505,12,29,29,29],"floor_reached":51,"playtime":2617,"items_purged":["Strike_G","Strike_G","Defend_G","Defend_G"],"score":896,"play_id":"a0e54b3a-810e-4b22-892b-7b6f18a57791","local_time":"20180720155631","is_ascension_mode":true,"campfire_choices":[{"data":"Neutralize","floor":6,"key":"SMITH"},{"data":"Strike_G","floor":10,"key":"PURGE"},{"data":"Noxious Fumes","floor":12,"key":"SMITH"},{"data":"Blur","floor":15,"key":"SMITH"},{"data":"Strike_G","floor":23,"key":"PURGE"},{"data":"Caltrops","floor":25,"key":"SMITH"},{"data":"Burst","floor":32,"key":"SMITH"},{"data":"Defend_G","floor":41,"key":"PURGE"},{"data":"Defend_G","floor":44,"key":"PURGE"},{"data":"Defend_G","floor":49,"key":"PURGE"}],"neow_cost":"","seed_source_timestamp":835032616410532,"circlet_count":0,"master_deck":["Survivor","Neutralize+1","Dagger Spray","Slice","Backstab","Caltrops+1","Endless Agony","Backflip","Noxious Fumes+1","Dash","Blur+1","Poisoned Stab","Burst+1","Acrobatics","PiercingWail+1","Footwork+1","Dodge and Roll+1","Dodge and Roll+1","Sucker Punch","After Image","Bouncing Flask+1","Footwork","Blur","Cloak And Dagger+1","Blur","Noxious Fumes"],"relics":["Ring of the Snake","Peace Pipe","Question Card","Busted Crown","Ornamental Fan","Pen Nib","Fusion Hammer","Ninja Scroll","Sundial","Ancient Tea Set","Old Coin","Pear"],"potions_floor_usage":[7,21,33,38,45,50,50],"damage_taken":[{"damage":0,"enemies":"Jaw Worm","floor":1,"turns":7},{"damage":0,"enemies":"2 Louse","floor":2,"turns":2},{"damage":1,"enemies":"Cultist","floor":3,"turns":3},{"damage":15,"enemies":"Exordium Thugs","floor":4,"turns":5},{"damage":13,"enemies":"Lagavulin","floor":7,"turns":9},{"damage":0,"enemies":"Large Slime","floor":8,"turns":4},{"damage":3,"enemies":"Red Slaver","floor":13,"turns":2},{"damage":0,"enemies":"Gremlin Gang","floor":14,"turns":4},{"damage":13,"enemies":"Hexaghost","floor":16,"turns":10},{"damage":6,"enemies":"Shell Parasite","floor":18,"turns":6},{"damage":0,"enemies":"3 Byrds","floor":19,"turns":4},{"damage":3,"enemies":"Snake Plant","floor":21,"turns":4},{"damage":0,"enemies":"Snecko","floor":27,"turns":6},{"damage":0,"enemies":"Chosen and Byrds","floor":28,"turns":5},{"damage":0,"enemies":"Book of Stabbing","floor":29,"turns":6},{"damage":0,"enemies":"Sentry and Sphere","floor":30,"turns":8},{"damage":11,"enemies":"Collector","floor":33,"turns":11},{"damage":0,"enemies":"3 Shapes","floor":35,"turns":6},{"damage":10,"enemies":"Flame Bruiser 1 Orb","floor":36,"turns":6},{"damage":6,"enemies":"Transient","floor":38,"turns":5},{"damage":0,"enemies":"Sphere and 2 Shapes","floor":39,"turns":8},{"damage":14,"enemies":"Nemesis","floor":40,"turns":7},{"damage":0,"floor":42,"turns":5},{"damage":7,"enemies":"2 Orb Walkers","floor":45,"turns":8},{"damage":0,"enemies":"Flame Bruiser 2 Orb","floor":46,"turns":8},{"damage":0,"enemies":"Maw","floor":48,"turns":9},{"damage":0,"enemies":"Donu and Deca","floor":50,"turns":10}],"seed_played":"2807576219926876442","potions_obtained":[{"floor":2,"key":"Energy Potion"},{"floor":7,"key":"Ancient Potion"},{"floor":8,"key":"SneckoOil"},{"floor":18,"key":"Poison Potion"},{"floor":29,"key":"Poison Potion"},{"floor":36,"key":"Explosive Potion"},{"floor":40,"key":"SkillPotion"},{"floor":42,"key":"Dexterity Potion"},{"floor":45,"key":"Ancient Potion"},{"floor":48,"key":"Dexterity Potion"}],"is_trial":false,"path_per_floor":["M","M","M","M","?","R","E","M","T","R","$","R","M","M","R","B",null,"M","M","?","M","$","R","$","R","T","M","M","E","M","?","R","B",null,"M","M","$","M","M","E","R","?","T","R","E","M","$","M","R","B"],"character_chosen":"THE_SILENT","items_purchased":["Noxious Fumes","Dash","Footwork","Blur","Noxious Fumes","Pear","Fire Potion"],"campfire_rested":0,"item_purchase_floors":[11,11,37,37,47,47,47],"current_hp_per_floor":[70,70,69,54,54,54,41,41,41,41,41,41,38,38,38,25,70,64,64,64,61,61,61,61,61,61,61,61,61,61,48,48,37,75,75,65,65,59,59,45,45,45,45,45,38,38,48,48,48,48],"gold":29,"neow_bonus":"","is_prod":false,"is_daily":false,"chose_seed":false,"campfire_upgraded":5,"win_rate":0,"timestamp":1532123791,"path_taken":["M","M","M","M","?","R","E","M","T","R","$","R","M","M","R","BOSS","M","M","?","?","$","R","?","R","T","M","M","E","?","?","R","BOSS","M","M","$","M","M","E","R","?","T","R","E","M","$","M","R","BOSS"],"build_version":"2018-07-19","purchased_purges":4,"victory":true,"max_hp_per_floor":[70,70,70,70,70,70,70,70,70,70,70,70,70,70,70,70,70,70,70,70,70,70,70,70,70,70,70,70,70,70,75,75,75,75,75,75,75,75,75,75,75,75,75,75,75,75,85,85,85,85],"card_choices":[{"not_picked":["Quick Slash","Deadly Poison"],"picked":"Dagger Spray","floor":1},{"not_picked":["Acrobatics","Deadly Poison"],"picked":"Slice","floor":2},{"not_picked":["PiercingWail","Slice"],"picked":"Backstab","floor":3},{"not_picked":["Riddle With Holes","Quick Slash"],"picked":"Caltrops","floor":4},{"not_picked":["Acrobatics","Blade Dance"],"picked":"Endless Agony","floor":7},{"not_picked":["PiercingWail","Prepared"],"picked":"Backflip","floor":8},{"not_picked":["Deadly Poison","Cloak And Dagger","Infinite Blades"],"picked":"Blur","floor":13},{"not_picked":["Deadly Poison","Terror","Doppelganger"],"picked":"Poisoned Stab","floor":14},{"not_picked":["Phantasmal Killer","Envenom","Tools of the Trade"],"picked":"Burst","floor":16},{"not_picked":["Outmaneuver"],"picked":"Acrobatics","floor":18},{"not_picked":["Slice+1"],"picked":"PiercingWail+1","floor":19},{"not_picked":["Setup"],"picked":"Footwork+1","floor":21},{"not_picked":["Deflect"],"picked":"Dodge and Roll+1","floor":27},{"not_picked":["Dodge and Roll","Wraith Form v2"],"picked":"SKIP","floor":28},{"not_picked":["Blade Dance"],"picked":"Dodge and Roll+1","floor":29},{"not_picked":["Endless Agony"],"picked":"Sucker Punch","floor":30},{"not_picked":["Glass Knife"],"picked":"After Image","floor":33},{"not_picked":["Sucker Punch+1"],"picked":"Bouncing Flask+1","floor":35},{"not_picked":["Riddle With Holes","Reflex+1"],"picked":"SKIP","floor":36},{"not_picked":["Dagger Spray+1"],"picked":"Cloak And Dagger+1","floor":38},{"not_picked":["Infinite Blades+1"],"picked":"Blur","floor":39},{"not_picked":["Quick Slash+1","Tactician+1"],"picked":"SKIP","floor":40},{"not_picked":["Glass Knife","Deflect"],"picked":"SKIP","floor":45},{"not_picked":["Heel Hook","Tactician+1"],"picked":"SKIP","floor":46},{"not_picked":["Sucker Punch","Dagger Throw"],"picked":"SKIP","floor":48}],"player_experience":812359,"relics_obtained":[{"floor":7,"key":"Peace Pipe"},{"floor":9,"key":"Question Card"},{"floor":26,"key":"Ornamental Fan"},{"floor":29,"key":"Pen Nib"},{"floor":40,"key":"Ninja Scroll"},{"floor":42,"key":"Sundial"},{"floor":43,"key":"Ancient Tea Set"},{"floor":45,"key":"Old Coin"}],"event_choices":[{"event_name":"Liars Game","player_choice":"disagreed","floor":5,"damage_taken":0},{"event_name":"Beggar","player_choice":"Gave Gold","floor":20,"damage_taken":0},{"event_name":"Forgotten Altar","player_choice":"Shed Blood","floor":31,"damage_taken":0},{"event_name":"Mysterious Sphere","player_choice":"Fight","floor":42,"damage_taken":0}],"is_beta":true,"boss_relics":[{"not_picked":["Ring of the Serpent","Coffee Dripper"],"picked":"Busted Crown"},{"not_picked":["Calling Bell","Velvet Choker"],"picked":"Fusion Hammer"}],"items_purged_floors":[11,22,37,47],"is_endless":false,"potions_floor_spawned":[2,7,8,18,19,29,36,40,42,45,48],"ascension_level":1}