{"gold_per_floor":[117,117,131,131,131,131,141,141,165,165,18,53,53,386,386,465,465,479,479,479,5,19,46,46,77,77,111,125,159,178,101,101,173,173,184,184,197,243,254,254,283,283,283,283,283,283,303,323,323,323],"floor_reached":50,"playtime":3569,"items_purged":["Strike_G","Defend_G"],"score":1326,"play_id":"aa390ea5-708a-43ce-ac5c-0e4a7e967544","local_time":"20180720124022","is_ascension_mode":true,"campfire_choices":[{"data":"Survivor","floor":6,"key":"SMITH"},{"data":"Cloak And Dagger","floor":10,"key":"SMITH"},{"data":"Well Laid Plans","floor":13,"key":"SMITH"},{"data":"Burst","floor":15,"key":"SMITH"},{"data":"Accuracy","floor":24,"key":"SMITH"},{"floor":32,"key":"REST"},{"floor":40,"key":"REST"},{"data":"Bouncing Flask","floor":42,"key":"SMITH"},{"data":"Footwork","floor":46,"key":"SMITH"},{"floor":49,"key":"REST"}],"neow_cost":"NONE","seed_source_timestamp":822322508404636,"circlet_count":0,"master_deck":["Defend_G","Defend_G","Defend_G","Survivor+1","Neutralize+1","AscendersBane","Escape Plan","Cloak And Dagger+1","Cloak And Dagger+1","Well Laid Plans+1","Quick Slash","Burst+1","Phantasmal Killer","Bouncing Flask+1","Accuracy+1","Endless Agony","Deflect","Finisher","Noxious Fumes","Distraction","Slice","Footwork+1","Cloak And Dagger","Slice","Blur","Backflip","J.A.X.","Crippling Poison","Bouncing Flask+1","Bouncing Flask","Poisoned Stab+1","Burst","Flying Knee+1","Leg Sweep","Noxious Fumes","Backflip","Bouncing Flask","Endless Agony+1","Blur","Wraith Form v2+1"],"relics":["Ring of the Snake","Dead Branch","Omamori","Oddly Smooth Stone","Old Coin","Empty Cage","Prayer Wheel","Smiling Mask","Potion Belt","Ginger","Ornamental Fan","Ancient Tea Set","Snecko Eye","Dream Catcher","Mango","Frozen Egg 2","Incense Burner"],"potions_floor_usage":[12,14,23,25,29,29,30,48,50],"damage_taken":[{"damage":0,"enemies":"Jaw Worm","floor":1,"turns":4},{"damage":0,"enemies":"2 Louse","floor":3,"turns":4},{"damage":0,"enemies":"Cultist","floor":7,"turns":4},{"damage":0,"enemies":"3 Sentries","floor":12,"turns":5},{"damage":3,"enemies":"Lagavulin","floor":14,"turns":5},{"damage":0,"enemies":"Hexaghost","floor":16,"turns":7},{"damage":0,"enemies":"2 Thieves","floor":18,"turns":4},{"damage":2,"enemies":"Shell Parasite","floor":22,"turns":6},{"damage":3,"enemies":"Gremlin Leader","floor":23,"turns":4},{"damage":2,"enemies":"Slavers","floor":25,"turns":5},{"damage":38,"enemies":"Gremlin Leader","floor":27,"turns":7},{"damage":1,"enemies":"Snake Plant","floor":28,"turns":3},{"damage":0,"enemies":"Slavers","floor":29,"turns":6},{"damage":1,"enemies":"3 Cultists","floor":30,"turns":5},{"damage":25,"enemies":"Champ","floor":33,"turns":9},{"damage":6,"enemies":"Orb Walker","floor":35,"turns":4},{"damage":24,"enemies":"Flame Bruiser 1 Orb","floor":37,"turns":7},{"damage":11,"enemies":"Sphere and 2 Shapes","floor":39,"turns":6},{"damage":0,"enemies":"Giant Head","floor":41,"turns":3},{"damage":0,"floor":45,"turns":5},{"damage":0,"enemies":"Transient","floor":47,"turns":5},{"damage":24,"enemies":"Flame Bruiser 2 Orb","floor":48,"turns":7},{"damage":54,"enemies":"Awakened One","floor":50,"turns":12}],"seed_played":"4710986231144897950","potions_obtained":[{"floor":1,"key":"FearPotion"},{"floor":7,"key":"Regen Potion"},{"floor":12,"key":"LiquidBronze"},{"floor":18,"key":"Swift Potion"},{"floor":27,"key":"Energy Potion"},{"floor":28,"key":"Energy Potion"},{"floor":33,"key":"Fire Potion"},{"floor":35,"key":"Ancient Potion"}],"is_trial":false,"path_per_floor":["M","?","M","?","?","R","M","?","T","R","$","E","R","E","R","B",null,"M","?","?","$","M","E","R","E","T","E","M","E","M","?","R","B",null,"M","?","M","T","M","R","E","R","T","?","?","R","M","M","R"],"character_chosen":"THE_SILENT","items_purchased":["Well Laid Plans","Prayer Wheel","Endless Agony"],"campfire_rested":3,"item_purchase_floors":[11,21,21],"current_hp_per_floor":[59,52,52,52,52,52,52,34,34,34,34,48,48,45,45,45,61,61,61,61,61,59,56,56,54,54,16,15,15,14,14,33,8,52,46,46,22,22,11,30,44,44,44,44,44,44,44,20,44,0],"gold":323,"neow_bonus":"UPGRADE_CARD","is_prod":false,"is_daily":false,"chose_seed":false,"campfire_upgraded":7,"win_rate":0,"timestamp":1532112022,"path_taken":["M","?","M","?","?","R","M","?","T","R","$","E","R","E","R","BOSS","M","?","?","$","M","E","R","E","T","E","?","E","M","?","R","BOSS","M","?","M","?","?","R","E","R","T","?","?","R","M","M","R","BOSS"],"build_version":"2018-07-19","purchased_purges":2,"victory":false,"max_hp_per_floor":[66,66,66,66,66,66,66,66,66,66,66,66,66,66,66,66,66,66,66,66,66,66,66,66,66,66,66,66,66,66,66,66,66,66,66,66,66,66,66,66,80,80,80,80,80,80,80,80,80,80],"card_choices":[{"not_picked":["Setup","Concentrate"],"picked":"Escape Plan","floor":1},{"not_picked":["Quick Slash","Catalyst"],"picked":"Cloak And Dagger","floor":3},{"not_picked":["Caltrops","Backflip"],"picked":"Cloak And Dagger","floor":7},{"not_picked":["Masterful Stab","Deadly Poison"],"picked":"Quick Slash","floor":12},{"not_picked":["Outmaneuver","Caltrops"],"picked":"Burst","floor":14},{"not_picked":["Corpse Explosion","Die Die Die"],"picked":"Phantasmal Killer","floor":16},{"not_picked":["Backflip","Dagger Spray"],"picked":"Bouncing Flask+1","floor":18},{"not_picked":["Dash","Flechettes"],"picked":"Deflect","floor":22},{"not_picked":["Quick Slash+1","PiercingWail"],"picked":"Finisher","floor":22},{"not_picked":["Underhanded Strike","Dagger Spray"],"picked":"Noxious Fumes","floor":23},{"not_picked":["Quick Slash","Eviscerate"],"picked":"Distraction","floor":25},{"not_picked":["Underhanded Strike","Storm of Steel"],"picked":"Slice","floor":27},{"not_picked":["Cloak And Dagger","Deadly Poison"],"picked":"Footwork","floor":28},{"not_picked":["Poisoned Stab","Deadly Poison"],"picked":"Cloak And Dagger","floor":28},{"not_picked":["Poisoned Stab","Riddle With Holes"],"picked":"Slice","floor":29},{"not_picked":["Skewer","Bane"],"picked":"Blur","floor":30},{"not_picked":["Deflect","Outmaneuver"],"picked":"Backflip","floor":30},{"not_picked":["Slice","Setup"],"picked":"Crippling Poison","floor":35},{"not_picked":["Deflect","Acrobatics"],"picked":"Bouncing Flask","floor":35},{"not_picked":["Outmaneuver","Backflip"],"picked":"Bouncing Flask","floor":37},{"not_picked":["Flying Knee","Dodge and Roll"],"picked":"Poisoned Stab+1","floor":37},{"not_picked":["Escape Plan","Flying Knee"],"picked":"Burst","floor":39},{"not_picked":["Sucker Punch","All Out Attack"],"picked":"Flying Knee+1","floor":39},{"not_picked":["Dagger Spray","Quick Slash"],"picked":"Leg Sweep","floor":40},{"not_picked":["Setup+1","Dagger Spray"],"picked":"Noxious Fumes","floor":41},{"not_picked":["Skewer","Prepared"],"picked":"Backflip","floor":47},{"not_picked":["Calculated Gamble","Dagger Throw+1"],"picked":"Bouncing Flask","floor":47},{"not_picked":["Cloak And Dagger","Bane"],"picked":"Endless Agony+1","floor":48},{"not_picked":["Flying Knee+1","Quick Slash"],"picked":"Blur","floor":48},{"not_picked":["Dagger Throw","Prepared"],"picked":"Wraith Form v2+1","floor":49}],"player_experience":806379,"relics_obtained":[{"floor":9,"key":"Omamori"},{"floor":12,"key":"Oddly Smooth Stone"},{"floor":14,"key":"Old Coin"},{"floor":23,"key":"Smiling Mask"},{"floor":25,"key":"Potion Belt"},{"floor":26,"key":"Ginger"},{"floor":27,"key":"Ornamental Fan"},{"floor":29,"key":"Ancient Tea Set"},{"floor":38,"key":"Dream Catcher"},{"floor":41,"key":"Mango"},{"floor":43,"key":"Frozen Egg 2"},{"floor":45,"key":"Incense Burner"}],"event_choices":[{"event_name":"Golden Wing","player_choice":"Card Removal","floor":2,"damage_taken":0},{"event_name":"Accursed Blacksmith","player_choice":"Forge","floor":4,"damage_taken":0},{"event_name":"Living Wall","player_choice":"Forget","floor":5,"damage_taken":0},{"event_name":"Scrap Ooze","player_choice":"success","floor":8,"damage_taken":18},{"event_name":"The Library","player_choice":"Read","floor":19,"damage_taken":0},{"event_name":"Back to Basics","player_choice":"Elegance","floor":20,"damage_taken":0},{"event_name":"Drug Dealer","player_choice":"Got JAXXED","floor":31,"damage_taken":0},{"event_name":"Tomb of Lord Red Mask","player_choice":"Ignored","floor":36,"damage_taken":0},{"event_name":"SensoryStone","player_choice":"Memory 1","floor":44,"damage_taken":0},{"event_name":"MindBloom","player_choice":"Fight","floor":45,"damage_taken":0}],"is_beta":true,"boss_relics":[{"not_picked":["Lizard Tail","Coffee Dripper"],"picked":"Empty Cage"},{"not_picked":["Ring of the Serpent","Velvet Choker"],"picked":"Snecko Eye"}],"items_purged_floors":[11,21],"is_endless":false,"potions_floor_spawned":[1,7,12,18,27,28,33,35],"killed_by":"Awakened One","ascension_level":15}