{"gold_per_floor":[114,130,130,15,15,34,34,78,102,123,136,214,227,250,250,381,381,402,425,515,530,548,548,305,305,305,345,345,345,368,382,382,503,503,519,201,201,252,273,616,616,949,995,995,995],"floor_reached":45,"playtime":3650,"items_purged":["Strike_B","Strike_B","Cold Snap"],"score":490,"play_id":"f7b8551f-9b65-456e-bbf8-99773bb01efe","local_time":"20190211045215","is_ascension_mode":false,"campfire_choices":[{"floor":7,"key":"REST"},{"floor":15,"key":"REST"},{"floor":23,"key":"REST"},{"data":"Self Repair","floor":25,"key":"SMITH"},{"floor":32,"key":"REST"},{"floor":44,"key":"REST"}],"neow_cost":"NONE","seed_source_timestamp":22342931981500,"circlet_count":0,"master_deck":["Defend_B","Defend_B","Defend_B","Defend_B","Zap","Dualcast","Leap","Sunder","Loop","Self Repair+1","Electrodynamics","Sunder","Hologram","Electrodynamics","Go for the Eyes+1","Loop","Steam","Amplify","Leap","Conserve Battery","Creative AI","Leap+1","Writhe","Capacitor"],"relics":["Cracked Core","NeowsBlessing","Vajra","Shuriken","Art of War","Mummified Hand","Nuclear Battery","Regal Pillow","Sundial","Dream Catcher","MutagenicStrength","Blood Vial","Empty Cage","Medical Kit","Ancient Tea Set","Old Coin","Happy Flower"],"potions_floor_usage":[11,16,22,33,33,33,35],"damage_taken":[{"damage":0,"enemies":"Small Slimes","floor":1,"turns":1},{"damage":0,"enemies":"Jaw Worm","floor":2,"turns":1},{"damage":0,"enemies":"Cultist","floor":6,"turns":1},{"damage":15,"enemies":"Lagavulin","floor":8,"turns":7},{"damage":17,"enemies":"Exordium Wildlife","floor":10,"turns":7},{"damage":6,"enemies":"Gremlin Gang","floor":11,"turns":2},{"damage":3,"enemies":"Blue Slaver","floor":13,"turns":2},{"damage":1,"enemies":"2 Fungi Beasts","floor":14,"turns":3},{"damage":22,"enemies":"The Guardian","floor":16,"turns":11},{"damage":11,"enemies":"Chosen","floor":18,"turns":5},{"damage":9,"enemies":"3 Byrds","floor":19,"turns":3},{"damage":22,"enemies":"Snecko","floor":21,"turns":4},{"damage":3,"enemies":"Centurion and Healer","floor":22,"turns":7},{"damage":43,"enemies":"Gremlin Leader","floor":27,"turns":8},{"damage":0,"enemies":"Sentry and Sphere","floor":30,"turns":4},{"damage":13,"enemies":"Chosen and Byrds","floor":31,"turns":5},{"damage":66,"enemies":"Collector","floor":33,"turns":12},{"damage":22,"enemies":"Orb Walker","floor":35,"turns":5},{"damage":18,"enemies":"3 Shapes","floor":39,"turns":3},{"damage":29,"enemies":"Reptomancer","floor":40,"turns":7},{"damage":82,"enemies":"Giant Head","floor":45,"turns":10}],"seed_played":"-3993699378728571630","potions_obtained":[{"floor":8,"key":"Swift Potion"},{"floor":10,"key":"AttackPotion"},{"floor":11,"key":"EssenceOfSteel"},{"floor":16,"key":"Poison Potion"},{"floor":21,"key":"SpeedPotion"},{"floor":27,"key":"Ancient Potion"},{"floor":33,"key":"Regen Potion"}],"is_trial":false,"path_per_floor":["M","M","?","$","?","M","R","E","T","M","M","T","M","M","R","B",null,"M","M","?","M","M","R","$","R","T","E","?","?","M","M","R","B",null,"M","$","?","T","M","E","?","?","T","R","E"],"character_chosen":"DEFECT","items_purchased":["Sunder","Regal Pillow","Medical Kit"],"campfire_rested":5,"item_purchase_floors":[4,24,36],"current_hp_per_floor":[75,75,57,57,45,45,67,52,52,42,43,43,47,53,75,60,75,71,62,48,33,37,59,59,59,59,36,36,36,58,57,75,29,75,58,58,58,58,52,35,54,54,54,75,0],"gold":995,"neow_bonus":"THREE_ENEMY_KILL","is_prod":false,"is_daily":false,"chose_seed":false,"campfire_upgraded":1,"win_rate":0.0,"timestamp":1549889535,"path_taken":["M","M","?","$","?","?","R","E","T","M","M","?","M","M","R","BOSS","M","M","?","M","?","R","$","R","T","E","?","?","M","M","R","BOSS","M","$","?","?","M","E","?","?","T","R","E"],"build_version":"2019-01-23","purchased_purges":3,"victory":false,"max_hp_per_floor":[75,75,75,75,75,75,75,75,75,75,75,75,75,75,75,75,75,75,75,75,75,75,75,75,75,75,75,75,75,75,75,75,75,75,75,75,75,75,75,75,75,75,75,75,75],"card_choices":[{"not_picked":["Beam Cell","Tempest","Heatsinks"],"picked":"SKIP","floor":1},{"not_picked":["Steam","Sweeping Beam"],"picked":"Leap","floor":2},{"not_picked":["Steam","Steam Power"],"picked":"Loop","floor":6},{"not_picked":["Tempest","Rebound"],"picked":"Self Repair","floor":8},{"not_picked":["Barrage","Force Field"],"picked":"Cold Snap","floor":10},{"not_picked":["Ball Lightning","Static Discharge"],"picked":"Electrodynamics","floor":11},{"not_picked":["Streamline","Sweeping Beam"],"picked":"Sunder","floor":13},{"not_picked":["Aggregate","Rebound"],"picked":"Hologram","floor":14},{"not_picked":["Amplify","Fission"],"picked":"Electrodynamics","floor":16},{"not_picked":["Double Energy+1","Hologram"],"picked":"Go for the Eyes+1","floor":18},{"not_picked":["Sunder","Ball Lightning"],"picked":"Loop","floor":19},{"not_picked":["Sweeping Beam","Steam Power"],"picked":"Steam","floor":21},{"not_picked":["Coolheaded","Compile Driver"],"picked":"Amplify","floor":22},{"not_picked":["Cold Snap","Turbo+1"],"picked":"Leap","floor":27},{"not_picked":["Chill+1","Compile Driver","Redo"],"picked":"SKIP","floor":30},{"not_picked":["Turbo","Redo"],"picked":"Conserve Battery","floor":31},{"not_picked":["All For One","Fission"],"picked":"Creative AI","floor":33},{"not_picked":["Compile Driver+1","Tempest"],"picked":"Go for the Eyes+1","floor":35},{"not_picked":["Redo","Skim","Force Field+1"],"picked":"SKIP","floor":39},{"not_picked":["White Noise","Skim"],"picked":"Leap+1","floor":40},{"not_picked":["Redo+1","BootSequence+1"],"picked":"Capacitor","floor":44}],"player_experience":121449,"relics_obtained":[{"floor":8,"key":"Shuriken"},{"floor":9,"key":"Art of War"},{"floor":12,"key":"Mummified Hand"},{"floor":26,"key":"Sundial"},{"floor":27,"key":"Dream Catcher"},{"floor":38,"key":"Ancient Tea Set"},{"floor":40,"key":"Old Coin"},{"floor":43,"key":"Happy Flower"}],"event_choices":[{"damage_healed":0,"gold_gain":0,"player_choice":"Take Damage","damage_taken":18,"relics_obtained":["Golden Idol"],"max_hp_gain":0,"max_hp_loss":0,"event_name":"Golden Idol","floor":3,"gold_loss":0},{"damage_healed":0,"gold_gain":0,"player_choice":"Success","damage_taken":12,"relics_obtained":["Vajra"],"max_hp_gain":0,"max_hp_loss":0,"event_name":"Scrap Ooze","floor":5,"gold_loss":0},{"damage_healed":0,"gold_gain":90,"player_choice":"GOLD ","damage_taken":14,"max_hp_gain":0,"max_hp_loss":0,"event_name":"Knowing Skull","floor":20,"potions_obtained":[],"gold_loss":0,"cards_obtained":[]},{"damage_healed":0,"gold_gain":0,"player_choice":"Inject Mutagens","damage_taken":0,"relics_obtained":["MutagenicStrength"],"max_hp_gain":0,"max_hp_loss":0,"event_name":"Drug Dealer","floor":28,"gold_loss":0},{"damage_healed":0,"gold_gain":0,"player_choice":"Opened","damage_taken":0,"relics_obtained":["Blood Vial"],"max_hp_gain":0,"max_hp_loss":0,"event_name":"The Mausoleum","floor":29,"gold_loss":0},{"cards_removed":["Go for the Eyes"],"damage_healed":0,"gold_gain":0,"player_choice":"Removed Attack","damage_taken":0,"max_hp_gain":0,"max_hp_loss":0,"event_name":"Falling","floor":37,"gold_loss":0},{"damage_healed":19,"gold_gain":0,"player_choice":"Writhe","damage_taken":0,"max_hp_gain":0,"max_hp_loss":0,"event_name":"Winding Halls","floor":41,"gold_loss":0,"cards_obtained":["Writhe"]},{"damage_healed":0,"gold_gain":333,"player_choice":"Gave Idol","damage_taken":0,"max_hp_gain":0,"max_hp_loss":0,"event_name":"The Moai Head","floor":42,"relics_lost":["Golden Idol"],"gold_loss":0}],"is_beta":false,"boss_relics":[{"not_picked":["Astrolabe","Fusion Hammer"],"picked":"Nuclear Battery"},{"not_picked":["Runic Pyramid","Snecko Eye"],"picked":"Empty Cage"}],"items_purged_floors":[4,24,36],"is_endless":false,"potions_floor_spawned":[8,10,11,16,21,27,31,33],"killed_by":"Giant Head","ascension_level":0}