{"gold_per_floor":[213,223,243,262,280,280,297,297,376,376,13,23,23,23,23,125],"floor_reached":16,"playtime":521,"items_purged":[],"score":194,"play_id":"da47ff38-e6d3-4c38-b673-7484c213d96b","local_time":"20190131221924","is_ascension_mode":false,"campfire_choices":[{"data":"Zap","floor":6,"key":"SMITH"},{"data":"Go for the Eyes","floor":8,"key":"SMITH"},{"data":"Capacitor","floor":10,"key":"SMITH"},{"data":"Undo","floor":13,"key":"SMITH"},{"data":"Cold Snap","floor":15,"key":"SMITH"}],"neow_cost":"NONE","seed_source_timestamp":97261101565867,"circlet_count":0,"master_deck":["Strike_B","Strike_B","Strike_B","Strike_B","Defend_B","Defend_B","Defend_B","Defend_B","Zap+1","Dualcast","Go for the Eyes+1","Ball Lightning","Capacitor+1","Cold Snap+1","Undo+1","Reinforced Body","Cold Snap"],"relics":["Cracked Core","Prayer Wheel"],"potions_floor_usage":[5,16],"damage_taken":[{"damage":0,"enemies":"Cultist","floor":1,"turns":2},{"damage":1,"enemies":"Jaw Worm","floor":2,"turns":4},{"damage":0,"enemies":"2 Louse","floor":3,"turns":2},{"damage":6,"enemies":"Large Slime","floor":4,"turns":3},{"damage":8,"enemies":"Gremlin Gang","floor":5,"turns":3},{"damage":6,"enemies":"3 Louse","floor":7,"turns":2},{"damage":6,"enemies":"Exordium Wildlife","floor":12,"turns":5},{"damage":0,"enemies":"The Guardian","floor":16,"turns":12}],"seed_played":"1823382080268843885","potions_obtained":[{"floor":3,"key":"LiquidBronze"},{"floor":5,"key":"SneckoOil"},{"floor":7,"key":"FocusPotion"},{"floor":12,"key":"Block Potion"},{"floor":16,"key":"Swift Potion"}],"is_trial":false,"path_per_floor":["M","M","M","M","M","R","M","R","T","R","$","M","R","$","R","B"],"character_chosen":"DEFECT","items_purchased":["Prayer Wheel","Reinforced Body"],"campfire_rested":0,"item_purchase_floors":[11,11],"current_hp_per_floor":[75,74,74,68,60,60,54,54,54,54,54,48,48,48,48,48],"gold":125,"neow_bonus":"HUNDRED_GOLD","is_prod":false,"is_daily":false,"chose_seed":false,"campfire_upgraded":5,"win_rate":0,"timestamp":1548998364,"path_taken":["M","M","M","M","M","R","M","R","T","R","$","?","R","$","R","BOSS"],"build_version":"2019-01-23","purchased_purges":0,"victory":false,"max_hp_per_floor":[75,75,75,75,75,75,75,75,75,75,75,75,75,75,75,75],"card_choices":[{"not_picked":["Beam Cell","Steam Power"],"picked":"Go for the Eyes","floor":1},{"not_picked":["Stack","Barrage"],"picked":"Ball Lightning","floor":2},{"not_picked":["Steam","Streamline"],"picked":"Capacitor","floor":3},{"not_picked":["Barrage","Rip and Tear","Fusion"],"picked":"SKIP","floor":4},{"not_picked":["Rebound","Double Energy"],"picked":"Cold Snap","floor":5},{"not_picked":["Recycle","Go for the Eyes"],"picked":"Undo","floor":7},{"not_picked":["Steam","Loop"],"picked":"Cold Snap","floor":12},{"not_picked":["Heatsinks","Gash","Steam Power"],"picked":"SKIP","floor":12}],"player_experience":1286189,"relics_obtained":[],"event_choices":[],"is_beta":true,"boss_relics":[],"items_purged_floors":[],"is_endless":false,"potions_floor_spawned":[3,5,7,12,16],"killed_by":"The Guardian","ascension_level":0}