{"path_per_floor":["M","T","M","T","M","R","E","M","T","M","M","M","$","M","R","B",null,"M","M","$","M","$","R","E","M","T","M","M","$","M","M","R","B",null,"M","$","?","M","M","E","R","E","T","R","?","R","$","E","R","B"],"character_chosen":"IRONCLAD","items_purchased":["Master of Strategy","Shrug It Off"],"gold_per_floor":[113,113,125,125,138,138,164,176,176,191,202,220,145,162,162,240,240,258,272,40,55,55,55,87,101,101,120,139,39,59,71,71,147,147,159,34,34,44,63,89,89,122,122,122,175,175,25,51,51,51],"floor_reached":51,"campfire_rested":0,"playtime":2892,"current_hp_per_floor":[69,69,70,70,76,76,65,67,67,73,72,66,66,72,72,42,71,65,49,49,55,55,55,30,33,33,54,60,60,63,57,57,81,81,76,76,71,67,70,71,71,75,75,75,81,81,81,81,81,81],"items_purged":["Strike_R","Strike_R","Strike_R","Bash"],"gold":51,"score":1623,"play_id":"13c011d1-6672-4ab9-acfb-33a530fb255d","local_time":"20180422120435","is_prod":false,"is_daily":false,"chose_seed":true,"is_ascension_mode":true,"campfire_upgraded":4,"timestamp":1524420275,"path_taken":["M","?","?","?","?","R","E","M","T","?","M","M","$","M","R","BOSS","M","M","$","M","$","R","E","M","T","M","M","?","?","M","R","BOSS","M","$","?","M","M","E","R","E","T","R","?","R","?","E","R","BOSS"],"build_version":"2018-04-19","seed_source_timestamp":751712287329208,"purchased_purges":4,"victory":true,"master_deck":["Defend_R","Defend_R","AscendersBane","Burning Pact","Corruption+1","Armaments+1","Battle Trance","Warcry","Flex","Corruption","Barricade","Feel No Pain+1","True Grit","Master of Strategy","Shrug It Off","Bloodletting","Body Slam","Ghostly Armor","Disarm","Shrug It Off","Dark Embrace","Shockwave+1","Panache+1","Apotheosis","True Grit+1","Sentinel+1","Sentinel","Warcry"],"max_hp_per_floor":[75,75,75,75,78,78,81,81,81,81,81,81,81,81,81,81,81,81,81,81,81,81,81,81,81,81,81,81,81,81,81,81,81,81,81,81,81,81,81,81,81,81,81,81,81,81,81,81,81,81],"relics":["Burning Blood","Dead Branch","Bronze Scales","Pantograph","Bag of Marbles","Snecko Eye","Darkstone Periapt","Peace Pipe","Philosopher\u0027s Stone","Meat on the Bone","Omamori","Bottled Tornado","Calipers","Bag of Preparation"],"card_choices":[{"not_picked":["Armaments","Havoc"],"picked":"Burning Pact","floor":1},{"not_picked":["Flex","Iron Wave"],"picked":"Corruption","floor":3},{"not_picked":["Twin Strike","Clash"],"picked":"Armaments","floor":5},{"not_picked":["Ghostly Armor","Heavy Blade"],"picked":"Battle Trance","floor":7},{"not_picked":["Headbutt","Entrench"],"picked":"Warcry","floor":10},{"not_picked":["Perfected Strike","Berserk"],"picked":"Flex","floor":11},{"not_picked":["Searing Blow","Rage"],"picked":"Corruption","floor":14},{"not_picked":["Reaper","Limit Break"],"picked":"Barricade","floor":16},{"not_picked":["Clothesline","Corruption"],"picked":"Feel No Pain","floor":18},{"not_picked":["Perfected Strike","Anger"],"picked":"True Grit","floor":19},{"not_picked":["Sword Boomerang","Twin Strike"],"picked":"Bloodletting","floor":24},{"not_picked":["Warcry","Thunderclap"],"picked":"Body Slam","floor":27},{"not_picked":["Brutality","Blood for Blood"],"picked":"Ghostly Armor","floor":28},{"not_picked":["Havoc","Thunderclap"],"picked":"Disarm","floor":30},{"not_picked":["Combust","Iron Wave"],"picked":"Shrug It Off","floor":31},{"not_picked":["Double Tap","Barricade"],"picked":"Dark Embrace","floor":33},{"not_picked":["Perfected Strike","Twin Strike"],"picked":"Shockwave","floor":35},{"not_picked":["Enlightenment","Good Instincts"],"picked":"Panache","floor":37},{"not_picked":["Mind Blast","Good Instincts"],"picked":"Apotheosis","floor":37},{"not_picked":["Sword Boomerang","Bloodletting"],"picked":"True Grit","floor":38},{"not_picked":["Sword Boomerang","Armaments"],"picked":"Sentinel","floor":39},{"not_picked":["Armaments","Intimidate"],"picked":"Sentinel","floor":40},{"not_picked":["Uppercut","Corruption"],"picked":"Warcry","floor":48}],"player_experience":398642,"potions_floor_usage":[10,16,16,25,31,35],"damage_taken":[{"damage":5,"enemies":"Cultist","floor":1,"turns":4},{"damage":5,"enemies":"Small Slimes","floor":3,"turns":4},{"damage":3,"enemies":"2 Louse","floor":5,"turns":1},{"damage":20,"enemies":"Gremlin Nob","floor":7,"turns":4},{"damage":4,"enemies":"Exordium Wildlife","floor":8,"turns":1},{"damage":0,"enemies":"2 Fungi Beasts","floor":10,"turns":3},{"damage":7,"enemies":"Looter","floor":11,"turns":4},{"damage":16,"enemies":"Blue Slaver","floor":12,"turns":4},{"damage":0,"enemies":"Exordium Wildlife","floor":14,"turns":1},{"damage":45,"enemies":"The Guardian","floor":16,"turns":8},{"damage":12,"enemies":"Shell Parasite","floor":18,"turns":3},{"damage":22,"enemies":"2 Thieves","floor":19,"turns":3},{"damage":0,"enemies":"Snecko","floor":21,"turns":4},{"damage":51,"enemies":"Slavers","floor":24,"turns":6},{"damage":3,"enemies":"Centurion and Healer","floor":25,"turns":4},{"damage":0,"enemies":"Chosen and Byrds","floor":27,"turns":3},{"damage":0,"enemies":"Snecko","floor":28,"turns":2},{"damage":3,"enemies":"3 Cultists","floor":30,"turns":2},{"damage":12,"enemies":"Centurion and Healer","floor":31,"turns":2},{"damage":3,"enemies":"Collector","floor":33,"turns":3},{"damage":11,"enemies":"3 Shapes","floor":35,"turns":4},{"damage":10,"enemies":"3 Darklings","floor":38,"turns":2},{"damage":3,"enemies":"Sphere and 2 Shapes","floor":39,"turns":2},{"damage":5,"enemies":"Giant Head","floor":40,"turns":3},{"damage":3,"enemies":"Nemesis","floor":42,"turns":3},{"damage":0,"enemies":"Mysterious Sphere","floor":45,"turns":1},{"damage":0,"enemies":"2 Orb Walkers","floor":48,"turns":1},{"damage":0,"enemies":"Awakened One","floor":50,"turns":2}],"event_choices":[{"event_name":"SensoryStone","player_choice":"Memory 2","floor":37,"damage_taken":0},{"event_name":"Mysterious Sphere","player_choice":"Fight","floor":45,"damage_taken":0}],"boss_relics":[{"not_picked":["Astrolabe","Velvet Choker"],"picked":"Snecko Eye"},{"not_picked":["Black Blood","Orrery"],"picked":"Philosopher\u0027s Stone"}],"potions_floor_spawned":[7,11,12,14,16,19,24,30,38,45,48],"seed_played":"-2987561348928804589","ascension_level":15,"is_trial":false}