{"path_per_floor":["M","M","$","M","?","E","R","?","T","M","E","$","E","M","R","B",null,"M","?","?","$","M","E","R","E","T","M","E","M","R","M","R","B",null,"M","M","?","M","M","E","R","E","T","?","M","M","M","E","R","B"],"character_chosen":"IRONCLAD","items_purchased":["Feel No Pain","Ghostly Armor","Pummel","Corruption","Apotheosis"],"gold_per_floor":[116,131,90,107,107,138,138,138,138,156,187,74,102,114,114,219,219,219,219,219,3,3,3,3,3,3,3,3,3,3,3,3,3,3,3,3,0,0,0,0,0,0,0,0,0,0,0,0,0,0],"floor_reached":51,"campfire_rested":2,"playtime":2978,"current_hp_per_floor":[71,76,76,80,80,55,55,39,39,41,53,53,42,48,48,46,73,75,75,75,75,83,71,71,58,58,54,30,42,68,47,73,90,90,84,89,89,92,92,94,94,87,89,89,96,96,98,100,100,98],"items_purged":[],"gold":0,"score":1245,"play_id":"2a0a20cb-d29a-43ea-a7f2-9e40599b814b","local_time":"20180426003314","is_prod":false,"is_daily":false,"chose_seed":true,"is_ascension_mode":true,"campfire_upgraded":5,"timestamp":1524724394,"path_taken":["M","M","$","M","?","E","R","?","T","M","E","$","E","M","R","BOSS","M","?","?","?","M","E","R","E","T","M","E","M","R","M","R","BOSS","M","M","?","M","M","E","R","E","T","?","?","M","?","E","R","BOSS"],"build_version":"2018-04-19","seed_source_timestamp":1055741109077147,"purchased_purges":0,"victory":true,"master_deck":["Bash","True Grit+1","Sentinel+1","Feel No Pain+1","Twin Strike","Berserk","Metallicize+1","Ghostly Armor","Pummel","Fiend Fire+1","Demon Form","Pummel","Shrug It Off","Writhe","Corruption+1","Apotheosis+1","Intimidate+1","Reaper","Sentinel","Seeing Red","Iron Wave","Havoc","Headbutt","Cleave","Body Slam","Flame Barrier","Clash","Bloodletting","Seeing Red+1","Shrug It Off","Disarm","Offering","Seeing Red","Feel No Pain+1"],"max_hp_per_floor":[80,80,80,80,80,80,80,80,80,80,80,80,82,82,82,82,82,82,82,82,82,84,84,84,86,86,88,88,88,88,88,88,90,90,92,92,92,92,92,94,94,94,96,96,96,96,98,100,100,100],"relics":["Burning Blood","Calipers","Dead Branch","Bottled Lightning","Singing Bowl","Ectoplasm","Charon\u0027s Ashes","Vajra","Blood Vial","War Paint","Prayer Wheel","Pandora\u0027s Box","Red Mask","Letter Opener","Magic Flower","Paper Frog","Centennial Puzzle"],"card_choices":[{"not_picked":["Thunderclap","Sword Boomerang"],"picked":"True Grit","floor":1},{"not_picked":["True Grit","Pommel Strike"],"picked":"Sentinel","floor":2},{"not_picked":["Wild Strike","Combust"],"picked":"Twin Strike","floor":4},{"not_picked":["Dual Wield","Pommel Strike"],"picked":"Metallicize","floor":6},{"not_picked":["Body Slam","Clothesline"],"picked":"Fiend Fire","floor":14},{"not_picked":["Feed","Reaper"],"picked":"Demon Form","floor":16},{"not_picked":["Power Through","Clash"],"picked":"Pummel","floor":18},{"not_picked":["Wild Strike","Feed"],"picked":"Intimidate","floor":23},{"not_picked":["Uppercut","Inflame"],"picked":"Reaper","floor":28},{"not_picked":["Hemokinesis","Sword Boomerang"],"picked":"Sentinel","floor":29},{"not_picked":["Wild Strike","Anger"],"picked":"Seeing Red","floor":31},{"not_picked":["Sentinel","Havoc"],"picked":"Seeing Red","floor":36},{"not_picked":["Havoc","Sword Boomerang"],"picked":"Shrug It Off","floor":38},{"not_picked":["Entrench","Havoc"],"picked":"Disarm","floor":39},{"not_picked":["Pummel","Sever Soul"],"picked":"Offering","floor":42},{"not_picked":["Warcry","Sword Boomerang"],"picked":"Seeing Red","floor":45},{"not_picked":["Flex","Flame Barrier"],"picked":"Feel No Pain","floor":46}],"player_experience":412197,"potions_floor_usage":[10,11,13,16,23,23,29,35,46,50,50],"damage_taken":[{"damage":7,"enemies":"Jaw Worm","floor":1,"turns":3},{"damage":1,"enemies":"Cultist","floor":2,"turns":3},{"damage":1,"enemies":"2 Louse","floor":4,"turns":2},{"damage":31,"enemies":"Gremlin Nob","floor":6,"turns":5},{"damage":4,"enemies":"2 Fungi Beasts","floor":10,"turns":4},{"damage":3,"enemies":"3 Sentries","floor":11,"turns":6},{"damage":19,"enemies":"Gremlin Nob","floor":13,"turns":5},{"damage":0,"enemies":"Blue Slaver","floor":14,"turns":6},{"damage":23,"enemies":"The Guardian","floor":16,"turns":12},{"damage":4,"enemies":"Shell Parasite","floor":18,"turns":6},{"damage":0,"enemies":"3 Byrds","floor":22,"turns":4},{"damage":18,"enemies":"Slavers","floor":23,"turns":4},{"damage":21,"enemies":"Gremlin Leader","floor":25,"turns":4},{"damage":14,"enemies":"Snecko","floor":27,"turns":4},{"damage":32,"enemies":"Book of Stabbing","floor":28,"turns":4},{"damage":4,"enemies":"Snake Plant","floor":29,"turns":4},{"damage":35,"enemies":"Chosen and Byrds","floor":31,"turns":6},{"damage":27,"enemies":"Collector","floor":33,"turns":3},{"damage":14,"enemies":"3 Darklings","floor":35,"turns":5},{"damage":3,"enemies":"3 Shapes","floor":36,"turns":4},{"damage":2,"enemies":"3 Darklings","floor":38,"turns":3},{"damage":0,"enemies":"Maw","floor":39,"turns":3},{"damage":0,"enemies":"Giant Head","floor":40,"turns":3},{"damage":13,"enemies":"Nemesis","floor":42,"turns":5},{"damage":0,"enemies":"4 Shapes","floor":45,"turns":3},{"damage":4,"enemies":"3 Darklings","floor":46,"turns":1},{"damage":8,"enemies":"Maw","floor":47,"turns":2},{"damage":4,"enemies":"Giant Head","floor":48,"turns":3},{"damage":11,"enemies":"Donu and Deca","floor":50,"turns":2}],"event_choices":[{"event_name":"Transmorgrifier","player_choice":"Transform","floor":5,"damage_taken":0},{"event_name":"Shining Light","player_choice":"Entered Light","floor":8,"damage_taken":0},{"event_name":"The Library","player_choice":"Read","floor":19,"damage_taken":0},{"event_name":"The Mausoleum","player_choice":"Yes","floor":20,"damage_taken":0},{"event_name":"Tomb of Lord Red Mask","player_choice":"Paid","floor":37,"damage_taken":0},{"event_name":"Match and Keep!","player_choice":"0 cards matched","floor":44,"damage_taken":0}],"boss_relics":[{"not_picked":["Cursed Key","Black Blood"],"picked":"Ectoplasm"},{"not_picked":["Eternal Feather","White Beast Statue"],"picked":"Pandora\u0027s Box"}],"potions_floor_spawned":[2,6,10,13,16,22,28,31,33,36,38,46,48],"seed_played":"6141393616626544601","ascension_level":6,"is_trial":false}