{"gold_per_floor":[109,31,31,50,50,50,70,98,146,160,160,178,188,200,200,200],"floor_reached":16,"playtime":352,"items_purged":[],"score":114,"play_id":"7d7ebac7-e7dc-4a2b-baf2-232cd8bbd5bf","local_time":"20180719112231","is_ascension_mode":true,"campfire_choices":[{"floor":6,"key":"REST"},{"floor":15,"key":"REST"}],"neow_cost":"NONE","seed_source_timestamp":0,"circlet_count":0,"master_deck":["Strike_B+1","Strike_B","Strike_B","Defend_B","Defend_B","Defend_B+1","Defend_B","Zap","Dualcast","Defragment","Rip and Tear","Ball Lightning","Sweeping Beam","Conserve Battery","Defragment","Cold Snap","Tempest","FTL"],"relics":["Fusion Hammer","Oddly Smooth Stone","Ancient Tea Set","Strawberry"],"potions_floor_usage":[],"damage_taken":[{"damage":3,"enemies":"2 Louse","floor":1,"turns":3},{"damage":7,"enemies":"Jaw Worm","floor":4,"turns":2},{"damage":0,"enemies":"Cultist","floor":7,"turns":2},{"damage":8,"enemies":"3 Sentries","floor":8,"turns":5},{"damage":0,"enemies":"3 Louse","floor":10,"turns":2},{"damage":0,"enemies":"Looter","floor":12,"turns":3},{"damage":4,"enemies":"Exordium Wildlife","floor":13,"turns":4},{"damage":8,"enemies":"Red Slaver","floor":14,"turns":3},{"damage":0,"enemies":"The Guardian","floor":16,"turns":1}],"seed_played":"21651188744373208","potions_obtained":[{"floor":1,"key":"FearPotion"},{"floor":8,"key":"Energy Potion"},{"floor":10,"key":"LiquidBronze"}],"is_trial":false,"path_per_floor":["M","$","?","M","?","R","M","E","T","M","?","M","M","M","R"],"character_chosen":"DEFECT","items_purchased":["Rip and Tear"],"campfire_rested":2,"item_purchase_floors":[2],"current_hp_per_floor":[72,72,57,50,43,65,65,57,57,57,64,64,60,52,76,76],"gold":200,"neow_bonus":"BOSS_RELIC","is_prod":false,"is_daily":false,"chose_seed":true,"campfire_upgraded":0,"win_rate":0,"timestamp":1532020951,"path_taken":["M","$","?","?","?","R","M","E","T","M","?","M","M","M","R","BOSS"],"build_version":"2018-07-18","purchased_purges":0,"victory":false,"max_hp_per_floor":[75,75,75,75,75,75,75,75,75,75,82,82,82,82,82,82],"card_choices":[{"not_picked":["Conserve Battery","Redo"],"picked":"Defragment","floor":1},{"not_picked":["Compile Driver","Barrage"],"picked":"Ball Lightning","floor":4},{"not_picked":["Beam Cell","Fission"],"picked":"Sweeping Beam","floor":7},{"not_picked":["Go for the Eyes","Gash"],"picked":"Conserve Battery","floor":8},{"not_picked":["Stack","Tempest"],"picked":"Defragment","floor":10},{"not_picked":["Scrape","Turbo"],"picked":"Cold Snap","floor":12},{"not_picked":["Scrape","Barrage"],"picked":"Tempest","floor":13},{"not_picked":["Streamline","Gash"],"picked":"FTL","floor":14}],"player_experience":798889,"relics_obtained":[{"floor":8,"key":"Oddly Smooth Stone"},{"floor":9,"key":"Ancient Tea Set"}],"event_choices":[{"event_name":"Shining Light","player_choice":"Entered Light","floor":3,"damage_taken":0},{"event_name":"Golden Wing","player_choice":"Card Removal","floor":5,"damage_taken":0},{"event_name":"WeMeetAgain","player_choice":"Potion","floor":11,"damage_taken":0}],"is_beta":true,"boss_relics":[],"items_purged_floors":[],"is_endless":false,"potions_floor_spawned":[1,8,10],"killed_by":"The Guardian","ascension_level":2}