{"gold_per_floor":[116,127,146,146,246,246,261,53,76,76,96,96,114,144,144,244,244,262,278,293,293,22,51,51,70,148,4,15,15,26,38,38,38],"floor_reached":33,"playtime":7509,"items_purged":[],"score":271,"play_id":"e3d93c61-1994-43bf-8472-4bef5372807b","local_time":"20190218025301","is_ascension_mode":false,"campfire_choices":[{"data":"Zap","floor":6,"key":"SMITH"},{"data":"Defragment","floor":10,"key":"SMITH"},{"data":"Acrobatics","floor":12,"key":"SMITH"},{"data":"Metallicize","floor":15,"key":"SMITH"},{"floor":24,"key":"REST"},{"data":"Hologram","floor":29,"key":"SMITH"},{"floor":32,"key":"REST"}],"neow_cost":"NONE","seed_source_timestamp":13832783944100,"circlet_count":0,"master_deck":["Strike_B","Defend_B","Defend_B","Defend_B","Defend_B","Zap+1","Dualcast","Chill","Conserve Battery","Conserve Battery","Defragment+1","Acrobatics+1","Metallicize+1","Shrug It Off","Demon Form","Backflip","Pommel Strike","Hologram+1","Capacitor","Dagger Throw"],"relics":["Cracked Core","PrismaticShard","Vajra","Ancient Tea Set","Empty Cage","Ornamental Fan","Strange Spoon","Anchor","Symbiotic Virus","Bag of Marbles"],"potions_floor_usage":[11,16,20,23,25,28,30,33],"damage_taken":[{"damage":0,"enemies":"Cultist","floor":1,"turns":4},{"damage":11,"enemies":"Small Slimes","floor":2,"turns":4},{"damage":0,"enemies":"Jaw Worm","floor":3,"turns":4},{"damage":11,"enemies":"Lots of Slimes","floor":7,"turns":5},{"damage":0,"enemies":"Red Slaver","floor":11,"turns":3},{"damage":0,"enemies":"2 Fungi Beasts","floor":13,"turns":4},{"damage":3,"enemies":"3 Sentries","floor":14,"turns":10},{"damage":7,"enemies":"Slime Boss","floor":16,"turns":12},{"damage":2,"enemies":"Spheric Guardian","floor":18,"turns":7},{"damage":10,"enemies":"Chosen","floor":19,"turns":8},{"damage":4,"enemies":"Shelled Parasite and Fungi","floor":20,"turns":7},{"damage":26,"enemies":"Slavers","floor":23,"turns":9},{"damage":0,"enemies":"Snake Plant","floor":25,"turns":6},{"damage":2,"enemies":"Sentry and Sphere","floor":28,"turns":5},{"damage":1,"enemies":"Cultist and Chosen","floor":30,"turns":7},{"damage":0,"enemies":"Centurion and Healer","floor":31,"turns":9},{"damage":80,"enemies":"Collector","floor":33,"turns":11}],"seed_played":"-7201614298690462262","potions_obtained":[{"floor":1,"key":"Weak Potion"},{"floor":2,"key":"Ancient Potion"},{"floor":7,"key":"Regen Potion"},{"floor":14,"key":"Fire Potion"},{"floor":19,"key":"PowerPotion"},{"floor":20,"key":"SteroidPotion"},{"floor":23,"key":"Weak Potion"},{"floor":25,"key":"FocusPotion"}],"is_trial":false,"path_per_floor":["M","M","M","?","?","R","M","$","T","R","M","R","M","E","R","B",null,"M","M","M","T","$","E","R","M","T","$","M","R","M","M","R","B"],"character_chosen":"DEFECT","items_purchased":["PrismaticShard","Strange Spoon","Capacitor","Bag of Marbles"],"campfire_rested":2,"item_purchase_floors":[8,22,22,27],"current_hp_per_floor":[75,64,64,64,64,64,53,53,53,53,62,62,62,59,59,52,75,73,63,59,59,59,33,55,55,55,55,53,53,52,52,74,0],"gold":38,"neow_bonus":"REMOVE_CARD","is_prod":false,"is_daily":false,"chose_seed":false,"campfire_upgraded":5,"win_rate":0.0,"timestamp":1550487181,"path_taken":["M","M","M","?","?","R","M","$","T","R","M","R","M","E","R","BOSS","M","M","M","?","$","E","R","M","T","$","M","R","M","M","R","BOSS"],"build_version":"2019-01-23","purchased_purges":0,"victory":false,"max_hp_per_floor":[75,75,75,75,75,75,75,75,75,75,75,75,75,75,75,75,75,75,75,75,75,75,75,75,75,75,75,75,75,75,75,75,75],"card_choices":[{"not_picked":["Stack","Ball Lightning"],"picked":"Chill","floor":1},{"not_picked":["Blizzard","FTL"],"picked":"Conserve Battery","floor":2},{"not_picked":["Skim","Tempest"],"picked":"Conserve Battery","floor":3},{"not_picked":["Go for the Eyes","Rip and Tear"],"picked":"Defragment","floor":7},{"not_picked":["Blind","Jack Of All Trades"],"picked":"Acrobatics","floor":11},{"not_picked":["Cloak And Dagger","Flying Knee"],"picked":"Metallicize","floor":13},{"not_picked":["Blood for Blood","Burst"],"picked":"Shrug It Off","floor":14},{"not_picked":["Phantasmal Killer","Night Terror"],"picked":"Demon Form","floor":16},{"not_picked":["Riddle With Holes","Coolheaded"],"picked":"Backflip","floor":18},{"not_picked":["Pummel","Predator"],"picked":"Pommel Strike","floor":19},{"not_picked":["Bane","Doppelganger"],"picked":"Hologram","floor":20},{"not_picked":["Deep Breath","Coolheaded+1","Catalyst"],"picked":"SKIP","floor":23},{"not_picked":["Blade Dance","Backflip+1"],"picked":"Dagger Throw","floor":25},{"not_picked":["Sword Boomerang","Poisoned Stab","Barrage"],"picked":"SKIP","floor":28},{"not_picked":["Armaments","Twin Strike","Clash"],"picked":"SKIP","floor":30},{"not_picked":["Armaments","Twin Strike+1","Skim"],"picked":"SKIP","floor":31}],"player_experience":161210,"relics_obtained":[{"floor":9,"key":"Vajra"},{"floor":14,"key":"Ancient Tea Set"},{"floor":21,"key":"Ornamental Fan"},{"floor":23,"key":"Anchor"},{"floor":26,"key":"Symbiotic Virus"}],"event_choices":[{"damage_healed":0,"gold_gain":0,"player_choice":"Ignored","damage_taken":0,"max_hp_gain":0,"max_hp_loss":0,"event_name":"Liars Game","floor":4,"gold_loss":0},{"damage_healed":0,"gold_gain":100,"player_choice":"Gold","damage_taken":0,"max_hp_gain":0,"max_hp_loss":0,"event_name":"Wheel of Change","floor":5,"gold_loss":0}],"is_beta":false,"boss_relics":[{"not_picked":["Velvet Choker","Runic Pyramid"],"picked":"Empty Cage"}],"items_purged_floors":[],"is_endless":false,"potions_floor_spawned":[1,2,7,14,19,20,23,25],"killed_by":"Collector","ascension_level":0}