{"path_per_floor":["M","?","$","M","?","R","?","R","T","M","$","E","M","E","R","B",null,"M","?","$","?","M","R"],"character_chosen":"DEFECT","items_purchased":["Defragment","Storm"],"gold_per_floor":[113,113,3,19,19,19,19,19,43,53,53,80,92,126,126,205,205,220,220,180,180,196,196,196],"floor_reached":24,"campfire_rested":2,"playtime":1158,"item_purchase_floors":[3,20],"current_hp_per_floor":[59,38,38,36,29,29,29,50,50,50,50,46,46,46,46,46,65,48,27,27,27,27,48,0],"items_purged":["Strike_B"],"gold":196,"score":485,"play_id":"51277186-b75a-4aae-9acd-5c946734dc66","local_time":"20180611095503","is_prod":false,"is_daily":false,"chose_seed":false,"is_ascension_mode":true,"campfire_upgraded":2,"win_rate":0,"timestamp":1528732503,"campfire_choices":[{"data":"Defragment","floor":6,"key":"SMITH"},{"floor":8,"key":"REST"},{"data":"Thunder Strike","floor":15,"key":"SMITH"},{"floor":23,"key":"REST"}],"path_taken":["M","?","$","?","?","R","?","R","T","?","$","E","M","E","R","BOSS","M","?","$","?","M","R","E"],"build_version":"2018-06-08","seed_source_timestamp":6446576186844,"purchased_purges":1,"victory":false,"master_deck":["Zap+1","Dualcast+1","AscendersBane","Thunder Strike+1","Glacier+1","Defragment+1","Skim","Auto Shields","Machine Learning","Creative AI","Heatsinks","Sweeping Beam","Stack","Hologram","Streamline","Melter","Hologram+1","Storm","Conserve Battery"],"max_hp_per_floor":[71,71,71,71,71,71,71,71,71,71,71,71,71,71,71,71,71,71,71,71,71,71,71,71],"relics":["Cracked Core","Dream Catcher","Cables","Art of War","Enchiridion","Nloth\u0027s Gift"],"card_choices":[{"not_picked":["Recycle","Fusion"],"picked":"Glacier","floor":1},{"not_picked":["Streamline","Barrage"],"picked":"Skim","floor":4},{"not_picked":["Sunder","Storm"],"picked":"Auto Shields","floor":10},{"not_picked":["Stack","Steam","Hello World"],"picked":"SKIP","floor":12},{"not_picked":["Barrage","Streamline","Heatsinks"],"picked":"SKIP","floor":13},{"not_picked":["Scrape","Darkness"],"picked":"Machine Learning","floor":14},{"not_picked":["Amplify","Meteor Strike"],"picked":"Creative AI","floor":16},{"not_picked":["Rip and Tear","Darkness"],"picked":"Hologram+1","floor":18},{"not_picked":["Streamline","Cold Snap","Blizzard"],"picked":"SKIP","floor":22},{"not_picked":["Streamline","Gash"],"picked":"Conserve Battery","floor":23}],"player_experience":679217,"potions_floor_usage":[4,16,16,18,24],"damage_taken":[{"damage":5,"enemies":"Small Slimes","floor":1,"turns":4},{"damage":2,"enemies":"2 Louse","floor":4,"turns":3},{"damage":0,"enemies":"Cultist","floor":10,"turns":3},{"damage":4,"enemies":"Lagavulin","floor":12,"turns":9},{"damage":0,"enemies":"Exordium Wildlife","floor":13,"turns":5},{"damage":0,"enemies":"Gremlin Nob","floor":14,"turns":4},{"damage":0,"enemies":"Hexaghost","floor":16,"turns":9},{"damage":17,"enemies":"Chosen","floor":18,"turns":5},{"damage":0,"enemies":"Spheric Guardian","floor":22,"turns":3},{"damage":55,"enemies":"Gremlin Leader","floor":24,"turns":7}],"relics_obtained":[{"floor":9,"key":"Dream Catcher"},{"floor":12,"key":"Cables"},{"floor":14,"key":"Art of War"},{"floor":19,"key":"Enchiridion"}],"event_choices":[{"event_name":"Shining Light","player_choice":"Entered Light","floor":2,"damage_taken":0},{"event_name":"Golden Wing","player_choice":"Card Removal","floor":5,"damage_taken":0},{"event_name":"Living Wall","player_choice":"Grow","floor":7,"damage_taken":0},{"event_name":"Cursed Tome","player_choice":"Obtained Book","floor":19,"damage_taken":0},{"event_name":"N\u0027loth","player_choice":"Traded a Pandora\u0027s Box","floor":21,"damage_taken":0}],"boss_relics":[{"not_picked":["Nuclear Battery","White Beast Statue"],"picked":"Pandora\u0027s Box"}],"items_purged_floors":[3],"potions_floor_spawned":[1,13,14,16,18],"seed_played":"5321650216502929383","killed_by":"Gremlin Leader","ascension_level":15,"potions_obtained":[{"floor":1,"key":"GamblersBrew"},{"floor":13,"key":"Weak Potion"},{"floor":14,"key":"LiquidBronze"},{"floor":16,"key":"Energy Potion"},{"floor":18,"key":"AttackPotion"}],"is_trial":false}