{"gold_per_floor":[117,133,146,146,164,164,114,140,210,220,220,16,16,50,50,145,145,157,175,175,106,119,119,34,34,34,34,54,54,69,69,69,164,164,182,202,249,264,264,264,364,364,419,444,456,468,491,515,527,539],"floor_reached":51,"playtime":2699,"items_purged":[],"score":1028,"play_id":"cf079832-24e2-4d77-9363-589caa43f6a4","local_time":"20190216113124","is_ascension_mode":true,"campfire_choices":[{"data":"Dualcast","floor":6.0,"key":"SMITH"},{"data":"Sunder","floor":11.0,"key":"SMITH"},{"data":"Go for the Eyes","floor":13.0,"key":"SMITH"},{"floor":15.0,"key":"REST"},{"data":"Creative AI","floor":23.0,"key":"SMITH"},{"data":"Coolheaded","floor":25.0,"key":"SMITH"},{"floor":29.0,"key":"REST"},{"floor":32.0,"key":"REST"},{"floor":40.0,"key":"REST"},{"floor":45.0,"key":"REST"},{"floor":49.0,"key":"REST"}],"neow_cost":"NONE","seed_source_timestamp":7113396591956,"circlet_count":0,"master_deck":["Strike_B","Defend_B","Defend_B","Defend_B","Defend_B","Zap+1","Dualcast+1","Conserve Battery","Gash","Gash","Conserve Battery","Sunder+1","Coolheaded+1","Go for the Eyes+1","Stack","Creative AI+1","Ball Lightning","Cold Snap","Rebound","Reprogram","Conserve Battery","Steam","Redo+1","BootSequence","Genetic Algorithm+1","Go for the Eyes","All For One","FTL","Reinforced Body+1","Heatsinks+1","Hologram+1","Stack+1","Seek","Mayhem","Defragment+1","Beam Cell+1","Hologram+1","Go for the Eyes+1","Gash+1"],"special_seed":0,"relics":["Cracked Core","Dead Branch","Dodecahedron","DataDisk","Dream Catcher","Philosopher\u0027s Stone","Strawberry","Emotion Chip","Sozu","Ice Cream","Ginger","MawBank"],"potions_floor_usage":[50,50],"damage_taken":[{"damage":2.0,"enemies":"Jaw Worm","floor":1.0,"turns":3.0},{"damage":3.0,"enemies":"Small Slimes","floor":2.0,"turns":3.0},{"damage":0.0,"enemies":"Cultist","floor":3.0,"turns":3.0},{"damage":3.0,"enemies":"Exordium Thugs","floor":5.0,"turns":4.0},{"damage":18.0,"enemies":"3 Sentries","floor":8.0,"turns":8.0},{"damage":15.0,"enemies":"Large Slime","floor":10.0,"turns":4.0},{"damage":29.0,"enemies":"Gremlin Nob","floor":14.0,"turns":5.0},{"damage":0.0,"enemies":"The Guardian","floor":16.0,"turns":11.0},{"damage":9.0,"enemies":"Chosen","floor":18.0,"turns":4.0},{"damage":0.0,"enemies":"Spheric Guardian","floor":19.0,"turns":3.0},{"damage":7.0,"enemies":"3 Cultists","floor":22.0,"turns":5.0},{"damage":25.0,"enemies":"Shelled Parasite and Fungi","floor":28.0,"turns":5.0},{"damage":4.0,"enemies":"Snecko","floor":30.0,"turns":4.0},{"damage":42.0,"enemies":"Champ","floor":33.0,"turns":12.0},{"damage":0.0,"enemies":"3 Shapes","floor":35.0,"turns":5.0},{"damage":0.0,"enemies":"Orb Walker","floor":36.0,"turns":3.0},{"damage":32.0,"enemies":"2 Orb Walkers","floor":37.0,"turns":5.0},{"damage":29.0,"enemies":"Jaw Worm Horde","floor":38.0,"turns":4.0},{"damage":0.0,"enemies":"Mind Bloom Boss Battle","floor":41.0,"turns":7.0},{"damage":0.0,"enemies":"Transient","floor":44.0,"turns":5.0},{"damage":3.0,"enemies":"Spire Growth","floor":47.0,"turns":5.0},{"damage":0.0,"enemies":"Jaw Worm Horde","floor":48.0,"turns":3.0},{"damage":31,"enemies":"Donu and Deca","floor":50,"turns":12}],"seed_played":"6737870404881621627","potions_obtained":[{"floor":0.0,"key":"Ancient Potion"},{"floor":0.0,"key":"SkillPotion"},{"floor":0.0,"key":"Fruit Juice"},{"floor":1.0,"key":"Dexterity Potion"},{"floor":8.0,"key":"Strength Potion"},{"floor":16.0,"key":"SpeedPotion"},{"floor":19.0,"key":"FocusPotion"},{"floor":27.0,"key":"Dexterity Potion"},{"floor":33.0,"key":"Fire Potion"}],"is_trial":false,"path_per_floor":["M","M","M","?","M","R","?","E","T","M","R","$","R","E","R","B",null,"M","M","?","$","M","R","?","R","T","?","M","R","M","$","R","B",null,"M","M","?","M","?","R","?","?","T","M","R","?","M","M","R","B",null],"character_chosen":"DEFECT","items_purchased":["DataDisk","Go for the Eyes","Conserve Battery","Steam"],"campfire_rested":6,"item_purchase_floors":[12,12,21,21],"current_hp_per_floor":[71,68,68,68,65,65,65,47,47,32,32,32,32,3,27,27,67,58,58,58,58,51,51,58,58,58,58,33,59,55,55,81,39,75,75,75,43,14,14,38,38,38,38,38,62,62,59,59,83,52],"gold":551,"neow_bonus":"THREE_SMALL_POTIONS","is_prod":false,"is_daily":false,"chose_seed":false,"campfire_upgraded":5,"win_rate":0,"timestamp":1550323884,"path_taken":["M","M","M","?","M","R","?","E","T","M","R","$","R","E","R","BOSS","M","M","?","$","M","R","?","R","T","?","M","R","?","?","R","BOSS","M","M","?","M","?","R","?","?","T","M","R","?","?","M","R","BOSS"],"build_version":"2019-01-23","purchased_purges":0,"victory":true,"max_hp_per_floor":[80,80,80,80,80,80,80,80,80,80,80,80,80,80,80,80,80,80,80,80,80,80,80,87,87,87,87,87,87,87,87,87,87,87,87,87,87,87,83,83,83,83,83,83,83,83,83,83,83,83],"card_choices":[{"not_picked":["Darkness","Consume"],"picked":"Conserve Battery","floor":1.0},{"not_picked":["Genetic Algorithm","Beam Cell"],"picked":"Gash","floor":2.0},{"not_picked":["Beam Cell","Static Discharge"],"picked":"Gash","floor":3.0},{"not_picked":["Reprogram","Darkness"],"picked":"Conserve Battery","floor":5.0},{"not_picked":["Hologram","Doom and Gloom"],"picked":"Sunder","floor":8.0},{"not_picked":["Skim","Turbo"],"picked":"Coolheaded","floor":10.0},{"not_picked":["Hyperbeam","Streamline"],"picked":"Stack","floor":14.0},{"not_picked":["Steam Power","Sweeping Beam"],"picked":"Gash","floor":15.0},{"not_picked":["Reboot","Core Surge"],"picked":"Creative AI","floor":16.0},{"not_picked":["Rebound","Tempest"],"picked":"Ball Lightning","floor":18.0},{"not_picked":["Barrage","Leap"],"picked":"Cold Snap","floor":19.0},{"not_picked":["Barrage","Aggregate"],"picked":"Redo+1","floor":22.0},{"not_picked":["Steam","Beam Cell","Force Field"],"picked":"SKIP","floor":28.0},{"not_picked":["Redo+1","Multi-Cast"],"picked":"BootSequence","floor":29.0},{"not_picked":["Hologram","Stack"],"picked":"Genetic Algorithm+1","floor":30.0},{"not_picked":["Self Repair+1","Rebound"],"picked":"Go for the Eyes","floor":32.0},{"not_picked":["Meteor Strike","Creative AI"],"picked":"All For One","floor":33.0},{"not_picked":["Recycle+1","Barrage+1"],"picked":"FTL","floor":35.0},{"not_picked":["Reprogram+1","Coolheaded"],"picked":"Reinforced Body+1","floor":36.0},{"not_picked":["White Noise+1","Go for the Eyes+1"],"picked":"Heatsinks+1","floor":37.0},{"not_picked":["Beam Cell+1","Force Field+1"],"picked":"Hologram+1","floor":38.0},{"not_picked":["Sunder+1","Redo"],"picked":"Stack+1","floor":40.0},{"not_picked":["Consume","Conserve Battery"],"picked":"Seek","floor":41.0},{"not_picked":["Purity","Mind Blast"],"picked":"Mayhem","floor":42.0},{"not_picked":["Gash","Rebound"],"picked":"Defragment+1","floor":44.0},{"not_picked":["Turbo","Ball Lightning"],"picked":"Beam Cell+1","floor":45.0},{"not_picked":["Genetic Algorithm","Steam+1"],"picked":"Hologram+1","floor":47.0},{"not_picked":["Streamline","Genetic Algorithm"],"picked":"Go for the Eyes+1","floor":48.0},{"not_picked":["BootSequence+1","FTL"],"picked":"Gash+1","floor":49.0}],"player_experience":336758,"relics_obtained":[{"floor":8.0,"key":"Dead Branch"},{"floor":9.0,"key":"Dodecahedron"},{"floor":14.0,"key":"Dream Catcher"},{"floor":26.0,"key":"Emotion Chip"},{"floor":37.0,"key":"Ice Cream"},{"floor":41.0,"key":"Ginger"},{"floor":43.0,"key":"MawBank"}],"event_choices":[{"damage_healed":0.0,"max_hp_gain":0.0,"max_hp_loss":0.0,"gold_gain":0.0,"event_name":"Living Wall","player_choice":"Grow","floor":4.0,"gold_loss":0.0,"damage_taken":0.0,"cards_upgraded":["Zap"]},{"cards_removed":["Strike_B"],"damage_healed":0.0,"max_hp_gain":0.0,"max_hp_loss":0.0,"gold_gain":0.0,"event_name":"The Cleric","player_choice":"Card Removal","floor":7.0,"gold_loss":50.0,"damage_taken":0.0},{"damage_healed":0.0,"max_hp_gain":0.0,"max_hp_loss":0.0,"gold_gain":0.0,"cards_transformed":["Strike_B","Strike_B"],"event_name":"Drug Dealer","player_choice":"Became Test Subject","floor":20.0,"gold_loss":0.0,"damage_taken":0.0,"cards_obtained":["Rebound","Reprogram"]},{"damage_healed":0.0,"max_hp_gain":0.0,"max_hp_loss":0.0,"gold_gain":0.0,"event_name":"Addict","player_choice":"Obtained Relic","floor":24.0,"gold_loss":85.0,"damage_taken":0.0,"relics_obtained":["Strawberry"]},{"damage_healed":0.0,"max_hp_gain":0.0,"max_hp_loss":0.0,"gold_gain":0.0,"event_name":"Lab","player_choice":"Got Potions","floor":27.0,"gold_loss":0.0,"damage_taken":0.0},{"damage_healed":0.0,"max_hp_gain":0.0,"max_hp_loss":0.0,"gold_gain":0.0,"event_name":"Mysterious Sphere","player_choice":"Fight","floor":37.0,"gold_loss":0.0,"damage_taken":0.0},{"damage_healed":0.0,"max_hp_gain":0.0,"max_hp_loss":4.0,"gold_gain":0.0,"event_name":"Winding Halls","player_choice":"Max HP","floor":39.0,"gold_loss":0.0,"damage_taken":0.0},{"damage_healed":0.0,"max_hp_gain":0.0,"max_hp_loss":0.0,"gold_gain":0.0,"event_name":"MindBloom","player_choice":"Fight","floor":41.0,"gold_loss":0.0,"damage_taken":0.0},{"damage_healed":0.0,"max_hp_gain":0.0,"max_hp_loss":0.0,"gold_gain":0.0,"event_name":"SensoryStone","player_choice":"Memory 1","floor":42.0,"gold_loss":0.0,"damage_taken":0.0},{"cards_removed":["Gash"],"damage_healed":0.0,"max_hp_gain":0.0,"max_hp_loss":0.0,"gold_gain":0.0,"event_name":"Falling","player_choice":"Removed Attack","floor":46.0,"gold_loss":0.0,"damage_taken":0.0}],"is_beta":false,"boss_relics":[{"not_picked":["Black Star","Orrery"],"picked":"Philosopher\u0027s Stone"},{"not_picked":["Runic Pyramid","Lizard Tail"],"picked":"Sozu"}],"items_purged_floors":[],"is_endless":false,"potions_floor_spawned":[1,2,8,16,19,22,33,37,47,48],"ascension_level":9}