{"gold_per_floor":[111,127,55,75,89,122,147,175,245,245,257,273,286,296,296,391,391,404,417,432,47,47,47,61,90,141,141,156,172,206,234,234,339,339,359,359,371,371,386,386,416,416,441,466,476,476,488,187,187,187],"floor_reached":51,"playtime":2663,"items_purged":["Strike_R","Strike_R"],"score":1009,"play_id":"0c1cf198-6039-435d-ab85-50e756423ef9","local_time":"20181230131250","is_ascension_mode":true,"campfire_choices":[{"data":"Bash","floor":10.0,"key":"SMITH"},{"data":"Uppercut","floor":15.0,"key":"SMITH"},{"data":"Whirlwind","floor":23.0,"key":"SMITH"},{"data":"Clothesline","floor":27.0,"key":"SMITH"},{"data":"True Grit","floor":32.0,"key":"SMITH"},{"data":"Disarm","floor":40.0,"key":"SMITH"},{"floor":42.0,"key":"REST"},{"floor":49,"key":"REST"}],"neow_cost":"NONE","seed_source_timestamp":2119672531447202,"circlet_count":0,"master_deck":["Strike_R","Strike_R","Strike_R","Defend_R+1","Defend_R","Defend_R","Defend_R","Bash+1","Cleave","Shrug It Off","Disarm+1","Headbutt","Iron Wave","Whirlwind+1","Clash","Battle Trance+1","Clothesline+1","Uppercut+1","Anger","Reaper","Sentinel","Ghostly Armor","Second Wind","Shrug It Off","True Grit+1","Demon Form","Ghostly Armor","Headbutt+1","Havoc+1","Sword Boomerang+1","Injury","Shrug It Off"],"special_seed":0,"relics":["Burning Blood","Lantern","Blood Vial","Odd Mushroom","Peace Pipe","Matryoshka","Busted Crown","Ancient Tea Set","Dream Catcher","War Paint","Bag of Marbles","Meat on the Bone","Red Mask","Cursed Key","Shuriken","Question Card","Red Skull","Regal Pillow","Strawberry","Bronze Scales"],"potions_floor_usage":[47,47],"damage_taken":[{"damage":6.0,"enemies":"Cultist","floor":1.0,"turns":4.0},{"damage":4.0,"enemies":"2 Louse","floor":2.0,"turns":2.0},{"damage":0.0,"enemies":"Jaw Worm","floor":4.0,"turns":3.0},{"damage":5.0,"enemies":"Lots of Slimes","floor":5.0,"turns":2.0},{"damage":27.0,"enemies":"Gremlin Nob","floor":6.0,"turns":4.0},{"damage":7.0,"enemies":"The Mushroom Lair","floor":7.0,"turns":3.0},{"damage":8.0,"enemies":"3 Sentries","floor":8.0,"turns":8.0},{"damage":0.0,"enemies":"Blue Slaver","floor":11.0,"turns":2.0},{"damage":8.0,"enemies":"Exordium Thugs","floor":12.0,"turns":4.0},{"damage":0.0,"enemies":"3 Louse","floor":13.0,"turns":1.0},{"damage":9.0,"enemies":"Red Slaver","floor":14.0,"turns":3.0},{"damage":26.0,"enemies":"The Guardian","floor":16.0,"turns":10.0},{"damage":8.0,"enemies":"Chosen","floor":18.0,"turns":3.0},{"damage":15.0,"enemies":"Shell Parasite","floor":19.0,"turns":3.0},{"damage":2.0,"enemies":"Centurion and Healer","floor":20.0,"turns":5.0},{"damage":16.0,"enemies":"Snake Plant","floor":24.0,"turns":3.0},{"damage":0.0,"enemies":"Slavers","floor":25.0,"turns":1.0},{"damage":8.0,"enemies":"Shelled Parasite and Fungi","floor":28.0,"turns":5.0},{"damage":10.0,"enemies":"3 Cultists","floor":29.0,"turns":5.0},{"damage":28.0,"enemies":"Gremlin Leader","floor":30.0,"turns":9.0},{"damage":48.0,"enemies":"Masked Bandits","floor":31.0,"turns":5.0},{"damage":58.0,"enemies":"Automaton","floor":33.0,"turns":10.0},{"damage":10.0,"enemies":"3 Darklings","floor":35.0,"turns":3.0},{"damage":11.0,"enemies":"Orb Walker","floor":37.0,"turns":4.0},{"damage":19.0,"enemies":"3 Darklings","floor":39.0,"turns":5.0},{"damage":51.0,"enemies":"Giant Head","floor":41.0,"turns":9.0},{"damage":77.0,"enemies":"Reptomancer","floor":44.0,"turns":6.0},{"damage":12.0,"enemies":"Writhing Mass","floor":45.0,"turns":6.0},{"damage":27,"enemies":"Maw","floor":47,"turns":6},{"damage":66,"enemies":"Awakened One","floor":50,"turns":12}],"seed_played":"-3568563513923646394","potions_obtained":[{"floor":2.0,"key":"EssenceOfSteel"},{"floor":5.0,"key":"SteroidPotion"},{"floor":6.0,"key":"SkillPotion"},{"floor":13.0,"key":"Poison Potion"},{"floor":24.0,"key":"BloodPotion"},{"floor":28.0,"key":"Poison Potion"},{"floor":31.0,"key":"Block Potion"},{"floor":37.0,"key":"Regen Potion"},{"floor":39.0,"key":"EssenceOfSteel"},{"floor":44.0,"key":"GamblersBrew"},{"floor":45.0,"key":"Swift Potion"}],"is_trial":false,"path_per_floor":["M","M","$","M","M","E","?","E","T","R","M","M","M","M","R","B",null,"M","M","M","$","?","R","M","E","T","R","M","M","E","?","R","B",null,"M","?","M","?","M","R","E","R","T","E","M","?","M","$","R","B",null],"character_chosen":"IRONCLAD","items_purchased":["Disarm","Ghostly Armor","Second Wind","Ancient Tea Set","Bronze Scales","Shrug It Off"],"campfire_rested":2,"item_purchase_floors":[3,21,21,21,48,48],"current_hp_per_floor":[72,74,74,80,80,59,60,60,60,60,68,68,76,75,75,57,74,74,67,77,77,69,69,61,69,69,69,69,76,67,50,50,26,67,76,71,79,79,67,67,45,69,69,30,43,43,41,41,82,54],"gold":187,"neow_bonus":"RANDOM_COMMON_RELIC","is_prod":false,"is_daily":false,"chose_seed":false,"campfire_upgraded":6,"win_rate":0,"timestamp":1546182770,"path_taken":["M","?","?","M","M","E","?","E","T","R","M","M","M","M","R","BOSS","M","M","M","$","?","R","M","E","T","R","?","M","E","?","R","BOSS","M","?","M","?","M","R","E","R","T","E","?","?","M","$","R","BOSS"],"build_version":"2018-12-20","purchased_purges":2,"victory":true,"max_hp_per_floor":[80,80,80,80,80,80,80,80,80,80,80,80,80,80,80,80,80,80,80,80,80,80,80,80,80,80,80,80,80,80,80,80,80,80,80,80,80,80,80,80,80,80,80,87,87,87,87,87,87,87],"card_choices":[{"not_picked":["Wild Strike","Warcry"],"picked":"Cleave","floor":1.0},{"not_picked":["Clothesline","Sentinel"],"picked":"Shrug It Off","floor":2.0},{"not_picked":["Flex","Body Slam"],"picked":"Headbutt","floor":4.0},{"not_picked":["Searing Blow","Reckless Charge"],"picked":"Iron Wave","floor":5.0},{"not_picked":["Warcry","Pommel Strike"],"picked":"Whirlwind","floor":6.0},{"not_picked":["Rupture","Flex"],"picked":"Clash","floor":7.0},{"not_picked":["Twin Strike","Sword Boomerang","Perfected Strike"],"picked":"SKIP","floor":8.0},{"not_picked":["Havoc","Sword Boomerang"],"picked":"Battle Trance","floor":11.0},{"not_picked":["Fiend Fire","Flex"],"picked":"Clothesline","floor":12.0},{"not_picked":["Headbutt","Perfected Strike"],"picked":"Uppercut","floor":13.0},{"not_picked":["Perfected Strike","True Grit"],"picked":"Anger","floor":14.0},{"not_picked":["Exhume","Juggernaut"],"picked":"Reaper","floor":16.0},{"not_picked":[],"picked":"Sentinel","floor":18.0},{"not_picked":["Perfected Strike"],"picked":"SKIP","floor":19.0},{"not_picked":[],"picked":"Iron Wave+1","floor":20.0},{"not_picked":["Rupture+1"],"picked":"SKIP","floor":24.0},{"not_picked":["Anger"],"picked":"SKIP","floor":25.0},{"not_picked":[],"picked":"Shrug It Off","floor":28.0},{"not_picked":[],"picked":"True Grit","floor":29.0},{"not_picked":[],"picked":"Demon Form","floor":30.0},{"not_picked":[],"picked":"Ghostly Armor","floor":31.0},{"not_picked":["Hemokinesis+1"],"picked":"SKIP","floor":35.0},{"not_picked":[],"picked":"Headbutt+1","floor":37.0},{"not_picked":[],"picked":"Havoc+1","floor":39.0},{"not_picked":["Cleave"],"picked":"SKIP","floor":41.0},{"not_picked":["Whirlwind+1"],"picked":"Sword Boomerang+1","floor":42.0},{"not_picked":["Blood for Blood","Infernal Blade"],"picked":"SKIP","floor":44.0},{"not_picked":["Anger+1","Clash+1"],"picked":"SKIP","floor":45.0},{"not_picked":["Rupture","Thunderclap"],"picked":"SKIP","floor":47}],"player_experience":279407,"relics_obtained":[{"floor":6.0,"key":"Blood Vial"},{"floor":7.0,"key":"Odd Mushroom"},{"floor":8.0,"key":"Peace Pipe"},{"floor":9.0,"key":"Matryoshka"},{"floor":25.0,"key":"Dream Catcher"},{"floor":26.0,"key":"War Paint"},{"floor":26.0,"key":"Bag of Marbles"},{"floor":30.0,"key":"Meat on the Bone"},{"floor":31.0,"key":"Red Mask"},{"floor":41.0,"key":"Question Card"},{"floor":43.0,"key":"Red Skull"},{"floor":43.0,"key":"Regal Pillow"},{"floor":44.0,"key":"Strawberry"}],"event_choices":[{"damage_healed":0.0,"max_hp_gain":0.0,"max_hp_loss":0.0,"gold_gain":0.0,"event_name":"Mushrooms","player_choice":"Fought Mushrooms","floor":7.0,"gold_loss":0.0,"damage_taken":0.0},{"damage_healed":0.0,"max_hp_gain":0.0,"max_hp_loss":0.0,"gold_gain":0.0,"event_name":"Knowing Skull","player_choice":"","floor":22.0,"potions_obtained":[],"gold_loss":0.0,"damage_taken":8.0,"cards_obtained":[]},{"damage_healed":0.0,"max_hp_gain":0.0,"max_hp_loss":0.0,"gold_gain":0.0,"event_name":"Masked Bandits","player_choice":"Fought Bandits","floor":31.0,"gold_loss":0.0,"damage_taken":0.0},{"damage_healed":0.0,"max_hp_gain":0.0,"max_hp_loss":0.0,"gold_gain":0.0,"event_name":"SensoryStone","player_choice":"Memory 2","floor":36.0,"gold_loss":0.0,"damage_taken":5.0},{"damage_healed":0.0,"max_hp_gain":0.0,"max_hp_loss":0.0,"gold_gain":0.0,"event_name":"WeMeetAgain","player_choice":"Gave Potion","floor":38.0,"gold_loss":0.0,"damage_taken":0.0,"relics_obtained":["Shuriken"]},{"cards_removed":["Iron Wave"],"damage_healed":0.0,"max_hp_gain":0.0,"max_hp_loss":0.0,"gold_gain":0.0,"event_name":"Falling","player_choice":"Removed Attack","floor":46.0,"gold_loss":0.0,"damage_taken":0.0}],"is_beta":false,"boss_relics":[{"not_picked":["Black Star","Runic Cube"],"picked":"Busted Crown"},{"not_picked":["Empty Cage","Orrery"],"picked":"Cursed Key"}],"items_purged_floors":[21,48],"is_endless":false,"potions_floor_spawned":[2,5,6,13,14,18,24,28,31,37,39,44,45],"ascension_level":6}