{"gold_per_floor":[116,135,135,150,17,47,12,12,12,12,12,42,42,53,53,132,132,144,144,157,175,4,4,22,22,68,68,118,134,161,61,61,134,134,150,150,64,64,64,64,96,12,12,12,27,27,44,0,0,0],"floor_reached":50,"playtime":1907,"items_purged":["Strike_B","Defend_B"],"score":988,"play_id":"6e0e59a4-1c8a-4cbe-adc2-cfd4e3117aca","local_time":"20190217122630","is_ascension_mode":true,"campfire_choices":[{"data":"Zap","floor":8,"key":"SMITH"},{"data":"Go for the Eyes","floor":11,"key":"SMITH"},{"data":"Strike_B","floor":13,"key":"PURGE"},{"floor":15,"key":"REST"},{"floor":23,"key":"REST"},{"floor":27,"key":"REST"},{"floor":32,"key":"REST"},{"data":"Defragment","floor":40,"key":"SMITH"},{"data":"Defragment","floor":46,"key":"SMITH"},{"data":"Lockon","floor":49,"key":"SMITH"}],"neow_cost":"NONE","seed_source_timestamp":319542716031900,"circlet_count":0,"master_deck":["AscendersBane","Zap+1","Dualcast","Ball Lightning","Ball Lightning","Go for the Eyes+1","Gash","Auto Shields","Thunder Strike","Cold Snap","Glacier","Reinforced Body+1","Seek","Lockon+1","Conserve Battery","Defragment+1","FTL","Ball Lightning+1","Defragment+1","FTL","Leap+1"],"relics":["Cracked Core","Shuriken","Peace Pipe","Singing Bowl","Dodecahedron","Sozu","Pen Nib","Enchiridion","Bag of Marbles","Letter Opener","Pandora\u0027s Box","Bronze Scales","DataDisk","Red Mask"],"potions_floor_usage":[18,20],"damage_taken":[{"damage":4,"enemies":"Jaw Worm","floor":1,"turns":4},{"damage":11,"enemies":"Small Slimes","floor":2,"turns":3},{"damage":1,"enemies":"Cultist","floor":4,"turns":3},{"damage":20,"enemies":"3 Sentries","floor":6,"turns":5},{"damage":20,"enemies":"Lagavulin","floor":12,"turns":4},{"damage":14,"enemies":"3 Louse","floor":14,"turns":2},{"damage":18,"enemies":"The Guardian","floor":16,"turns":10},{"damage":1,"enemies":"Chosen","floor":18,"turns":3},{"damage":14,"enemies":"2 Thieves","floor":20,"turns":3},{"damage":12,"enemies":"Sentry and Sphere","floor":21,"turns":7},{"damage":10,"enemies":"Snake Plant","floor":24,"turns":3},{"damage":8,"enemies":"Chosen and Byrds","floor":29,"turns":6},{"damage":38,"enemies":"Gremlin Leader","floor":30,"turns":6},{"damage":20,"enemies":"Champ","floor":33,"turns":8},{"damage":0,"enemies":"3 Shapes","floor":35,"turns":6},{"damage":8,"enemies":"Giant Head","floor":41,"turns":6},{"damage":13,"enemies":"3 Darklings","floor":45,"turns":4},{"damage":2,"enemies":"Transient","floor":47,"turns":6},{"damage":63,"enemies":"Donu and Deca","floor":50,"turns":7}],"seed_played":"-4309637910647266876","potions_obtained":[{"floor":1,"key":"Ancient Potion"},{"floor":14,"key":"Explosive Potion"},{"floor":16,"key":"SteroidPotion"}],"is_trial":false,"path_per_floor":["M","M","?","M","$","E","?","R","T","T","R","E","R","M","R","B",null,"M","?","M","M","$","R","M","?","T","R","?","M","E","$","R","B",null,"M","?","$","?","$","R","E","$","T","$","M","R","M","?","R","B"],"character_chosen":"DEFECT","items_purchased":["Ball Lightning","Pen Nib","FTL","Defragment"],"campfire_rested":4,"item_purchase_floors":[5,22,37,42],"current_hp_per_floor":[67,56,49,48,48,28,47,47,47,47,47,27,27,13,36,18,63,62,62,48,38,38,62,52,31,31,55,55,49,13,13,38,18,68,70,86,86,86,86,86,78,78,78,78,65,65,63,63,63,0],"gold":0,"neow_bonus":"TEN_PERCENT_HP_BONUS","is_prod":false,"is_daily":false,"chose_seed":false,"campfire_upgraded":5,"win_rate":0,"timestamp":1550431590,"path_taken":["M","M","?","M","$","E","?","R","T","?","R","E","R","M","R","BOSS","M","?","M","?","$","R","M","?","T","R","?","M","E","?","R","BOSS","M","?","?","?","$","R","E","$","T","?","?","R","M","?","R","BOSS"],"build_version":"2019-02-06","purchased_purges":2,"victory":false,"max_hp_per_floor":[78,78,78,78,78,78,78,78,78,78,78,78,78,78,78,78,78,78,78,78,80,80,80,80,80,80,80,80,82,84,84,84,84,84,86,86,86,86,86,86,86,86,86,86,86,86,86,86,86,86],"card_choices":[{"not_picked":["Scrape","Barrage"],"picked":"Doom and Gloom","floor":1},{"not_picked":["Hologram","Recycle"],"picked":"Ball Lightning","floor":2},{"not_picked":["Beam Cell","Redo"],"picked":"Ball Lightning","floor":4},{"not_picked":["Hologram","Rebound"],"picked":"Go for the Eyes","floor":6},{"not_picked":["Rebound","Streamline"],"picked":"Gash","floor":12},{"not_picked":["Darkness","Fusion"],"picked":"Auto Shields","floor":14},{"not_picked":["Seek","Buffer"],"picked":"Thunder Strike","floor":16},{"not_picked":["Storm","Coolheaded"],"picked":"Cold Snap","floor":18},{"not_picked":["Reinforced Body","Conserve Battery"],"picked":"Glacier","floor":20},{"not_picked":["Chaos","Streamline","Beam Cell"],"picked":"Singing Bowl","floor":21},{"not_picked":["Stack","Go for the Eyes"],"picked":"Reinforced Body+1","floor":24},{"not_picked":["Heatsinks","Blizzard","Go for the Eyes"],"picked":"Singing Bowl","floor":29},{"not_picked":["Sweeping Beam","Static Discharge","Streamline"],"picked":"Singing Bowl","floor":30},{"not_picked":["Hyperbeam","Thunder Strike"],"picked":"Seek","floor":33},{"not_picked":["Heatsinks","Rebound","Coolheaded"],"picked":"Singing Bowl","floor":35},{"not_picked":["Gash","Steam"],"picked":"Ball Lightning+1","floor":41},{"not_picked":["Hologram","Capacitor+1"],"picked":"FTL","floor":45},{"not_picked":["Compile Driver","Streamline+1"],"picked":"Leap+1","floor":47}],"player_experience":1324114,"relics_obtained":[{"floor":6,"key":"Shuriken"},{"floor":9,"key":"Peace Pipe"},{"floor":10,"key":"Singing Bowl"},{"floor":12,"key":"Dodecahedron"},{"floor":25,"key":"Enchiridion"},{"floor":26,"key":"Bag of Marbles"},{"floor":30,"key":"Letter Opener"},{"floor":41,"key":"Bronze Scales"},{"floor":43,"key":"DataDisk"}],"event_choices":[{"cards_removed":["Strike_B"],"damage_healed":0,"gold_gain":0,"player_choice":"Card Removal","damage_taken":7,"max_hp_gain":0,"max_hp_loss":0,"event_name":"Golden Wing","floor":3,"gold_loss":0},{"damage_healed":19,"gold_gain":0,"player_choice":"Healed","damage_taken":0,"max_hp_gain":0,"max_hp_loss":0,"event_name":"The Cleric","floor":7,"gold_loss":35},{"cards_removed":["Strike_B"],"damage_healed":0,"gold_gain":0,"player_choice":"Purged","damage_taken":0,"max_hp_gain":0,"max_hp_loss":0,"event_name":"Purifier","floor":19,"gold_loss":0},{"damage_healed":0,"gold_gain":0,"player_choice":"Obtained Book","damage_taken":21,"max_hp_gain":0,"max_hp_loss":0,"event_name":"Cursed Tome","floor":25,"gold_loss":0},{"damage_healed":0,"gold_gain":50,"player_choice":"Stole From Cult","damage_taken":0,"max_hp_gain":0,"max_hp_loss":0,"event_name":"Nest","floor":28,"gold_loss":0},{"cards_removed":["Doom and Gloom"],"damage_healed":16,"gold_gain":0,"player_choice":"Offered Uncommon","damage_taken":0,"max_hp_gain":0,"max_hp_loss":0,"event_name":"Bonfire Elementals","floor":36,"gold_loss":0},{"cards_removed":["Ball Lightning"],"damage_healed":0,"gold_gain":0,"player_choice":"Removed Attack","damage_taken":0,"max_hp_gain":0,"max_hp_loss":0,"event_name":"Falling","floor":38,"gold_loss":0},{"damage_healed":0,"gold_gain":0,"player_choice":"Paid","damage_taken":0,"relics_obtained":["Red Mask"],"max_hp_gain":0,"max_hp_loss":0,"event_name":"Tomb of Lord Red Mask","floor":48,"gold_loss":44}],"is_beta":true,"boss_relics":[{"not_picked":["FrozenCore","Velvet Choker"],"picked":"Sozu"},{"not_picked":["Eternal Feather","Black Star"],"picked":"Pandora\u0027s Box"}],"items_purged_floors":[5,31],"is_endless":false,"potions_floor_spawned":[1,14,16,20,21,24,35,47],"killed_by":"Donu and Deca","ascension_level":20}