{"gold_per_floor":[118,130,140,140,140,140,169,169,192,211,245,265,282,43,43,138,138,155,170,185,18,33,33,64,80,148,148,166,346,358,378,378,476,476,491,491,491,502,70,70,85,85,85,85,85,85,85,23,23,23],"floor_reached":51,"playtime":1934,"items_purged":["Strike_B+1"],"score":1075,"play_id":"854b2ae1-4d41-45ab-bebb-76241de0d59e","local_time":"20180628115131","is_ascension_mode":true,"campfire_choices":[{"data":"Zap","floor":6,"key":"SMITH"},{"data":"Static Discharge","floor":8,"key":"SMITH"},{"data":"Defragment","floor":15,"key":"SMITH"},{"data":"Storm","floor":23,"key":"SMITH"},{"data":"Seek","floor":32,"key":"SMITH"},{"data":"Storm","floor":40,"key":"SMITH"},{"data":"Defragment","floor":42,"key":"SMITH"},{"data":"Defragment","floor":44,"key":"SMITH"},{"data":"Biased Cognition","floor":47,"key":"SMITH"},{"data":"Storm","floor":49,"key":"SMITH"}],"neow_cost":"","seed_source_timestamp":514049089852877,"circlet_count":0,"master_deck":["Defend_B","Defend_B+1","Defend_B","Zap+1","Dualcast","Leap","Darkness+1","Seek+1","Static Discharge+1","Sunder","Sweeping Beam","Static Discharge","Redo","Defragment+1","Static Discharge","Storm+1","Static Discharge","Machine Learning","Leap","Biased Cognition+1","Capacitor","Self Repair","Hello World","Force Field+1","Biased Cognition","BootSequence","Conserve Battery","Leap","Amplify","Lockon+1","Doom and Gloom+1","Go for the Eyes+1","Conserve Battery+1","Defragment+1","Storm+1","Loop","Defragment+1","Loop","Static Discharge","Madness","Madness","Storm+1"],"relics":["Cracked Core","Omamori","DataDisk","The Courier","Runic Dome","Toolbox","Pantograph","Astrolabe","Unceasing Top","Juzu Bracelet","Pen Nib"],"potions_floor_usage":[11,16,20,22,30,50,50],"damage_taken":[{"damage":0,"enemies":"2 Louse","floor":1,"turns":2},{"damage":0,"enemies":"Small Slimes","floor":2,"turns":2},{"damage":1,"enemies":"Jaw Worm","floor":3,"turns":4},{"damage":13,"enemies":"Gremlin Nob","floor":7,"turns":4},{"damage":2,"enemies":"Large Slime","floor":10,"turns":3},{"damage":3,"enemies":"3 Sentries","floor":11,"turns":3},{"damage":0,"enemies":"Gremlin Gang","floor":12,"turns":4},{"damage":2,"enemies":"3 Louse","floor":13,"turns":2},{"damage":0,"enemies":"Slime Boss","floor":16,"turns":6},{"damage":3,"enemies":"3 Byrds","floor":18,"turns":1},{"damage":10,"enemies":"Chosen","floor":19,"turns":3},{"damage":1,"enemies":"Sentry and Sphere","floor":20,"turns":2},{"damage":18,"enemies":"3 Cultists","floor":22,"turns":3},{"damage":13,"enemies":"Book of Stabbing","floor":24,"turns":3},{"damage":1,"enemies":"Cultist and Chosen","floor":25,"turns":3},{"damage":5,"enemies":"Snake Plant","floor":28,"turns":3},{"damage":2,"enemies":"Snecko","floor":30,"turns":3},{"damage":8,"enemies":"Centurion and Healer","floor":31,"turns":4},{"damage":20,"enemies":"Automaton","floor":33,"turns":5},{"damage":0,"enemies":"3 Shapes","floor":35,"turns":2},{"damage":0,"floor":36,"turns":3},{"damage":0,"enemies":"Orb Walker","floor":38,"turns":3},{"damage":40,"enemies":"Maw","floor":41,"turns":4},{"damage":53,"enemies":"Time Eater","floor":50,"turns":5}],"seed_played":"3675449151465994715","potions_obtained":[{"floor":7,"key":"FearPotion"},{"floor":10,"key":"AttackPotion"},{"floor":11,"key":"PowerPotion"},{"floor":16,"key":"Energy Potion"},{"floor":19,"key":"Explosive Potion"},{"floor":20,"key":"Poison Potion"},{"floor":28,"key":"AttackPotion"},{"floor":33,"key":"Weak Potion"},{"floor":41,"key":"Regen Potion"}],"is_trial":false,"path_per_floor":["M","M","M","?","?","R","E","R","T","M","E","M","M","$","R","B",null,"M","M","M","$","M","R","E","M","T","?","M","?","M","M","R","B",null,"M","?","?","M","$","R","M","R","T","R","?","T","R","$","R","B"],"character_chosen":"DEFECT","items_purchased":["Defragment","Static Discharge","Storm","Static Discharge","Biased Cognition","Capacitor","Self Repair","Defragment","Storm","Loop","Defragment","Loop","Static Discharge","Storm"],"campfire_rested":0,"item_purchase_floors":[14,14,14,14,21,21,21,39,39,39,39,39,39,48],"current_hp_per_floor":[75,75,74,74,59,59,46,46,46,44,41,41,39,39,39,39,75,72,62,61,61,50,50,37,36,36,36,38,17,22,21,21,33,75,75,75,75,75,75,75,35,35,35,35,26,26,26,26,26,12],"gold":23,"neow_bonus":"","is_prod":false,"is_daily":false,"chose_seed":false,"campfire_upgraded":10,"win_rate":0,"timestamp":1530208291,"path_taken":["M","M","M","?","?","R","E","R","T","M","E","M","M","$","R","BOSS","M","?","M","$","M","R","E","M","T","?","M","?","M","M","R","BOSS","M","?","?","?","?","R","M","R","T","R","?","?","R","$","R","BOSS"],"build_version":"2018-06-27","purchased_purges":1,"victory":true,"max_hp_per_floor":[75,75,75,75,75,75,75,75,75,75,75,75,75,75,75,75,75,75,75,75,75,75,75,75,75,75,75,75,75,75,75,75,75,75,75,75,75,75,75,75,75,75,75,75,75,75,75,75,75,75],"card_choices":[{"not_picked":["Streamline","Rebound"],"picked":"Leap","floor":1},{"not_picked":["Fusion","Streamline"],"picked":"Darkness","floor":2},{"not_picked":["Heatsinks","Hologram"],"picked":"Seek","floor":3},{"not_picked":["Fusion","Double Energy"],"picked":"Static Discharge","floor":7},{"not_picked":["Go for the Eyes","Sweeping Beam"],"picked":"Sunder","floor":10},{"not_picked":["Blizzard","Stack"],"picked":"Sweeping Beam","floor":11},{"not_picked":["Ball Lightning","Redo"],"picked":"Static Discharge","floor":12},{"not_picked":["Rip and Tear","Heatsinks"],"picked":"Redo","floor":13},{"not_picked":["Fission","Thunder Strike"],"picked":"Machine Learning","floor":16},{"not_picked":["Streamline","Compile Driver","Turbo+1"],"picked":"SKIP","floor":18},{"not_picked":["Reprogram+1","Cold Snap","Compile Driver"],"picked":"SKIP","floor":19},{"not_picked":["Compile Driver+1","Streamline+1"],"picked":"Leap","floor":20},{"not_picked":["Beam Cell","Redo"],"picked":"Hello World","floor":22},{"not_picked":["Rip and Tear","Leap"],"picked":"Force Field+1","floor":24},{"not_picked":["Ball Lightning+1","Gash"],"picked":"Biased Cognition","floor":25},{"not_picked":["Ball Lightning","Rebound"],"picked":"BootSequence","floor":28},{"not_picked":["Blizzard+1","Streamline"],"picked":"Conserve Battery","floor":30},{"not_picked":["Gash+1","Genetic Algorithm+1"],"picked":"Leap","floor":31},{"not_picked":["Rainbow","Meteor Strike"],"picked":"Amplify","floor":33},{"not_picked":["Doom and Gloom+1","Rebound+1"],"picked":"Conserve Battery+1","floor":35},{"not_picked":["Cold Snap+1","Barrage","Streamline"],"picked":"SKIP","floor":38},{"not_picked":["Ball Lightning","Gash+1","Hyperbeam"],"picked":"SKIP","floor":41}],"player_experience":728362,"relics_obtained":[{"floor":7,"key":"Omamori"},{"floor":9,"key":"DataDisk"},{"floor":11,"key":"The Courier"},{"floor":24,"key":"Toolbox"},{"floor":26,"key":"Pantograph"},{"floor":36,"key":"Unceasing Top"},{"floor":43,"key":"Juzu Bracelet"},{"floor":46,"key":"Pen Nib"}],"event_choices":[{"event_name":"Living Wall","player_choice":"Grow","floor":4,"damage_taken":0},{"event_name":"Shining Light","player_choice":"Entered Light","floor":5,"damage_taken":0},{"event_name":"Bonfire Elementals","player_choice":"BASIC","floor":27,"damage_taken":0},{"event_name":"Knowing Skull","player_choice":"GOLD GOLD ","floor":29,"damage_taken":0},{"event_name":"MindBloom","player_choice":"Fight","floor":36,"damage_taken":0},{"event_name":"Tomb of Lord Red Mask","player_choice":"Ignored","floor":37,"damage_taken":0},{"event_name":"Winding Halls","player_choice":"Embrace Madness","floor":45,"damage_taken":0}],"boss_relics":[{"not_picked":["Philosopher\u0027s Stone","Coffee Dripper"],"picked":"Runic Dome"},{"not_picked":["Snecko Eye","White Beast Statue"],"picked":"Astrolabe"}],"items_purged_floors":[39],"is_endless":false,"potions_floor_spawned":[7,10,11,16,19,20,28,33,36,38,41],"ascension_level":1}