{"gold_per_floor":[119,119,130,143,143,143,162,178,178,201,201,229,194,219,219,291,291,308,3,3,13,27,27,61,81,157,157,167,167,202,219,219,219],"floor_reached":33,"playtime":1579,"items_purged":[],"score":545,"play_id":"1c779421-f048-457f-a73c-787a5c1b1ef5","local_time":"20180918141248","is_ascension_mode":true,"campfire_choices":[{"data":"Defragment","floor":6,"key":"SMITH"},{"floor":11,"key":"REST"},{"data":"Zap","floor":15,"key":"SMITH"},{"data":"Seek","floor":23,"key":"SMITH"},{"data":"Cold Snap","floor":29,"key":"SMITH"},{"data":"Go for the Eyes","floor":32,"key":"SMITH"}],"neow_cost":"NONE","seed_source_timestamp":499333880862997,"circlet_count":0,"master_deck":["Strike_B+1","Strike_B+1","Strike_B+1","Strike_B+1","Defend_B+1","Defend_B+1","Defend_B+1","Defend_B+1","Zap+1","Dualcast","AscendersBane","Ball Lightning","BootSequence","Defragment+1","Conserve Battery","Ball Lightning","Cold Snap+1","Auto Shields","Seek+1","Melter","BootSequence","Writhe","Hologram","Go for the Eyes+1"],"relics":["Cracked Core","Darkstone Periapt","Torii","Shuriken","DataDisk","Letter Opener","Singing Bowl","Sozu","Membership Card","PreservedInsect","Centennial Puzzle","Bottled Flame","Regal Pillow","Strawberry"],"potions_floor_usage":[7,16,16],"damage_taken":[{"damage":2,"enemies":"Jaw Worm","floor":1,"turns":4},{"damage":8,"enemies":"2 Louse","floor":3,"turns":2},{"damage":0,"enemies":"Cultist","floor":4,"turns":3},{"damage":13,"enemies":"Exordium Wildlife","floor":7,"turns":5},{"damage":13,"enemies":"Large Slime","floor":8,"turns":5},{"damage":22,"enemies":"3 Sentries","floor":12,"turns":6},{"damage":1,"enemies":"Lagavulin","floor":14,"turns":7},{"damage":1,"enemies":"The Guardian","floor":16,"turns":10},{"damage":3,"enemies":"2 Thieves","floor":18,"turns":4},{"damage":0,"enemies":"Chosen","floor":21,"turns":3},{"damage":1,"enemies":"Centurion and Healer","floor":22,"turns":5},{"damage":7,"enemies":"Slavers","floor":24,"turns":3},{"damage":14,"enemies":"3 Cultists","floor":25,"turns":6},{"damage":1,"enemies":"Snecko","floor":28,"turns":4},{"damage":1,"enemies":"Gremlin Leader","floor":30,"turns":5},{"damage":11,"enemies":"Cultist and Chosen","floor":31,"turns":6},{"damage":70,"enemies":"Champ","floor":33,"turns":11}],"seed_played":"-3454572199848068299","potions_obtained":[{"floor":1,"key":"Dexterity Potion"},{"floor":12,"key":"Explosive Potion"},{"floor":14,"key":"SkillPotion"}],"is_trial":false,"path_per_floor":["M","?","M","M","T","R","M","M","T","T","R","E","?","E","R","B",null,"M","$","?","M","M","R","E","M","T","?","M","R","E","M","R"],"character_chosen":"DEFECT","items_purchased":["Membership Card","PreservedInsect","Melter"],"campfire_rested":1,"item_purchase_floors":[19,19,19],"current_hp_per_floor":[69,58,50,50,50,50,37,24,24,24,47,25,44,43,43,42,69,68,68,68,70,69,69,64,52,52,58,57,57,65,54,54,0],"gold":219,"neow_bonus":"TEN_PERCENT_HP_BONUS","is_prod":false,"is_daily":false,"chose_seed":false,"campfire_upgraded":5,"win_rate":0,"timestamp":1537301568,"path_taken":["M","?","M","M","?","R","M","?","T","?","R","E","?","E","R","BOSS","M","$","?","M","M","R","E","M","T","?","M","R","E","M","R","BOSS"],"build_version":"2018-09-18","purchased_purges":0,"victory":false,"max_hp_per_floor":[78,78,78,78,78,78,78,78,78,78,78,78,78,78,78,78,78,80,80,80,82,82,82,84,86,86,92,92,92,101,101,101,101],"card_choices":[{"not_picked":["Force Field","Conserve Battery"],"picked":"Ball Lightning","floor":1},{"not_picked":["Sweeping Beam","Cold Snap"],"picked":"BootSequence","floor":3},{"not_picked":["Turbo","Redo"],"picked":"Defragment","floor":4},{"not_picked":["Doom and Gloom","Undo"],"picked":"Conserve Battery","floor":7},{"not_picked":["Capacitor","Aggregate"],"picked":"Ball Lightning","floor":8},{"not_picked":["Sunder","Hyperbeam"],"picked":"Cold Snap","floor":12},{"not_picked":["Cold Snap","Rebound"],"picked":"Auto Shields","floor":14},{"not_picked":["Core Surge","Thunder Strike"],"picked":"Seek","floor":16},{"not_picked":["Rip and Tear","Gash","Skim"],"picked":"Singing Bowl","floor":18},{"not_picked":["Doom and Gloom","Stack","Beam Cell"],"picked":"Singing Bowl","floor":21},{"not_picked":["Turbo","Lockon"],"picked":"BootSequence","floor":22},{"not_picked":["Barrage","Amplify","Consume"],"picked":"Singing Bowl","floor":24},{"not_picked":["Sunder","Chaos","Streamline"],"picked":"Singing Bowl","floor":25},{"not_picked":["Darkness","Gash"],"picked":"Hologram","floor":28},{"not_picked":["Lockon+1","Heatsinks","Sweeping Beam"],"picked":"Singing Bowl","floor":30},{"not_picked":["Beam Cell","Gash+1"],"picked":"Go for the Eyes","floor":31}],"player_experience":1016888,"relics_obtained":[{"floor":5,"key":"Torii"},{"floor":9,"key":"Shuriken"},{"floor":10,"key":"DataDisk"},{"floor":12,"key":"Letter Opener"},{"floor":14,"key":"Singing Bowl"},{"floor":24,"key":"Centennial Puzzle"},{"floor":26,"key":"Bottled Flame"},{"floor":30,"key":"Strawberry"}],"event_choices":[{"event_name":"Scrap Ooze","player_choice":"success","floor":2,"damage_taken":11},{"event_name":"The Cleric","player_choice":"Healed","floor":13,"damage_taken":0},{"event_name":"Back to Basics","player_choice":"Simplicity","floor":20,"damage_taken":0},{"event_name":"The Mausoleum","player_choice":"Yes","floor":27,"damage_taken":0}],"is_beta":true,"boss_relics":[{"not_picked":["Busted Crown","Calling Bell"],"picked":"Sozu"}],"items_purged_floors":[],"is_endless":false,"potions_floor_spawned":[1,12,14,18,22,24,31],"killed_by":"Champ","ascension_level":15}