{"gold_per_floor":[118,118,134,24,44,44,44,61,61,61,81,97,116,135,135,235,235,247,247,267,283,296,296,196,196,222,236,33,33,62,78,78,174,174,184,184,34,34],"floor_reached":38,"playtime":1610,"items_purged":["Strike_B","Strike_B","Strike_B","Strike_B"],"score":465,"play_id":"6ec65ff4-f771-4c9c-a209-b25b766036b7","local_time":"20190202110817","is_ascension_mode":false,"campfire_choices":[{"data":"Zap","floor":6.0,"key":"SMITH"},{"data":"Consume","floor":10.0,"key":"SMITH"},{"data":"Capacitor","floor":15.0,"key":"SMITH"},{"data":"Echo Form","floor":23.0,"key":"SMITH"},{"data":"Defragment","floor":29.0,"key":"SMITH"},{"floor":32,"key":"REST"}],"neow_cost":"PERCENT_DAMAGE","seed_source_timestamp":228691262475854,"circlet_count":0,"master_deck":["Defend_B","Defend_B","Defend_B","Defend_B","Zap+1","Dualcast","Core Surge","Capacitor+1","Glacier","FTL","Consume+1","Echo Form+1","Ball Lightning","Reboot","Compile Driver+1","Coolheaded+1","Leap+1","Machine Learning","Ghostly","Ghostly","Ghostly","Ghostly","Ghostly","Conserve Battery","Defragment+1","Reboot","Echo Form"],"special_seed":0,"relics":["Cracked Core"],"potions_floor_usage":[33,35,38],"damage_taken":[{"damage":5.0,"enemies":"Small Slimes","floor":1.0,"turns":3.0},{"damage":1.0,"enemies":"Cultist","floor":3.0,"turns":3.0},{"damage":6.0,"enemies":"Jaw Worm","floor":5.0,"turns":3.0},{"damage":6.0,"enemies":"Red Slaver","floor":8.0,"turns":4.0},{"damage":1.0,"enemies":"2 Fungi Beasts","floor":11.0,"turns":3.0},{"damage":0.0,"enemies":"3 Louse","floor":12.0,"turns":3.0},{"damage":20.0,"enemies":"Lots of Slimes","floor":13.0,"turns":5.0},{"damage":0.0,"enemies":"Looter","floor":14.0,"turns":4.0},{"damage":0.0,"enemies":"Hexaghost","floor":16.0,"turns":9.0},{"damage":11.0,"enemies":"3 Byrds","floor":18.0,"turns":5.0},{"damage":0.0,"enemies":"Spheric Guardian","floor":20.0,"turns":4.0},{"damage":13.0,"enemies":"Centurion and Healer","floor":21.0,"turns":10.0},{"damage":1.0,"enemies":"Cultist and Chosen","floor":22.0,"turns":7.0},{"damage":3.0,"enemies":"3 Cultists","floor":27.0,"turns":7.0},{"damage":18.0,"enemies":"Book of Stabbing","floor":30.0,"turns":8.0},{"damage":0,"enemies":"Chosen and Byrds","floor":31,"turns":8},{"damage":9,"enemies":"Automaton","floor":33,"turns":11},{"damage":1,"enemies":"3 Darklings","floor":35,"turns":8},{"damage":62,"enemies":"3 Shapes","floor":38,"turns":3}],"seed_played":"2077569017213682777","potions_obtained":[{"floor":8.0,"key":"Block Potion"},{"floor":11.0,"key":"Swift Potion"},{"floor":12.0,"key":"Block Potion"},{"floor":13.0,"key":"Weak Potion"},{"floor":18.0,"key":"Explosive Potion"},{"floor":21.0,"key":"LiquidBronze"},{"floor":22.0,"key":"FocusPotion"},{"floor":33,"key":"Energy Potion"},{"floor":35,"key":"EssenceOfSteel"}],"is_trial":false,"path_per_floor":["M","?","M","$","M","R","?","M","T","R","M","M","M","M","R","B",null,"M","?","M","M","M","R","$","?","T","M","$","R","E","M","R","B",null,"M","?","$","M"],"character_chosen":"DEFECT","items_purchased":["FTL","Defragment"],"campfire_rested":1,"item_purchase_floors":[4,28],"current_hp_per_floor":[49,49,48,48,42,42,67,61,61,61,60,60,40,40,40,40,75,64,64,64,51,50,50,50,37,37,34,34,34,16,16,27,18,37,36,35,35,0],"gold":34,"neow_bonus":"THREE_RARE_CARDS","is_prod":false,"is_daily":false,"chose_seed":false,"campfire_upgraded":5,"win_rate":0,"timestamp":1549130897,"path_taken":["M","?","?","$","M","R","?","M","T","R","M","M","M","M","R","BOSS","M","?","M","M","?","R","$","?","T","M","$","R","E","M","R","BOSS","M","?","$","M"],"build_version":"2019-01-23","purchased_purges":4,"victory":false,"max_hp_per_floor":[75,75,75,75,75,75,75,75,75,75,75,75,75,75,75,75,75,75,75,75,75,75,75,75,37,37,37,37,37,37,37,37,37,37,37,35,35,35],"card_choices":[{"not_picked":["Amplify","Fission"],"picked":"Core Surge","floor":0.0},{"not_picked":["Hologram","Leap"],"picked":"Capacitor","floor":1.0},{"not_picked":["Compile Driver","Fusion"],"picked":"Glacier","floor":3.0},{"not_picked":["Double Energy","Redo","Hologram"],"picked":"SKIP","floor":5.0},{"not_picked":["Redo","Rebound"],"picked":"Consume","floor":8.0},{"not_picked":["Streamline","Recycle","Rip and Tear"],"picked":"SKIP","floor":11.0},{"not_picked":["Reinforced Body","Consume"],"picked":"Echo Form","floor":12.0},{"not_picked":["Streamline","Scrape","Static Discharge"],"picked":"SKIP","floor":13.0},{"not_picked":["Stack","Beam Cell"],"picked":"Ball Lightning","floor":14.0},{"not_picked":["Hyperbeam","Multi-Cast"],"picked":"Reboot","floor":16.0},{"not_picked":["Rebound","Gash"],"picked":"Compile Driver+1","floor":18.0},{"not_picked":["Leap","Go for the Eyes"],"picked":"Coolheaded+1","floor":20.0},{"not_picked":["FTL","Genetic Algorithm"],"picked":"Leap+1","floor":21.0},{"not_picked":["Tempest","Gash+1"],"picked":"Machine Learning","floor":22.0},{"not_picked":["Sweeping Beam","Beam Cell"],"picked":"Conserve Battery","floor":27.0},{"not_picked":["Lockon","Steam Power"],"picked":"Reboot","floor":30},{"not_picked":["Gash+1","Steam","Redo+1"],"picked":"SKIP","floor":31},{"not_picked":["Machine Learning","Hyperbeam"],"picked":"Echo Form","floor":33},{"not_picked":["Turbo","Sweeping Beam+1","Hello World+1"],"picked":"SKIP","floor":35}],"player_experience":1294171,"relics_obtained":[],"event_choices":[{"damage_healed":0.0,"max_hp_gain":0.0,"max_hp_loss":0.0,"gold_gain":0.0,"event_name":"WeMeetAgain","player_choice":"Ignored","floor":2.0,"gold_loss":0.0,"damage_taken":0.0},{"damage_healed":25.0,"max_hp_gain":0.0,"max_hp_loss":0.0,"gold_gain":0.0,"event_name":"Big Fish","player_choice":"Banana","floor":7.0,"gold_loss":0.0,"damage_taken":0.0},{"damage_healed":0.0,"max_hp_gain":0.0,"max_hp_loss":0.0,"gold_gain":0.0,"event_name":"NoteForYourself","player_choice":"Ignored","floor":19.0,"gold_loss":0.0,"damage_taken":0.0},{"damage_healed":0.0,"max_hp_gain":0.0,"max_hp_loss":38.0,"gold_gain":0.0,"event_name":"Ghosts","player_choice":"Became a Ghost","floor":25.0,"gold_loss":0.0,"damage_taken":0.0,"cards_obtained":["Ghostly","Ghostly","Ghostly","Ghostly","Ghostly"]},{"damage_healed":0,"gold_gain":0,"player_choice":"Max HP","damage_taken":0,"max_hp_gain":0,"max_hp_loss":2,"event_name":"Winding Halls","floor":36,"gold_loss":0}],"is_beta":true,"boss_relics":[{"not_picked":["Velvet Choker","Tiny House","Runic Dome"]},{"not_picked":["Nuclear Battery","Sozu","Black Star"]}],"items_purged_floors":[4,24,28,37],"is_endless":false,"potions_floor_spawned":[8,11,12,13,18,21,22,33,35],"killed_by":"3 Shapes","ascension_level":0}