{"gold_per_floor":[119,45,65,81,81,81,100,100,125,153,168,168,201,211,211,316,316,329,349,349,349,349,384,400,400,400,400,400,9,25,50,50,152,152,163,176,176,196,96,96,129,229,229,277,304,304,304,381,381,381],"floor_reached":51,"playtime":2093,"items_purged":["Strike_B","Defend_B"],"score":929,"play_id":"659fffba-336a-4622-85cb-50ff64211b79","local_time":"20180719120142","is_ascension_mode":true,"campfire_choices":[{"data":"Consume","floor":6,"key":"SMITH"},{"data":"Zap","floor":8,"key":"SMITH"},{"data":"Redo","floor":12,"key":"SMITH"},{"data":"Capacitor","floor":15,"key":"SMITH"},{"data":"Coolheaded","floor":25,"key":"SMITH"},{"data":"Meteor Strike","floor":27,"key":"SMITH"},{"floor":32,"key":"REST"},{"data":"Thunder Strike","floor":40,"key":"SMITH"},{"data":"Reinforced Body","floor":47,"key":"SMITH"},{"data":"Melter","floor":49,"key":"SMITH"}],"neow_cost":"NONE","seed_source_timestamp":0,"circlet_count":0,"master_deck":["Defend_B","Defend_B","Defend_B","Dualcast","Electrodynamics+1","Electrodynamics+1","Ball Lightning+1","Cold Snap","Capacitor+1","Melter+1","Consume+1","Conserve Battery","Machine Learning","Redo+1","Leap","Coolheaded+1","Thunder Strike+1","Conserve Battery","Ball Lightning","Meteor Strike+1","Capacitor+1","Loop+1","Reinforced Body+1","Auto Shields+1","Creative AI+1","Conserve Battery","Static Discharge+1","Conserve Battery+1","Skim+1"],"relics":["Astrolabe","Juzu Bracelet","Oddly Smooth Stone","Omamori","Snecko Eye","Frozen Egg 2","Happy Flower","Symbiotic Virus","Medical Kit","Thread and Needle","Runic Dome","Orichalcum","Vajra","Nunchaku","The Courier","Bottled Tornado"],"potions_floor_usage":[16,19,30,41,50],"damage_taken":[{"damage":7,"enemies":"Jaw Worm","floor":1,"turns":2},{"damage":0,"enemies":"Cultist","floor":3,"turns":3},{"damage":8,"enemies":"Small Slimes","floor":4,"turns":2},{"damage":8,"enemies":"Blue Slaver","floor":7,"turns":2},{"damage":11,"enemies":"3 Sentries","floor":10,"turns":4},{"damage":6,"enemies":"Exordium Wildlife","floor":11,"turns":3},{"damage":11,"enemies":"Lagavulin","floor":13,"turns":5},{"damage":0,"enemies":"Large Slime","floor":14,"turns":4},{"damage":0,"enemies":"The Guardian","floor":16,"turns":9},{"damage":0,"enemies":"3 Byrds","floor":18,"turns":2},{"damage":28,"enemies":"Shell Parasite","floor":19,"turns":6},{"damage":7,"enemies":"Gremlin Leader","floor":23,"turns":6},{"damage":0,"enemies":"Snecko","floor":24,"turns":3},{"damage":12,"enemies":"Centurion and Healer","floor":30,"turns":4},{"damage":20,"enemies":"Book of Stabbing","floor":31,"turns":4},{"damage":11,"enemies":"Collector","floor":33,"turns":5},{"damage":4,"enemies":"3 Darklings","floor":35,"turns":2},{"damage":0,"enemies":"Orb Walker","floor":36,"turns":2},{"damage":0,"enemies":"4 Shapes","floor":38,"turns":1},{"damage":4,"enemies":"2 Orb Walkers","floor":41,"turns":2},{"damage":0,"floor":44,"turns":2},{"damage":0,"enemies":"Nemesis","floor":45,"turns":7},{"damage":18,"enemies":"Donu and Deca","floor":50,"turns":5}],"seed_played":"757791606052495958","potions_obtained":[{"floor":3,"key":"SteroidPotion"},{"floor":4,"key":"Strength Potion"},{"floor":10,"key":"Energy Potion"},{"floor":18,"key":"Regen Potion"},{"floor":23,"key":"SkillPotion"},{"floor":35,"key":"Energy Potion"},{"floor":44,"key":"Swift Potion"}],"is_trial":false,"path_per_floor":["M","$","M","M","?","R","M","R","T","E","M","R","E","M","R","B",null,"M","M","?","?","?","E","M","R","T","R","T","$","M","E","R","B",null,"M","M","?","M","$","R","E","?","T","?","E","?","R","T","R","B"],"character_chosen":"DEFECT","items_purchased":["Capacitor","Loop+1","Reinforced Body","Medical Kit"],"campfire_rested":1,"item_purchase_floors":[2,29,29,29],"current_hp_per_floor":[68,68,68,60,60,60,52,52,52,41,35,35,24,24,24,24,75,75,61,61,47,47,40,40,40,40,40,40,40,28,8,32,21,80,76,76,76,76,76,76,72,72,72,72,72,72,72,72,72,54],"gold":381,"neow_bonus":"BOSS_RELIC","is_prod":false,"is_daily":false,"chose_seed":true,"campfire_upgraded":9,"win_rate":0,"timestamp":1532023302,"path_taken":["M","$","M","M","?","R","M","R","T","E","M","R","E","M","R","BOSS","M","M","?","?","?","E","M","R","T","R","?","$","M","E","R","BOSS","M","M","?","M","$","R","E","?","T","?","E","?","R","?","R","BOSS"],"build_version":"2018-07-18","purchased_purges":2,"victory":true,"max_hp_per_floor":[75,75,75,75,75,75,75,75,75,75,75,75,75,75,75,75,75,75,75,75,80,80,80,80,80,80,80,80,80,80,80,80,80,80,80,80,80,80,80,80,80,80,80,80,80,80,80,80,80,80],"card_choices":[{"not_picked":["Barrage","Recycle"],"picked":"Cold Snap","floor":1},{"not_picked":["Skim","Streamline"],"picked":"Melter","floor":3},{"not_picked":["Sweeping Beam","Go for the Eyes"],"picked":"Consume","floor":4},{"not_picked":["Ball Lightning","Reprogram"],"picked":"Conserve Battery","floor":7},{"not_picked":["Gash","Double Energy"],"picked":"Machine Learning","floor":10},{"not_picked":["Sweeping Beam","Blizzard"],"picked":"Redo","floor":11},{"not_picked":["Streamline","Reinforced Body"],"picked":"Leap","floor":13},{"not_picked":["Gash","Streamline"],"picked":"Coolheaded","floor":14},{"not_picked":["All For One","Seek"],"picked":"Thunder Strike","floor":16},{"not_picked":["Barrage","Genetic Algorithm"],"picked":"Conserve Battery","floor":18},{"not_picked":["Barrage","Beam Cell+1"],"picked":"Ball Lightning","floor":19},{"not_picked":["Redo","Rebound+1"],"picked":"Meteor Strike","floor":23},{"not_picked":["Genetic Algorithm","Streamline"],"picked":"Capacitor+1","floor":24},{"not_picked":["Fusion","Turbo","Doom and Gloom"],"picked":"SKIP","floor":30},{"not_picked":["Stack+1","BootSequence"],"picked":"Auto Shields+1","floor":31},{"not_picked":["Reboot","All For One"],"picked":"Creative AI+1","floor":33},{"not_picked":["Rip and Tear","Self Repair+1"],"picked":"Conserve Battery","floor":35},{"not_picked":["Redo+1","Compile Driver+1"],"picked":"Static Discharge+1","floor":36},{"not_picked":["Sweeping Beam+1","Barrage"],"picked":"Conserve Battery+1","floor":38},{"not_picked":["Compile Driver+1","Scrape","Streamline+1"],"picked":"SKIP","floor":41},{"not_picked":["Go for the Eyes+1","Undo+1"],"picked":"Skim+1","floor":45}],"player_experience":799241,"relics_obtained":[{"floor":9,"key":"Juzu Bracelet"},{"floor":10,"key":"Oddly Smooth Stone"},{"floor":13,"key":"Omamori"},{"floor":23,"key":"Frozen Egg 2"},{"floor":26,"key":"Happy Flower"},{"floor":28,"key":"Symbiotic Virus"},{"floor":31,"key":"Thread and Needle"},{"floor":41,"key":"Orichalcum"},{"floor":43,"key":"Vajra"},{"floor":44,"key":"Nunchaku"},{"floor":45,"key":"The Courier"},{"floor":48,"key":"Bottled Tornado"}],"event_choices":[{"event_name":"Wheel of Change","player_choice":"Curse","floor":5,"damage_taken":0},{"event_name":"Ghosts","player_choice":"Ignored","floor":20,"damage_taken":0},{"event_name":"Forgotten Altar","player_choice":"Shed Blood","floor":21,"damage_taken":0},{"event_name":"Fountain of Cleansing","player_choice":"Removed Curse","floor":22,"damage_taken":0},{"event_name":"SensoryStone","player_choice":"Memory 1","floor":37,"damage_taken":0},{"event_name":"Golden Shrine","player_choice":"Pray","floor":42,"damage_taken":0},{"event_name":"Mysterious Sphere","player_choice":"Fight","floor":44,"damage_taken":0},{"event_name":"Falling","player_choice":"Removed Skill","floor":46,"damage_taken":0}],"is_beta":true,"boss_relics":[{"not_picked":["Nuclear Battery","Black Star"],"picked":"Snecko Eye"},{"not_picked":["Lizard Tail","Eternal Feather"],"picked":"Runic Dome"}],"items_purged_floors":[29,39],"is_endless":false,"potions_floor_spawned":[3,4,10,14,18,23,35,36,44],"ascension_level":2}