{"gold_per_floor":[118,129,54,54,54,54,67,67,67,91,91,127,127,168,168,168],"floor_reached":16,"playtime":480,"items_purged":[],"score":189,"play_id":"46de40bc-99d4-4138-bef8-40f00a4e99f3","local_time":"20180804141554","is_ascension_mode":true,"campfire_choices":[{"data":"Double Energy","floor":6,"key":"SMITH"},{"data":"Zap","floor":11,"key":"SMITH"},{"data":"Beam Cell","floor":13,"key":"SMITH"},{"floor":15,"key":"REST"}],"neow_cost":"NONE","seed_source_timestamp":880391387787020,"circlet_count":0,"master_deck":["Strike_B","Strike_B","Strike_B","Defend_B","Defend_B","Defend_B","Defend_B","Zap+1","Dualcast","AscendersBane","Meteor Strike","Ball Lightning","Loop","Double Energy+1","Beam Cell+1","Sunder","Conserve Battery","Conserve Battery"],"relics":["Cracked Core","Golden Idol","Kunai","Ginger","Blue Candle"],"potions_floor_usage":[12,14],"damage_taken":[{"damage":1,"enemies":"2 Louse","floor":1,"turns":3},{"damage":14,"enemies":"Small Slimes","floor":2,"turns":3},{"damage":1,"enemies":"Cultist","floor":7,"turns":3},{"damage":5,"enemies":"Looter","floor":10,"turns":2},{"damage":3,"enemies":"3 Sentries","floor":12,"turns":5},{"damage":25,"enemies":"Lagavulin","floor":14,"turns":6},{"damage":27,"enemies":"The Guardian","floor":16,"turns":8}],"seed_played":"-339913819443953613","potions_obtained":[{"floor":1,"key":"Swift Potion"},{"floor":10,"key":"Weak Potion"}],"is_trial":false,"path_per_floor":["M","M","$","?","?","R","M","?","T","M","R","E","R","E","R"],"character_chosen":"DEFECT","items_purchased":["Double Energy"],"campfire_rested":1,"item_purchase_floors":[3],"current_hp_per_floor":[63,49,49,42,42,42,41,41,41,36,36,33,33,8,27,0],"gold":168,"neow_bonus":"ONE_RANDOM_RARE_CARD","is_prod":false,"is_daily":false,"chose_seed":false,"campfire_upgraded":3,"win_rate":0,"timestamp":1533413754,"path_taken":["M","M","$","?","?","R","M","?","T","M","R","E","R","E","R","BOSS"],"build_version":"2018-08-01","purchased_purges":0,"victory":false,"max_hp_per_floor":[71,71,71,71,71,71,71,64,64,64,64,64,64,64,64,64],"card_choices":[{"not_picked":["Capacitor","Conserve Battery"],"picked":"Ball Lightning","floor":1},{"not_picked":["Capacitor","Go for the Eyes"],"picked":"Loop","floor":2},{"not_picked":["Blizzard","Redo","Go for the Eyes"],"picked":"SKIP","floor":7},{"not_picked":["Steam Power","Go for the Eyes"],"picked":"Sunder","floor":10},{"not_picked":["Chill","Barrage"],"picked":"Conserve Battery","floor":12},{"not_picked":["Static Discharge","Consume"],"picked":"Conserve Battery","floor":14}],"player_experience":944695,"relics_obtained":[{"floor":9,"key":"Kunai"},{"floor":12,"key":"Ginger"},{"floor":14,"key":"Blue Candle"}],"event_choices":[{"event_name":"Golden Wing","player_choice":"Card Removal","floor":4,"damage_taken":0},{"event_name":"Match and Keep!","player_choice":"1 cards matched","floor":5,"damage_taken":0},{"event_name":"Golden Idol","player_choice":"Lose Max HP","floor":8,"damage_taken":0}],"is_beta":true,"boss_relics":[],"items_purged_floors":[],"is_endless":false,"potions_floor_spawned":[1,10],"killed_by":"The Guardian","ascension_level":15}