{"gold_per_floor":[119,130,130,140,77,102,114,154,215,243,255],"floor_reached":11,"playtime":5091,"items_purged":[],"score":87,"play_id":"41a83c44-d6fe-4a9e-bcf0-c79046ed4375","local_time":"20190217104918","is_ascension_mode":true,"campfire_choices":[{"data":"Flex","floor":7,"key":"SMITH"}],"neow_cost":"NONE","seed_source_timestamp":2511882651335156,"circlet_count":0,"master_deck":["Strike_R","Strike_R","Strike_R","Strike_R","Strike_R","Defend_R","Defend_R","Defend_R","Defend_R","Bash","Headbutt","Rage","Inflame","Flex+1"],"relics":["Burning Blood","NeowsBlessing","Ornamental Fan","MawBank","Kunai","Orichalcum"],"potions_floor_usage":[6],"damage_taken":[{"damage":0,"enemies":"Cultist","floor":1,"turns":1},{"damage":0,"enemies":"2 Louse","floor":2,"turns":1},{"damage":0,"enemies":"Jaw Worm","floor":4,"turns":1},{"damage":26,"enemies":"Lagavulin","floor":6,"turns":6},{"damage":48,"enemies":"Gremlin Nob","floor":8,"turns":6},{"damage":14,"enemies":"Blue Slaver","floor":10,"turns":3},{"damage":19,"enemies":"Large Slime","floor":11,"turns":5}],"seed_played":"-5206563755558319975","potions_obtained":[{"floor":2,"key":"Regen Potion"},{"floor":8,"key":"SkillPotion"}],"is_trial":false,"path_per_floor":["M","M","?","M","?","E","R","E","T","M","M"],"character_chosen":"IRONCLAD","items_purchased":[],"campfire_rested":0,"item_purchase_floors":[],"current_hp_per_floor":[80,80,80,80,80,69,69,27,27,19,0],"gold":255,"neow_bonus":"THREE_ENEMY_KILL","is_prod":false,"is_daily":false,"chose_seed":false,"campfire_upgraded":1,"win_rate":0,"timestamp":1550400558,"path_taken":["M","?","?","M","?","E","R","E","T","M","M"],"build_version":"2019-01-23","purchased_purges":0,"victory":false,"max_hp_per_floor":[80,80,80,80,80,80,80,80,80,80,80],"card_choices":[{"not_picked":["Perfected Strike","Sword Boomerang"],"picked":"Headbutt","floor":1},{"not_picked":["Headbutt","Sword Boomerang"],"picked":"Rage","floor":2},{"not_picked":["Reckless Charge","Twin Strike"],"picked":"Inflame","floor":4},{"not_picked":["Burning Pact","Cleave"],"picked":"Flex","floor":6},{"not_picked":["Sever Soul","Combust","Intimidate"],"picked":"SKIP","floor":8},{"not_picked":["Bloodletting","Clash","Bludgeon"],"picked":"SKIP","floor":10}],"player_experience":832658,"relics_obtained":[{"floor":6,"key":"MawBank"},{"floor":8,"key":"Kunai"},{"floor":9,"key":"Orichalcum"}],"event_choices":[{"damage_healed":0,"gold_gain":0,"player_choice":"Ignored","damage_taken":0,"max_hp_gain":0,"max_hp_loss":0,"event_name":"Liars Game","floor":3,"gold_loss":0},{"damage_healed":0,"gold_gain":0,"player_choice":"Paid Gold","damage_taken":0,"relics_obtained":["Ornamental Fan"],"max_hp_gain":0,"max_hp_loss":0,"event_name":"WeMeetAgain","floor":5,"gold_loss":63}],"is_beta":false,"boss_relics":[],"items_purged_floors":[],"is_endless":false,"potions_floor_spawned":[2,8],"killed_by":"Large Slime","ascension_level":1}