{"gold_per_floor":[116,128,147,167,217,217,252,43,93,121,121,133,133,150,150,227,227,242,253,1,1,20,46,46,81,157,157,172,172,47,57,57,131,131,151,1,11,62,62,93,104,104,185,219,237,269,269,0,0,0],"floor_reached":51,"playtime":2386,"items_purged":["Strike_B","Strike_B","Strike_B+1","Strike_B+1"],"score":1674,"play_id":"650edfb1-4ed6-4b87-982f-086daaa66ed7","local_time":"20180729134215","is_ascension_mode":true,"campfire_choices":[{"data":"Zap","floor":6,"key":"SMITH"},{"data":"Redo","floor":11,"key":"SMITH"},{"data":"Storm","floor":13,"key":"SMITH"},{"data":"Capacitor","floor":15,"key":"SMITH"},{"data":"Go for the Eyes","floor":24,"key":"SMITH"},{"data":"Defragment","floor":27,"key":"SMITH"},{"data":"White Noise","floor":32,"key":"SMITH"},{"data":"Storm","floor":47,"key":"SMITH"},{"data":"Hologram","floor":49,"key":"SMITH"}],"neow_cost":"NONE","seed_source_timestamp":356751423500148,"circlet_count":0,"master_deck":["Defend_B+1","Defend_B+1","Defend_B+1","Defend_B+1","Zap+1","Dualcast","AscendersBane","Electrodynamics","Force Field","All For One","Leap","Redo+1","Machine Learning","Capacitor+1","Auto Shields","Storm+1","FTL","Force Field","Thunder Strike","Hologram+1","Force Field","Capacitor","White Noise+1","Self Repair","Defragment+1","Ghostly","Ghostly","Ghostly","Ghostly","Ghostly","Amplify","Coolheaded","Loop+1","Conserve Battery+1","Force Field","Conserve Battery+1","Storm+1","Amplify+1"],"relics":["Cracked Core","Mummified Hand","Ancient Tea Set","Oddly Smooth Stone","Inserter","Calipers","Omamori","Molten Egg 2","Runic Dome","Ginger","Symbiotic Virus","Thread and Needle","Toxic Egg 2","Incense Burner","Anchor","Red Mask"],"potions_floor_usage":[4,7,22,23,40,46,50],"damage_taken":[{"damage":1,"enemies":"Cultist","floor":1,"turns":4},{"damage":8,"enemies":"Small Slimes","floor":2,"turns":2},{"damage":4,"enemies":"Jaw Worm","floor":3,"turns":4},{"damage":5,"enemies":"Gremlin Gang","floor":4,"turns":2},{"damage":9,"enemies":"3 Sentries","floor":7,"turns":4},{"damage":9,"enemies":"Lagavulin","floor":10,"turns":7},{"damage":0,"enemies":"Blue Slaver","floor":12,"turns":3},{"damage":1,"enemies":"Looter","floor":14,"turns":3},{"damage":0,"enemies":"Hexaghost","floor":16,"turns":9},{"damage":7,"enemies":"2 Thieves","floor":18,"turns":3},{"damage":0,"enemies":"Spheric Guardian","floor":19,"turns":3},{"damage":3,"enemies":"Cultist and Chosen","floor":22,"turns":3},{"damage":18,"enemies":"Slavers","floor":23,"turns":3},{"damage":17,"enemies":"Gremlin Leader","floor":25,"turns":6},{"damage":5,"enemies":"3 Cultists","floor":28,"turns":3},{"damage":0,"enemies":"Snake Plant","floor":31,"turns":6},{"damage":1,"enemies":"Collector","floor":33,"turns":8},{"damage":0,"enemies":"3 Shapes","floor":35,"turns":4},{"damage":0,"enemies":"3 Darklings","floor":37,"turns":5},{"damage":7,"floor":38,"turns":3},{"damage":2,"enemies":"2 Orb Walkers","floor":40,"turns":6},{"damage":0,"enemies":"Sphere and 2 Shapes","floor":41,"turns":4},{"damage":0,"floor":42,"turns":5},{"damage":0,"enemies":"Giant Head","floor":44,"turns":7},{"damage":0,"enemies":"Spire Growth","floor":45,"turns":4},{"damage":0,"enemies":"2 Orb Walkers","floor":46,"turns":4},{"damage":0,"enemies":"Time Eater","floor":50,"turns":10}],"seed_played":"-3458785414362990891","potions_obtained":[{"floor":2,"key":"Explosive Potion"},{"floor":4,"key":"GamblersBrew"},{"floor":10,"key":"Dexterity Potion"},{"floor":16,"key":"FearPotion"},{"floor":19,"key":"PowerPotion"},{"floor":23,"key":"FearPotion"},{"floor":31,"key":"SteroidPotion"},{"floor":35,"key":"Energy Potion"},{"floor":38,"key":"Dexterity Potion"},{"floor":44,"key":"Swift Potion"},{"floor":45,"key":"SkillPotion"}],"is_trial":false,"path_per_floor":["M","M","M","M","?","R","E","$","T","E","R","M","R","M","R","B",null,"M","M","$","?","M","E","R","E","T","R","M","?","$","M","R","B",null,"M","$","M","?","?","E","M","?","T","E","M","E","R","?","R","B"],"character_chosen":"DEFECT","items_purchased":["Capacitor","Auto Shields","Capacitor","White Noise"],"campfire_rested":0,"item_purchase_floors":[8,8,20,20],"current_hp_per_floor":[63,55,51,46,39,39,30,30,30,21,21,21,21,20,20,20,58,51,51,51,51,55,44,44,34,34,34,36,35,35,35,35,35,35,35,35,35,35,35,35,35,35,35,35,35,35,35,35,35,35],"gold":0,"neow_bonus":"ONE_RANDOM_RARE_CARD","is_prod":false,"is_daily":false,"chose_seed":true,"campfire_upgraded":9,"win_rate":0,"timestamp":1532893335,"path_taken":["M","?","M","M","?","R","E","$","T","E","R","M","R","M","R","BOSS","M","?","$","?","?","E","R","E","T","R","M","?","?","M","R","BOSS","M","$","M","?","?","E","M","?","T","E","M","E","R","?","R","BOSS"],"build_version":"2018-07-26","purchased_purges":4,"victory":true,"max_hp_per_floor":[71,71,71,71,71,71,71,71,71,71,71,71,71,71,71,71,71,71,71,71,71,71,71,71,71,71,71,71,35,35,35,35,35,35,35,35,35,35,35,35,35,35,35,35,35,35,35,35,35,35],"card_choices":[{"not_picked":["Gash","Steam"],"picked":"Force Field","floor":1},{"not_picked":["Redo","Reinforced Body"],"picked":"All For One","floor":2},{"not_picked":["Stack","Melter"],"picked":"Leap","floor":3},{"not_picked":["Scrape","Sweeping Beam"],"picked":"Redo","floor":4},{"not_picked":["Rebound","Rip and Tear"],"picked":"Machine Learning","floor":7},{"not_picked":["Auto Shields","Sunder"],"picked":"Storm","floor":10},{"not_picked":["Double Energy","Turbo"],"picked":"FTL","floor":12},{"not_picked":["Compile Driver","Cold Snap"],"picked":"Force Field","floor":14},{"not_picked":["Multi-Cast","Electrodynamics"],"picked":"Thunder Strike","floor":16},{"not_picked":["Barrage","Streamline"],"picked":"Hologram","floor":18},{"not_picked":["Conserve Battery","Double Energy"],"picked":"Force Field","floor":19},{"not_picked":["Turbo","Rebound"],"picked":"Self Repair","floor":22},{"not_picked":["Sunder","Gash"],"picked":"Go for the Eyes","floor":23},{"not_picked":["Turbo","Multi-Cast"],"picked":"Defragment","floor":25},{"not_picked":["Beam Cell+1","Leap","Rebound+1"],"picked":"SKIP","floor":28},{"not_picked":["Capacitor","Stack","Leap"],"picked":"SKIP","floor":31},{"not_picked":["All For One+1","Rainbow"],"picked":"Amplify","floor":33},{"not_picked":["Sweeping Beam+1","Sunder+1"],"picked":"Coolheaded","floor":35},{"not_picked":["Coolheaded","Gash+1"],"picked":"Loop+1","floor":37},{"not_picked":["Redo","Turbo","Streamline+1"],"picked":"SKIP","floor":40},{"not_picked":["Sweeping Beam+1","Streamline+1"],"picked":"Conserve Battery+1","floor":41},{"not_picked":["Coolheaded+1","Reprogram"],"picked":"Force Field","floor":42},{"not_picked":["Scrape+1","Streamline+1"],"picked":"Conserve Battery+1","floor":44},{"not_picked":["Blizzard+1","Turbo+1"],"picked":"Storm","floor":45},{"not_picked":["Melter+1","Hologram+1"],"picked":"Amplify+1","floor":46}],"player_experience":861453,"relics_obtained":[{"floor":7,"key":"Mummified Hand"},{"floor":9,"key":"Ancient Tea Set"},{"floor":10,"key":"Oddly Smooth Stone"},{"floor":23,"key":"Calipers"},{"floor":25,"key":"Omamori"},{"floor":26,"key":"Molten Egg 2"},{"floor":38,"key":"Ginger"},{"floor":40,"key":"Symbiotic Virus"},{"floor":42,"key":"Thread and Needle"},{"floor":43,"key":"Toxic Egg 2"},{"floor":44,"key":"Incense Burner"},{"floor":46,"key":"Anchor"}],"event_choices":[{"event_name":"FaceTrader","player_choice":"Touch","floor":5,"damage_taken":0},{"event_name":"Back to Basics","player_choice":"Simplicity","floor":21,"damage_taken":0},{"event_name":"Ghosts","player_choice":"Became a Ghost","floor":29,"damage_taken":0},{"event_name":"Mysterious Sphere","player_choice":"Fight","floor":38,"damage_taken":0},{"event_name":"Falling","player_choice":"Removed Attack","floor":39,"damage_taken":0},{"event_name":"MindBloom","player_choice":"Fight","floor":42,"damage_taken":0},{"event_name":"Tomb of Lord Red Mask","player_choice":"Paid","floor":48,"damage_taken":0}],"is_beta":true,"boss_relics":[{"not_picked":["FrozenCore","Orrery"],"picked":"Inserter"},{"not_picked":["Pandora\u0027s Box","Philosopher\u0027s Stone"],"picked":"Runic Dome"}],"items_purged_floors":[8,20,30,36],"is_endless":false,"potions_floor_spawned":[2,4,10,16,19,23,31,33,35,38,44,45],"ascension_level":15}