{"path_per_floor":["M","M","M","?","?","R","M","R","T","R","M","?","R","M","R","B",null,"M","$","?","?","$","E","R","E","T","E","M","R","M","M","R","B",null,"M","?","$","M","M"],"character_chosen":"IRONCLAD","items_purchased":["Frozen Egg 2"],"gold_per_floor":[118,133,150,150,150,150,166,166,166,166,183,183,183,203,203,305,305,245,0,0,0,0,0,0,0,0,0,0,0,0,0,0,0,0,0,0,0,0,0,0],"floor_reached":40,"campfire_rested":1,"playtime":1341,"current_hp_per_floor":[80,80,78,62,69,69,69,69,69,69,75,80,80,83,83,56,95,87,87,66,66,66,60,60,41,41,24,41,60,59,60,60,32,66,66,66,66,52,19,0],"items_purged":[],"gold":0,"score":483,"play_id":"df2bf680-fd12-4940-8b03-d85199f52fcd","local_time":"20180421110851","is_prod":false,"is_daily":false,"chose_seed":false,"is_ascension_mode":true,"campfire_upgraded":7,"timestamp":1524330531,"path_taken":["M","M","M","?","?","R","M","R","T","R","M","?","R","?","R","BOSS","M","$","?","?","?","E","R","E","T","E","M","R","M","M","R","BOSS","M","?","?","M","?","E"],"build_version":"2018-04-19","seed_source_timestamp":663530699265966,"purchased_purges":0,"victory":false,"master_deck":["Defend_R+1","Defend_R+1","Bash+1","Twin Strike+1","Pommel Strike+1","Spot Weakness+1","Pummel+1","Exhume+1","Pommel Strike+1","Double Tap+1","Bite+1","Bite+1","Bite+1","Bite+1","Bite+1","Twin Strike+1","Body Slam+1","Uppercut+1","Body Slam+1","Sword Boomerang+1","Sword Boomerang+1","Limit Break+1","Combust+1","Anger+1","Whirlwind+1","Headbutt+1","Shrug It Off+1","Pummel+1"],"max_hp_per_floor":[80,80,80,80,90,90,90,90,90,90,90,95,95,95,95,95,95,95,95,66,66,66,66,66,66,66,66,66,66,66,66,66,66,66,66,66,66,66,66,66],"relics":["Burning Blood","Pear","Molten Egg 2","Ectoplasm","Frozen Egg 2","War Paint","Toxic Egg 2","Blood Vial","Happy Flower","Astrolabe","Red Mask"],"card_choices":[{"not_picked":["Headbutt","True Grit"],"picked":"Twin Strike","floor":1},{"not_picked":["Feel No Pain","Blood for Blood"],"picked":"Pommel Strike","floor":2},{"not_picked":["Second Wind","Intimidate"],"picked":"Spot Weakness","floor":3},{"not_picked":["Anger","Spot Weakness"],"picked":"Pummel","floor":7},{"not_picked":["Body Slam","Sword Boomerang"],"picked":"Exhume","floor":11},{"not_picked":["Clash","Wild Strike"],"picked":"Pommel Strike","floor":14},{"not_picked":["Juggernaut","Bludgeon"],"picked":"Double Tap","floor":16},{"not_picked":["Cleave","Power Through"],"picked":"Armaments","floor":18},{"not_picked":["Clash","Body Slam"],"picked":"Twin Strike","floor":23},{"not_picked":["Combust","Dark Embrace"],"picked":"Body Slam","floor":25},{"not_picked":["Cleave","Power Through"],"picked":"Uppercut","floor":27},{"not_picked":["Intimidate","Perfected Strike"],"picked":"Body Slam","floor":28},{"not_picked":["Perfected Strike","Wild Strike"],"picked":"Sword Boomerang","floor":30},{"not_picked":["Wild Strike","Second Wind"],"picked":"Sword Boomerang","floor":31},{"not_picked":["Reaper","Barricade"],"picked":"Limit Break","floor":33},{"not_picked":["Armaments","Havoc"],"picked":"Headbutt","floor":35},{"not_picked":["Clothesline","Wild Strike"],"picked":"Shrug It Off","floor":38},{"not_picked":["Power Through","Limit Break"],"picked":"Pummel","floor":39}],"player_experience":382190,"potions_floor_usage":[7,16,23,30,31,35,40,40,40],"damage_taken":[{"damage":3,"enemies":"2 Louse","floor":1,"turns":3},{"damage":5,"enemies":"Small Slimes","floor":2,"turns":3},{"damage":8,"enemies":"Jaw Worm","floor":3,"turns":3},{"damage":18,"enemies":"Large Slime","floor":7,"turns":5},{"damage":0,"enemies":"2 Fungi Beasts","floor":11,"turns":3},{"damage":3,"enemies":"Lots of Slimes","floor":14,"turns":4},{"damage":39,"enemies":"The Guardian","floor":16,"turns":10},{"damage":14,"enemies":"2 Thieves","floor":18,"turns":3},{"damage":25,"enemies":"Book of Stabbing","floor":23,"turns":5},{"damage":43,"enemies":"Slavers","floor":25,"turns":5},{"damage":46,"enemies":"Book of Stabbing","floor":27,"turns":5},{"damage":0,"enemies":"Chosen","floor":28,"turns":3},{"damage":15,"enemies":"Snake Plant","floor":30,"turns":3},{"damage":24,"enemies":"Cultist and Chosen","floor":31,"turns":5},{"damage":61,"enemies":"Collector","floor":33,"turns":10},{"damage":2,"enemies":"Orb Walker","floor":35,"turns":2},{"damage":20,"enemies":"3 Shapes","floor":38,"turns":2},{"damage":53,"enemies":"Maw","floor":39,"turns":5},{"damage":33,"enemies":"2 Orb Walkers","floor":40,"turns":2}],"event_choices":[{"event_name":"Shining Light","player_choice":"Entered Light","floor":4,"damage_taken":0},{"event_name":"Scrap Ooze","player_choice":"success","floor":5,"damage_taken":3},{"event_name":"Big Fish","player_choice":"Donut","floor":12,"damage_taken":0},{"event_name":"Vampires","player_choice":"Became a vampire","floor":20,"damage_taken":0},{"event_name":"Wheel of Change","player_choice":"Gold","floor":21,"damage_taken":0},{"event_name":"Tomb of Lord Red Mask","player_choice":"Paid","floor":36,"damage_taken":0}],"boss_relics":[{"not_picked":["Tiny House","Lizard Tail"],"picked":"Ectoplasm"},{"not_picked":["Black Blood","Calling Bell"],"picked":"Astrolabe"}],"potions_floor_spawned":[2,11,16,18,27,30,33,35,38,39],"seed_played":"7997809670538081818","killed_by":"2 Orb Walkers","ascension_level":1,"is_trial":false}