{"gold_per_floor":[111,124,138,152,168,168,13,40,66,66,86,86,103,134,134,238,238,258,272,272,292,82,82,115,127,150,150,161,177,205,225,225,324,324,339,354,365,365,4,37,37,54,54,54,54,73,15,46,46,46,46,46,5,30,30],"floor_reached":55,"playtime":3527,"items_purged":["Strike_G"],"score":973,"play_id":"69ca5644-364d-44e1-98c1-9429cf6e24eb","local_time":"20181209091305","is_ascension_mode":true,"campfire_choices":[{"data":"Noxious Fumes","floor":6.0,"key":"SMITH"},{"data":"Catalyst","floor":10.0,"key":"SMITH"},{"data":"Neutralize","floor":15.0,"key":"SMITH"},{"data":"Malaise","floor":23.0,"key":"SMITH"},{"floor":27.0,"key":"REST"},{"data":"Night Terror","floor":32.0,"key":"SMITH"},{"data":"Concentrate","floor":41.0,"key":"SMITH"},{"floor":44.0,"key":"RECALL"},{"floor":49.0,"key":"REST"},{"data":"Caltrops","floor":52.0,"key":"SMITH"}],"neow_cost":"NONE","seed_source_timestamp":0,"circlet_count":0,"master_deck":["Defend_G","Defend_G","Defend_G","Defend_G","Defend_G","Strike_G+1","Strike_G","Survivor","Neutralize+1","Noxious Fumes+1","Cloak And Dagger","Deflect","Catalyst+1","Infinite Blades","Blade Dance","Concentrate+1","Glass Knife","Blur","Dagger Spray+1","Deadly Poison+1","Malaise+1","Backflip+1","Cloak And Dagger+1","Endless Agony","Night Terror+1","Outmaneuver","PiercingWail+1","Deflect+1","Footwork+1","PiercingWail+1","Caltrops+1","Backflip+1"],"special_seed":0,"relics":["Ring of the Snake","Ancient Tea Set","Ninja Scroll","Vajra","Potion Belt","Runic Pyramid","Nloth\u0027s Gift","Whetstone","The Courier","Philosopher\u0027s Stone","Snake Skull","Tough Bandages","Bronze Scales","Juzu Bracelet","Anchor"],"potions_floor_usage":[55,55,55],"damage_taken":[{"damage":3.0,"enemies":"2 Louse","floor":1.0,"turns":3.0},{"damage":0.0,"enemies":"Cultist","floor":2.0,"turns":4.0},{"damage":7.0,"enemies":"Small Slimes","floor":3.0,"turns":4.0},{"damage":2.0,"enemies":"Blue Slaver","floor":4.0,"turns":6.0},{"damage":5.0,"enemies":"Large Slime","floor":5.0,"turns":7.0},{"damage":13.0,"enemies":"3 Sentries","floor":8.0,"turns":8.0},{"damage":0.0,"enemies":"3 Louse","floor":11.0,"turns":3.0},{"damage":0.0,"enemies":"2 Fungi Beasts","floor":13.0,"turns":3.0},{"damage":1.0,"enemies":"Lagavulin","floor":14.0,"turns":7.0},{"damage":13.0,"enemies":"Hexaghost","floor":16.0,"turns":10.0},{"damage":6.0,"enemies":"2 Thieves","floor":18.0,"turns":4.0},{"damage":10.0,"enemies":"Chosen","floor":19.0,"turns":5.0},{"damage":0.0,"enemies":"Centurion and Healer","floor":21.0,"turns":6.0},{"damage":30.0,"enemies":"Slavers","floor":24.0,"turns":7.0},{"damage":9.0,"enemies":"Cultist and Chosen","floor":28.0,"turns":6.0},{"damage":0.0,"enemies":"Shelled Parasite and Fungi","floor":29.0,"turns":5.0},{"damage":0.0,"enemies":"Book of Stabbing","floor":30.0,"turns":5.0},{"damage":10.0,"enemies":"Snake Plant","floor":31.0,"turns":4.0},{"damage":19.0,"enemies":"Automaton","floor":33.0,"turns":8.0},{"damage":2.0,"enemies":"Orb Walker","floor":35.0,"turns":2.0},{"damage":7.0,"enemies":"3 Darklings","floor":36.0,"turns":3.0},{"damage":3.0,"enemies":"Writhing Mass","floor":37.0,"turns":5.0},{"damage":14.0,"enemies":"Nemesis","floor":40.0,"turns":7.0},{"damage":0.0,"enemies":"Spire Growth","floor":42.0,"turns":5.0},{"damage":0.0,"enemies":"Sphere and 2 Shapes","floor":46.0,"turns":4.0},{"damage":13.0,"enemies":"Reptomancer","floor":48.0,"turns":6.0},{"damage":15.0,"enemies":"Awakened One","floor":50.0,"turns":16.0},{"damage":21.0,"enemies":"Shield and Spear","floor":54.0,"turns":9.0},{"damage":58,"enemies":"The Heart","floor":55,"turns":8}],"seed_played":"6638370603675398603","potions_obtained":[{"floor":3.0,"key":"Regen Potion"},{"floor":4.0,"key":"Poison Potion"},{"floor":5.0,"key":"Block Potion"},{"floor":11.0,"key":"Fruit Juice"},{"floor":19.0,"key":"Poison Potion"},{"floor":28.0,"key":"Strength Potion"},{"floor":29.0,"key":"Swift Potion"},{"floor":31.0,"key":"GamblersBrew"},{"floor":33.0,"key":"GhostInAJar"},{"floor":35.0,"key":"Explosive Potion"},{"floor":37.0,"key":"SteroidPotion"},{"floor":40.0,"key":"Block Potion"},{"floor":48.0,"key":"Explosive Potion"}],"is_trial":false,"path_per_floor":["M","M","M","M","M","R","$","E","T","R","M","?","M","E","R","B",null,"M","M","?","M","$","R","E","?","T","R","M","M","E","M","R","B",null,"M","M","M","?","$","E","R","M","T","R","?","M","$","E","R","B",null,"R","$","E","B"],"character_chosen":"THE_SILENT","items_purchased":["Ancient Tea Set","Malaise","Snake Skull","Tough Bandages","Caltrops","SteroidPotion"],"campfire_rested":2,"item_purchase_floors":[7,22,39,39,47,53],"current_hp_per_floor":[67,67,60,58,53,53,53,40,40,40,45,38,38,37,37,24,75,69,59,59,59,59,59,29,29,29,51,42,42,57,47,47,28,75,73,66,63,63,63,49,49,49,49,49,49,49,49,36,58,43,75,75,75,54,0],"gold":30,"neow_bonus":"REMOVE_CARD","is_prod":false,"is_daily":false,"chose_seed":false,"campfire_upgraded":7,"win_rate":0,"timestamp":1544353985,"path_taken":["M","M","M","M","M","R","$","E","T","R","M","?","M","E","R","BOSS","M","M","?","M","$","R","E","?","T","R","M","M","E","M","R","BOSS","M","M","?","?","$","E","R","M","T","R","?","M","?","E","R","BOSS","R","$","E","BOSS"],"build_version":"2018-12-06","purchased_purges":1,"victory":false,"max_hp_per_floor":[70,70,70,70,70,70,70,70,70,70,75,75,75,75,75,75,75,75,75,75,75,75,75,75,75,75,75,75,75,75,75,75,75,75,75,75,75,75,75,75,75,75,75,75,75,75,75,75,75,75,75,75,75,75,75],"card_choices":[{"not_picked":["Dagger Throw","Cloak And Dagger"],"picked":"Well Laid Plans","floor":1.0},{"not_picked":["Eviscerate","Flying Knee"],"picked":"Noxious Fumes","floor":2.0},{"not_picked":["Slice","Outmaneuver"],"picked":"Cloak And Dagger","floor":3.0},{"not_picked":["All Out Attack","Dash"],"picked":"Deflect","floor":4.0},{"not_picked":["Deadly Poison","Crippling Poison"],"picked":"Catalyst","floor":5.0},{"not_picked":["Noxious Fumes","A Thousand Cuts"],"picked":"Infinite Blades","floor":8.0},{"not_picked":["Riddle With Holes","Well Laid Plans"],"picked":"Blade Dance","floor":11.0},{"not_picked":["Slice","Outmaneuver"],"picked":"Concentrate","floor":13.0},{"not_picked":["Bane","Choke","Outmaneuver"],"picked":"SKIP","floor":14.0},{"not_picked":["Adrenaline","Tools of the Trade"],"picked":"Glass Knife","floor":16.0},{"not_picked":["Riddle With Holes","Underhanded Strike"],"picked":"Blur","floor":18.0},{"not_picked":["Endless Agony","Underhanded Strike"],"picked":"Dagger Spray","floor":19.0},{"not_picked":["Underhanded Strike","Bane"],"picked":"Deadly Poison+1","floor":21.0},{"not_picked":["Caltrops+1","After Image"],"picked":"Backflip+1","floor":24.0},{"not_picked":["Caltrops+1","Dash+1"],"picked":"Cloak And Dagger+1","floor":28.0},{"not_picked":["Slice","Quick Slash"],"picked":"Endless Agony","floor":29.0},{"not_picked":["Glass Knife","Deflect"],"picked":"Night Terror","floor":30.0},{"not_picked":["Dagger Spray","Outmaneuver","Sucker Punch"],"picked":"SKIP","floor":31.0},{"not_picked":["Poisoned Stab+1","Corpse Explosion"],"picked":"Outmaneuver","floor":35.0},{"not_picked":["Acrobatics","Choke","Glass Knife"],"picked":"SKIP","floor":36.0},{"not_picked":["Outmaneuver","Predator"],"picked":"PiercingWail+1","floor":37.0},{"not_picked":["Blade Dance","Choke"],"picked":"Deflect+1","floor":40.0},{"not_picked":["Quick Slash","Dodge and Roll"],"picked":"Footwork+1","floor":42.0},{"not_picked":["Catalyst+1","Venomology"],"picked":"PiercingWail+1","floor":46.0},{"not_picked":["Slice","Deflect+1"],"picked":"Backflip+1","floor":48.0},{"not_picked":["Corpse Explosion","Poisoned Stab+1","Slice"],"picked":"SKIP","floor":54.0}],"player_experience":202604,"relics_obtained":[{"floor":8.0,"key":"Ninja Scroll"},{"floor":9.0,"key":"Vajra"},{"floor":14.0,"key":"Potion Belt"},{"floor":24.0,"key":"MawBank"},{"floor":26.0,"key":"Whetstone"},{"floor":30.0,"key":"The Courier"},{"floor":40.0,"key":"Bronze Scales"},{"floor":48.0,"key":"Juzu Bracelet"},{"floor":54.0,"key":"Anchor"}],"event_choices":[{"cards_removed":["Strike_G"],"damage_healed":0.0,"max_hp_gain":0.0,"max_hp_loss":0.0,"gold_gain":0.0,"event_name":"Golden Wing","player_choice":"Card Removal","floor":12.0,"gold_loss":0.0,"damage_taken":7.0},{"damage_healed":0.0,"max_hp_gain":0.0,"max_hp_loss":0.0,"gold_gain":0.0,"event_name":"Vampires","player_choice":"Ignored","floor":20.0,"gold_loss":0.0,"damage_taken":0.0},{"damage_healed":0.0,"max_hp_gain":0.0,"max_hp_loss":0.0,"gold_gain":0.0,"event_name":"N\u0027loth","player_choice":"Traded Relic","floor":25.0,"relics_lost":["MawBank"],"gold_loss":0.0,"damage_taken":0.0,"relics_obtained":["Nloth\u0027s Gift"]},{"damage_healed":0.0,"max_hp_gain":0.0,"max_hp_loss":0.0,"gold_gain":0.0,"event_name":"Tomb of Lord Red Mask","player_choice":"Ignored","floor":38.0,"gold_loss":0.0,"damage_taken":0.0},{"cards_removed":["Well Laid Plans"],"damage_healed":0.0,"max_hp_gain":0.0,"max_hp_loss":0.0,"gold_gain":0.0,"event_name":"Falling","player_choice":"Removed Power","floor":45.0,"gold_loss":0.0,"damage_taken":0.0}],"is_beta":false,"boss_relics":[{"not_picked":["Runic Dome","Pandora\u0027s Box"],"picked":"Runic Pyramid"},{"not_picked":["Lizard Tail","Orrery"],"picked":"Philosopher\u0027s Stone"}],"items_purged_floors":[22],"is_endless":false,"potions_floor_spawned":[3,4,5,11,19,28,29,31,33,35,37,40,48],"killed_by":"The Heart","ascension_level":4}