{"gold_per_floor":[112,132,150,168,243,243,254,254,327,327,34,34,34,34,34,105,105,116,129,129,129,129,129,145,145,220,54,67,85,85,104,104,104],"floor_reached":33,"playtime":1470,"items_purged":[],"score":599,"play_id":"0a687d70-21eb-417b-b959-452b9b19f0f3","local_time":"20190218213017","is_ascension_mode":true,"campfire_choices":[{"data":"Zap","floor":6,"key":"SMITH"},{"floor":8,"key":"REST"},{"data":"White Noise","floor":10,"key":"SMITH"},{"data":"Ball Lightning","floor":12,"key":"SMITH"},{"floor":15,"key":"REST"},{"data":"Creative AI","floor":23,"key":"SMITH"},{"floor":30,"key":"REST"},{"floor":32,"key":"REST"}],"neow_cost":"TEN_PERCENT_HP_LOSS","seed_source_timestamp":439008031602700,"circlet_count":0,"master_deck":["AscendersBane","Strike_B+1","Strike_B+1","Strike_B+1","Strike_B+1","Defend_B+1","Defend_B+1","Defend_B+1","Defend_B+1","Zap+1","Dualcast","Ball Lightning","Undo","White Noise+1","Ball Lightning+1","FTL","Creative AI+1","Conserve Battery","Ball Lightning","Writhe","Cold Snap","Clumsy","Ball Lightning","BootSequence"],"relics":["Cracked Core","Du-Vu Doll","Symbiotic Virus","OrangePellets","Cursed Key","Thread and Needle","Bottled Flame","Anchor"],"potions_floor_usage":[16,19,24,33],"damage_taken":[{"damage":1,"enemies":"Cultist","floor":1,"turns":3},{"damage":7,"enemies":"Small Slimes","floor":2,"turns":2},{"damage":7,"enemies":"Jaw Worm","floor":3,"turns":3},{"damage":3,"enemies":"Blue Slaver","floor":4,"turns":2},{"damage":21,"enemies":"Exordium Wildlife","floor":7,"turns":5},{"damage":0,"enemies":"Slime Boss","floor":16,"turns":4},{"damage":1,"enemies":"Spheric Guardian","floor":18,"turns":3},{"damage":13,"enemies":"3 Byrds","floor":19,"turns":4},{"damage":0,"enemies":"Centurion and Healer","floor":24,"turns":6},{"damage":27,"enemies":"Cultist and Chosen","floor":28,"turns":5},{"damage":6,"enemies":"Snecko","floor":29,"turns":5},{"damage":7,"enemies":"Centurion and Healer","floor":31,"turns":5},{"damage":17,"enemies":"Automaton","floor":33,"turns":6}],"seed_played":"2474845375363676937","potions_obtained":[{"floor":2,"key":"Swift Potion"},{"floor":7,"key":"Fire Potion"},{"floor":16,"key":"FocusPotion"},{"floor":19,"key":"Explosive Potion"},{"floor":24,"key":"Energy Potion"}],"is_trial":false,"path_per_floor":["M","M","M","M","?","R","M","R","T","R","$","R","$","?","R","B",null,"M","M","?","?","$","R","M","?","T","$","M","M","R","M","R","B"],"character_chosen":"DEFECT","items_purchased":["OrangePellets","FTL","Anchor"],"campfire_rested":4,"item_purchase_floors":[11,11,27],"current_hp_per_floor":[63,56,49,46,35,35,14,33,33,33,33,33,33,14,33,33,56,55,42,42,42,42,42,42,42,42,42,15,9,28,21,40,23],"gold":104,"neow_bonus":"ONE_RARE_RELIC","is_prod":false,"is_daily":false,"chose_seed":false,"campfire_upgraded":4,"win_rate":0,"timestamp":1550550617,"path_taken":["M","M","?","M","?","R","M","R","T","R","$","R","$","?","R","BOSS","M","M","?","?","$","R","M","?","T","$","M","M","R","M","R","BOSS"],"build_version":"2019-02-06","purchased_purges":0,"victory":false,"max_hp_per_floor":[64,64,64,64,64,64,64,64,64,64,64,64,64,64,64,64,64,64,64,64,64,64,64,64,64,64,64,64,64,64,64,64,64],"card_choices":[{"not_picked":["Rebound","Loop"],"picked":"Ball Lightning","floor":1},{"not_picked":["Streamline","Go for the Eyes","Reprogram"],"picked":"SKIP","floor":2},{"not_picked":["Streamline","Redo"],"picked":"Undo","floor":3},{"not_picked":["Chaos","Rebound"],"picked":"White Noise","floor":4},{"not_picked":["Rebound","Steam Power"],"picked":"Ball Lightning","floor":7},{"not_picked":["Buffer","Machine Learning"],"picked":"Creative AI","floor":16},{"not_picked":["Gash","Leap"],"picked":"Conserve Battery","floor":18},{"not_picked":["Sweeping Beam","Conserve Battery"],"picked":"Ball Lightning","floor":19},{"not_picked":["Streamline","Redo"],"picked":"Cold Snap","floor":24},{"not_picked":["Stack","Loop"],"picked":"Ball Lightning","floor":28},{"not_picked":["Darkness","Sweeping Beam","Chaos"],"picked":"SKIP","floor":29},{"not_picked":["Fission","Stack+1"],"picked":"BootSequence","floor":31}],"player_experience":1354381,"relics_obtained":[{"floor":9,"key":"Symbiotic Virus"},{"floor":26,"key":"Bottled Flame"}],"event_choices":[{"damage_healed":0,"gold_gain":75,"player_choice":"Gather Gold","damage_taken":11,"max_hp_gain":0,"max_hp_loss":0,"event_name":"World of Goop","floor":5,"gold_loss":0},{"damage_healed":0,"gold_gain":0,"player_choice":"Entered Light","damage_taken":19,"max_hp_gain":0,"max_hp_loss":0,"event_name":"Shining Light","floor":14,"gold_loss":0,"cards_upgraded":["Defend_B","Defend_B"]},{"damage_healed":0,"gold_gain":0,"player_choice":"Opened","damage_taken":0,"relics_obtained":["Thread and Needle"],"max_hp_gain":0,"max_hp_loss":0,"event_name":"The Mausoleum","floor":20,"gold_loss":0,"cards_obtained":["Writhe"]},{"damage_healed":0,"gold_gain":0,"player_choice":"Simplicity","damage_taken":0,"max_hp_gain":0,"max_hp_loss":0,"event_name":"Back to Basics","floor":21,"gold_loss":0,"cards_upgraded":["Strike_B","Strike_B","Strike_B","Strike_B","Defend_B","Defend_B"]},{"damage_healed":0,"gold_gain":0,"player_choice":"Ignored","damage_taken":0,"max_hp_gain":0,"max_hp_loss":0,"event_name":"Vampires","floor":25,"gold_loss":0}],"is_beta":true,"boss_relics":[{"not_picked":["Black Star","Lizard Tail"],"picked":"Cursed Key"}],"items_purged_floors":[],"is_endless":false,"potions_floor_spawned":[2,7,16,18,19,24,28],"killed_by":"Automaton","ascension_level":20}