{"gold_per_floor":[111,126,137,147,147,147,175,185,209,229,229,229,3,24,24,154,154,179,193,193,237,260,301,301,301,327,426,449,485,500,0,0,130,130,143,156,222,347,347,347,391,391,418,418,112,128,171,189,189,189,189,189,15,49,49],"floor_reached":55,"playtime":2603,"items_purged":["Strike_B","Strike_B","Clumsy"],"score":1031,"play_id":"bfd0e99b-37b0-43f2-8cd4-55d069579bd1","local_time":"20181203225443","is_ascension_mode":true,"campfire_choices":[{"data":"Capacitor","floor":6.0,"key":"SMITH"},{"floor":15,"key":"REST"},{"data":"White Noise","floor":25,"key":"SMITH"},{"data":"Turbo","floor":32,"key":"SMITH"},{"data":"Capacitor","floor":40,"key":"SMITH"},{"floor":42,"key":"RECALL"},{"data":"Ghostly","floor":44,"key":"SMITH"},{"floor":49,"key":"REST"},{"data":"Ghostly","floor":52,"key":"SMITH"}],"neow_cost":"NONE","seed_source_timestamp":7632482296389,"circlet_count":0,"master_deck":["Defend_B+1","Defend_B","Zap","Dualcast+1","Sweeping Beam","Glacier","Capacitor+1","Go for the Eyes","Conserve Battery","Static Discharge","Chill","Ball Lightning","Electrodynamics","Storm+1","Biased Cognition+1","Double Energy+1","Conserve Battery+1","White Noise+1","Conserve Battery","Beam Cell+1","Turbo+1","Ghostly+1","Ghostly+1","Ghostly","Ghostly","Ghostly","Compile Driver","Redo+1","Go for the Eyes","Steam","Whirlwind+1","Shrug It Off","Capacitor+1","Metamorphosis","Backflip","White Noise+1","Meteor Strike","Chill","Adrenaline"],"special_seed":0,"relics":["Cracked Core","War Paint","Dodecahedron","Lantern","Golden Idol","Happy Flower","Astrolabe","Red Mask","Vajra","Regal Pillow","DataDisk","PrismaticShard","Cursed Key","Thread and Needle","Ice Cream","Meat on the Bone","PreservedInsect","Bag of Preparation","Oddly Smooth Stone"],"potions_floor_usage":[21,22,22,22,23,33,36,50,50,50,50,50,54,55],"damage_taken":[{"damage":0.0,"enemies":"Cultist","floor":1.0,"turns":3.0},{"damage":0.0,"enemies":"Jaw Worm","floor":2.0,"turns":3.0},{"damage":0.0,"enemies":"2 Louse","floor":3.0,"turns":2.0},{"damage":3.0,"enemies":"Red Slaver","floor":4.0,"turns":4.0},{"damage":48,"enemies":"Gremlin Nob","floor":7,"turns":7},{"damage":2,"enemies":"Exordium Wildlife","floor":8,"turns":3},{"damage":1,"enemies":"Large Slime","floor":10,"turns":9},{"damage":0,"enemies":"2 Fungi Beasts","floor":14,"turns":4},{"damage":4,"enemies":"The Guardian","floor":16,"turns":14},{"damage":0,"enemies":"3 Byrds","floor":18,"turns":3},{"damage":1,"enemies":"Shell Parasite","floor":19,"turns":6},{"damage":0,"enemies":"Masked Bandits","floor":21,"turns":2},{"damage":18,"enemies":"Chosen and Byrds","floor":22,"turns":5},{"damage":17,"enemies":"Slavers","floor":23,"turns":2},{"damage":0,"enemies":"3 Cultists","floor":28,"turns":6},{"damage":2,"enemies":"Gremlin Leader","floor":29,"turns":4},{"damage":0,"enemies":"Sentry and Sphere","floor":30,"turns":3},{"damage":5,"enemies":"Collector","floor":33,"turns":8},{"damage":1,"enemies":"3 Shapes","floor":35,"turns":4},{"damage":5,"enemies":"3 Darklings","floor":36,"turns":5},{"damage":34,"enemies":"2 Orb Walkers","floor":37,"turns":6},{"damage":0,"enemies":"Mind Bloom Boss Battle","floor":38,"turns":6},{"damage":0,"enemies":"Reptomancer","floor":41,"turns":4},{"damage":16,"enemies":"Sphere and 2 Shapes","floor":46,"turns":5},{"damage":0,"enemies":"Nemesis","floor":47,"turns":5},{"damage":0,"enemies":"4 Shapes","floor":48,"turns":2},{"damage":3,"enemies":"Awakened One","floor":50,"turns":8},{"damage":17,"enemies":"Shield and Spear","floor":54,"turns":3},{"damage":59,"enemies":"The Heart","floor":55,"turns":2}],"seed_played":"-5739511463472924267","potions_obtained":[{"floor":2.0,"key":"EssenceOfSteel"},{"floor":5.0,"key":"FearPotion"},{"floor":5.0,"key":"EntropicBrew"},{"floor":8,"key":"PowerPotion"},{"floor":22,"key":"Poison Potion"},{"floor":29,"key":"AttackPotion"},{"floor":33,"key":"SkillPotion"},{"floor":35,"key":"EntropicBrew"},{"floor":36,"key":"SpeedPotion"},{"floor":48,"key":"Dexterity Potion"},{"floor":54,"key":"Regen Potion"}],"is_trial":false,"path_per_floor":["M","M","M","M","?","R","E","M","T","M","?","?","$","M","R","B",null,"M","M","?","?","M","E","?","R","T","?","M","E","M","$","R","B",null,"M","M","?","?","?","R","E","R","T","R","$","M","E","M","R","B",null,"R","$","E","B"],"character_chosen":"DEFECT","items_purchased":["Happy Flower","DataDisk","PrismaticShard","Steam","Metamorphosis","Meteor Strike","Chill"],"campfire_rested":2,"item_purchase_floors":[13,31,31,31,45,53,53],"current_hp_per_floor":[75,75,75,72,72,72,24,22,22,21,21,21,21,21,41,37,69,69,68,68,68,50,33,33,33,33,33,33,31,31,31,31,26,34,33,28,3,3,30,30,30,30,30,30,30,26,26,26,30,27,30,30,30,25,0],"gold":49,"neow_bonus":"RANDOM_COMMON_RELIC","is_prod":false,"is_daily":false,"chose_seed":false,"campfire_upgraded":6,"win_rate":0,"timestamp":1543884883,"path_taken":["M","M","M","M","?","R","E","?","T","M","?","?","$","M","R","BOSS","M","M","?","?","M","E","?","R","T","?","M","E","M","$","R","BOSS","M","M","?","?","?","R","E","R","T","R","$","M","E","M","R","BOSS","R","$","E","BOSS"],"build_version":"2018-11-15","purchased_purges":3,"victory":false,"max_hp_per_floor":[75,75,75,75,75,75,75,75,75,75,69,69,69,69,69,69,69,69,69,69,69,69,69,34,34,34,34,34,34,34,34,34,34,34,34,34,34,34,30,30,30,30,30,30,30,30,30,30,30,30,30,30,30,30,30],"card_choices":[{"not_picked":["Barrage","Double Energy"],"picked":"Sweeping Beam","floor":1.0},{"not_picked":["Coolheaded","Chill"],"picked":"Glacier","floor":2.0},{"not_picked":["Sweeping Beam","Leap"],"picked":"Capacitor","floor":3.0},{"not_picked":["Tempest","Rebound"],"picked":"Go for the Eyes","floor":4.0},{"not_picked":["Skim","Blizzard"],"picked":"Conserve Battery","floor":7},{"not_picked":["Streamline","Aggregate"],"picked":"Static Discharge","floor":8},{"not_picked":["Rip and Tear","Reprogram","Conserve Battery"],"picked":"SKIP","floor":10},{"not_picked":["Redo","Turbo"],"picked":"Ball Lightning","floor":14},{"not_picked":["Meteor Strike","Reboot"],"picked":"Electrodynamics","floor":16},{"not_picked":["Rebound","Consume"],"picked":"Conserve Battery+1","floor":18},{"not_picked":["Reprogram","Scrape+1"],"picked":"White Noise","floor":19},{"not_picked":["Barrage","Undo"],"picked":"Conserve Battery","floor":21},{"not_picked":["Storm","BootSequence"],"picked":"Beam Cell+1","floor":22},{"not_picked":["Beam Cell","Cold Snap+1"],"picked":"Turbo","floor":23},{"not_picked":["Turbo","Chaos"],"picked":"Compile Driver","floor":28},{"not_picked":["Undo","Amplify"],"picked":"Redo+1","floor":29},{"not_picked":["Stack","Chill"],"picked":"Go for the Eyes","floor":30},{"not_picked":["Poisoned Stab","Dodge and Roll+1","Melter+1"],"picked":"SKIP","floor":35},{"not_picked":["Poisoned Stab","Dodge and Roll+1","Melter+1"],"picked":"SKIP","floor":35},{"not_picked":["Thunderclap","Footwork"],"picked":"Whirlwind+1","floor":36},{"not_picked":["Reinforced Body+1","Go for the Eyes"],"picked":"Shrug It Off","floor":37},{"not_picked":["Cloak And Dagger","Wild Strike"],"picked":"Capacitor","floor":38},{"not_picked":["A Thousand Cuts","Berserk","Heel Hook"],"picked":"SKIP","floor":41},{"not_picked":["Dark Shackles","Barrage+1"],"picked":"Backflip","floor":46},{"not_picked":["Dual Wield+1","Body Slam+1"],"picked":"White Noise+1","floor":47},{"not_picked":["Outmaneuver","Sword Boomerang","Iron Wave+1"],"picked":"SKIP","floor":48},{"not_picked":["Coolheaded","Sentinel"],"picked":"Adrenaline","floor":54}],"player_experience":184538,"relics_obtained":[{"floor":7,"key":"Dodecahedron"},{"floor":9,"key":"Lantern"},{"floor":21,"key":"Red Mask"},{"floor":23,"key":"Vajra"},{"floor":29,"key":"Regal Pillow"},{"floor":37,"key":"Thread and Needle"},{"floor":38,"key":"Ice Cream"},{"floor":41,"key":"Meat on the Bone"},{"floor":43,"key":"PreservedInsect"},{"floor":47,"key":"Bag of Preparation"},{"floor":54,"key":"Oddly Smooth Stone"}],"event_choices":[{"damage_healed":0.0,"max_hp_gain":0.0,"max_hp_loss":0.0,"gold_gain":0.0,"event_name":"Lab","player_choice":"Got Potions","floor":5.0,"gold_loss":0.0,"damage_taken":0.0},{"damage_healed":0,"gold_gain":0,"player_choice":"Lose Max HP","damage_taken":0,"relics_obtained":["Golden Idol"],"max_hp_gain":0,"max_hp_loss":6,"event_name":"Golden Idol","floor":11,"gold_loss":0},{"damage_healed":0,"gold_gain":0,"player_choice":"1 cards matched","damage_taken":0,"max_hp_gain":0,"max_hp_loss":0,"event_name":"Match and Keep!","floor":12,"gold_loss":0,"cards_obtained":["Chill"]},{"cards_removed":["Defend_B"],"damage_healed":0,"gold_gain":0,"player_choice":"Elegance","damage_taken":0,"max_hp_gain":0,"max_hp_loss":0,"event_name":"Back to Basics","floor":20,"gold_loss":0},{"damage_healed":0,"gold_gain":0,"player_choice":"Fought Bandits","damage_taken":0,"max_hp_gain":0,"max_hp_loss":0,"event_name":"Masked Bandits","floor":21,"gold_loss":0},{"damage_healed":0,"gold_gain":0,"player_choice":"Became a Ghost","damage_taken":0,"max_hp_gain":0,"max_hp_loss":35,"event_name":"Ghosts","floor":24,"gold_loss":0,"cards_obtained":["Ghostly","Ghostly","Ghostly","Ghostly","Ghostly"]},{"damage_healed":0,"gold_gain":99,"player_choice":"Stole From Cult","damage_taken":0,"max_hp_gain":0,"max_hp_loss":0,"event_name":"Nest","floor":27,"gold_loss":0},{"damage_healed":0,"gold_gain":0,"player_choice":"Fight","damage_taken":0,"max_hp_gain":0,"max_hp_loss":0,"event_name":"Mysterious Sphere","floor":37,"gold_loss":0},{"damage_healed":0,"gold_gain":0,"player_choice":"Fight","damage_taken":0,"max_hp_gain":0,"max_hp_loss":0,"event_name":"MindBloom","floor":38,"gold_loss":0},{"damage_healed":30,"gold_gain":0,"player_choice":"Heal","damage_taken":0,"max_hp_gain":0,"max_hp_loss":4,"event_name":"The Moai Head","floor":39,"gold_loss":0}],"is_beta":false,"boss_relics":[{"not_picked":["Pandora\u0027s Box","FrozenCore"],"picked":"Astrolabe"},{"not_picked":["Orrery","Eternal Feather"],"picked":"Cursed Key"}],"items_purged_floors":[13,31,45],"is_endless":false,"potions_floor_spawned":[2,8,10,16,19,22,29,33,35,36,48,54],"killed_by":"The Heart","ascension_level":4}