{"gold_per_floor":[12,24,39,57,75,94,94,72,95,95,95,95,123,123,123,221,221,232,157,157,174,192,192,205,205,205,205,223,223],"floor_reached":29,"playtime":1317,"items_purged":["Strike_B"],"score":250,"play_id":"2736004d-2a49-469d-a65e-e675903db4dd","local_time":"20181021211016","is_ascension_mode":true,"campfire_choices":[{"data":"Zap","floor":7,"key":"SMITH"},{"data":"Dualcast","floor":10,"key":"SMITH"},{"data":"Coolheaded","floor":12,"key":"SMITH"},{"floor":15,"key":"REST"},{"floor":23,"key":"REST"}],"neow_cost":"NO_GOLD","seed_source_timestamp":37845892369534,"circlet_count":0,"master_deck":["Strike_B","Strike_B","Strike_B","Defend_B","Defend_B","Defend_B","Defend_B","Zap+1","Dualcast+1","Steam","Steam","Loop+1","Coolheaded+1","BootSequence","Barrage","Gash","Genetic Algorithm","Core Surge","Capacitor+1","Turbo+1","Gash+1","Hologram+1","Coolheaded+1","Gash"],"relics":["Cracked Core","Bird Faced Urn","Blood Vial","Question Card","Anchor","Sozu","Bottled Tornado"],"potions_floor_usage":[11,13,24],"damage_taken":[{"damage":19,"enemies":"Small Slimes","floor":1,"turns":3},{"damage":0,"enemies":"Cultist","floor":2,"turns":3},{"damage":0,"enemies":"2 Louse","floor":3,"turns":2},{"damage":9,"enemies":"Looter","floor":4,"turns":5},{"damage":3,"enemies":"2 Fungi Beasts","floor":5,"turns":4},{"damage":2,"enemies":"Large Slime","floor":6,"turns":5},{"damage":23,"enemies":"Gremlin Nob","floor":13,"turns":4},{"damage":35,"enemies":"The Guardian","floor":16,"turns":14},{"damage":27,"enemies":"3 Byrds","floor":18,"turns":7},{"damage":25,"enemies":"Spheric Guardian","floor":21,"turns":6},{"damage":25,"enemies":"Snake Plant","floor":22,"turns":7},{"damage":28,"enemies":"Centurion and Healer","floor":24,"turns":9},{"damage":21,"enemies":"3 Cultists","floor":28,"turns":7},{"damage":10,"enemies":"Snake Plant","floor":29,"turns":4}],"seed_played":"-4020353394433427102","potions_obtained":[{"floor":2,"key":"Ancient Potion"},{"floor":3,"key":"Poison Potion"},{"floor":11,"key":"Fruit Juice"},{"floor":11,"key":"EssenceOfSteel"},{"floor":11,"key":"AttackPotion"},{"floor":13,"key":"SkillPotion"}],"is_trial":false,"path_per_floor":["M","M","M","M","M","M","R","$","T","R","?","R","E","?","R","B",null,"M","$","?","M","M","R","M","?","T","?","M"],"character_chosen":"DEFECT","items_purchased":["Gash"],"campfire_rested":2,"item_purchase_floors":[8],"current_hp_per_floor":[56,56,56,47,46,46,46,46,46,46,51,51,32,25,49,18,80,53,53,53,34,15,39,17,17,17,17,2,0],"gold":223,"neow_bonus":"ONE_RARE_RELIC","is_prod":false,"is_daily":false,"chose_seed":false,"campfire_upgraded":3,"win_rate":0,"timestamp":1540163416,"path_taken":["M","M","M","M","M","M","R","$","T","R","?","R","E","?","R","BOSS","M","$","?","M","M","R","?","?","T","?","M","M"],"build_version":"2018-10-18","purchased_purges":1,"victory":false,"max_hp_per_floor":[75,75,75,75,75,75,75,75,75,75,80,80,80,80,80,80,80,80,80,80,80,80,80,80,80,80,80,80,80],"card_choices":[{"not_picked":["Ball Lightning","Blizzard"],"picked":"Steam","floor":1},{"not_picked":["Redo","Turbo"],"picked":"Steam","floor":2},{"not_picked":["Coolheaded","Thunder Strike"],"picked":"Loop","floor":3},{"not_picked":["Compile Driver","Leap"],"picked":"Coolheaded","floor":4},{"not_picked":["Conserve Battery","Storm"],"picked":"BootSequence","floor":5},{"not_picked":["Melter","Steam"],"picked":"Barrage","floor":6},{"not_picked":["Sweeping Beam","Thunder Strike"],"picked":"Genetic Algorithm","floor":13},{"not_picked":["Hyperbeam","Reboot","Meteor Strike"],"picked":"Core Surge","floor":16},{"not_picked":["Stack","Hologram","Turbo"],"picked":"Capacitor+1","floor":18},{"not_picked":["Hologram","Streamline","Genetic Algorithm"],"picked":"Turbo+1","floor":21},{"not_picked":["Compile Driver+1","Core Surge","Rebound+1"],"picked":"Gash+1","floor":22},{"not_picked":["Tempest+1","Turbo","Fusion"],"picked":"Hologram+1","floor":24},{"not_picked":["Chaos","Beam Cell","Compile Driver"],"picked":"Gash","floor":28}],"player_experience":110052,"relics_obtained":[{"floor":9,"key":"Blood Vial"},{"floor":13,"key":"Question Card"},{"floor":26,"key":"Bottled Tornado"}],"event_choices":[{"damage_healed":0,"gold_gain":0,"player_choice":"Got Potions","damage_taken":0,"max_hp_gain":0,"max_hp_loss":0,"event_name":"The Lab","floor":11,"gold_loss":0},{"damage_healed":0,"gold_gain":0,"player_choice":"Success","damage_taken":7,"relics_obtained":["Anchor"],"max_hp_gain":0,"max_hp_loss":0,"event_name":"Scrap Ooze","floor":14,"gold_loss":0},{"damage_healed":0,"gold_gain":0,"player_choice":"Upgraded","damage_taken":0,"max_hp_gain":0,"max_hp_loss":0,"event_name":"Upgrade Shrine","floor":20,"gold_loss":0,"cards_upgraded":["Loop"]},{"damage_healed":0,"gold_gain":0,"player_choice":"Ignored","damage_taken":0,"max_hp_gain":0,"max_hp_loss":0,"event_name":"The Mausoleum","floor":25,"gold_loss":0},{"damage_healed":0,"gold_gain":0,"player_choice":"Copied","damage_taken":0,"max_hp_gain":0,"max_hp_loss":0,"event_name":"Duplicator","floor":27,"gold_loss":0,"cards_obtained":["Coolheaded"]}],"is_beta":false,"boss_relics":[{"not_picked":["White Beast Statue","Busted Crown"],"picked":"Sozu"}],"items_purged_floors":[19],"is_endless":false,"potions_floor_spawned":[2,3,13,21,22],"killed_by":"Snake Plant","ascension_level":2}