{"gold_per_floor":[110,110,110,128,16,16,46,62,62,88,104,120,120,138,138,211,211,131,149,161,161,174,174,202,202,226,56,56,86,86,97,97,174,174,187,187,197,211,225,225,225,225,225,7,17,17,17,43,43,43,43],"floor_reached":52,"playtime":2854,"items_purged":["Strike_B","Go for the Eyes"],"score":1875,"play_id":"b8ded9d1-97d4-4b9f-a21b-79b02e1a8244","local_time":"20190216220904","is_ascension_mode":true,"campfire_choices":[{"data":"Defragment","floor":6,"key":"SMITH"},{"floor":13,"key":"REST"},{"data":"Defragment","floor":15,"key":"SMITH"},{"data":"Loop","floor":23,"key":"SMITH"},{"floor":25,"key":"REST"},{"data":"Defragment","floor":32,"key":"SMITH"},{"floor":40,"key":"REST"},{"data":"Creative AI","floor":42,"key":"SMITH"},{"data":"Creative AI","floor":46,"key":"SMITH"},{"data":"Zap","floor":49,"key":"SMITH"}],"neow_cost":"NONE","seed_source_timestamp":267141485415900,"circlet_count":0,"master_deck":["AscendersBane","Defend_B+1","Defend_B+1","Defend_B+1","Defend_B+1","Zap+1","Dualcast","Gash","Auto Shields","Defragment+1","Cold Snap","Genetic Algorithm","Loop+1","Defragment+1","Leap+1","Conserve Battery+1","Core Surge","Undo+1","BootSequence+1","Undo+1","Lockon","White Noise+1","Coolheaded+1","Glacier+1","Defragment+1","Hologram+1","Skim+1","Creative AI+1","Chaos+1","Creative AI+1","Secret Weapon+1","Coolheaded+1","Ball Lightning","Gash"],"relics":["Cracked Core","NeowsBlessing","Pear","Bottled Tornado","Toxic Egg 2","Nuclear Battery","Thread and Needle","Juzu Bracelet","Centennial Puzzle","Runic Dome","Meat on the Bone","Happy Flower"],"potions_floor_usage":[11,16,16,22,22,22,24,24,50],"damage_taken":[{"damage":0,"enemies":"2 Louse","floor":1,"turns":1},{"damage":0,"enemies":"Jaw Worm","floor":4,"turns":1},{"damage":0,"enemies":"3 Sentries","floor":7,"turns":1},{"damage":0,"enemies":"Cultist","floor":8,"turns":4},{"damage":19,"enemies":"Lagavulin","floor":10,"turns":7},{"damage":23,"enemies":"Gremlin Gang","floor":11,"turns":6},{"damage":23,"enemies":"Lots of Slimes","floor":12,"turns":5},{"damage":0,"enemies":"2 Fungi Beasts","floor":14,"turns":5},{"damage":0,"enemies":"The Guardian","floor":16,"turns":10},{"damage":8,"enemies":"2 Thieves","floor":18,"turns":4},{"damage":7,"enemies":"Spheric Guardian","floor":19,"turns":6},{"damage":12,"enemies":"Cultist and Chosen","floor":20,"turns":9},{"damage":0,"enemies":"Snecko","floor":22,"turns":7},{"damage":50,"enemies":"Slavers","floor":24,"turns":9},{"damage":4,"enemies":"Book of Stabbing","floor":29,"turns":11},{"damage":0,"enemies":"Sentry and Sphere","floor":31,"turns":5},{"damage":5,"enemies":"Collector","floor":33,"turns":22},{"damage":0,"enemies":"Orb Walker","floor":35,"turns":7},{"damage":0,"enemies":"3 Shapes","floor":37,"turns":3},{"damage":16,"enemies":"3 Darklings","floor":38,"turns":9},{"damage":23,"enemies":"Transient","floor":39,"turns":6},{"damage":0,"enemies":"Jaw Worm Horde","floor":45,"turns":8},{"damage":14,"enemies":"Donu and Deca","floor":50,"turns":11},{"damage":28,"enemies":"Time Eater","floor":51,"turns":13}],"seed_played":"8012997360404766009","potions_obtained":[{"floor":7,"key":"LiquidBronze"},{"floor":8,"key":"Energy Potion"},{"floor":10,"key":"FocusPotion"},{"floor":12,"key":"PowerPotion"},{"floor":16,"key":"Strength Potion"},{"floor":19,"key":"EntropicBrew"},{"floor":22,"key":"Regen Potion"},{"floor":33,"key":"Dexterity Potion"},{"floor":39,"key":"SteroidPotion"}],"is_trial":false,"path_per_floor":["M","?","?","M","$","R","E","M","T","E","M","M","R","M","R","B",null,"M","M","M","?","M","R","E","R","T","$","?","E","?","M","R","B",null,"M","?","M","M","M","R","?","R","T","$","M","R","$","T","R","B","B",null],"character_chosen":"DEFECT","items_purchased":["Defragment","Glacier+1","Defragment","Coolheaded+1","Ball Lightning"],"campfire_rested":3,"item_purchase_floors":[5,27,27,44,44],"current_hp_per_floor":[64,69,69,69,69,69,79,79,79,60,37,14,39,39,39,39,74,66,59,47,47,47,47,12,37,37,37,37,33,50,50,50,45,76,76,76,76,60,37,62,62,62,62,62,62,62,62,62,62,48,32],"gold":43,"neow_bonus":"THREE_ENEMY_KILL","is_prod":false,"is_daily":false,"chose_seed":false,"campfire_upgraded":7,"win_rate":0,"timestamp":1550380144,"path_taken":["M","?","?","?","$","R","E","M","T","E","?","M","R","M","R","BOSS","M","M","?","?","M","R","E","R","T","$","?","E","?","M","R","BOSS","M","?","M","M","M","R","?","R","T","$","M","R","?","?","R","BOSS","BOSS"],"build_version":"2019-02-06","purchased_purges":2,"victory":true,"max_hp_per_floor":[71,76,76,76,76,76,86,86,86,86,86,86,86,86,86,86,86,86,86,86,86,86,86,86,86,86,86,86,86,86,86,86,86,86,86,86,86,86,86,86,86,86,86,86,86,86,86,86,86,86,86],"card_choices":[{"not_picked":["Streamline","Skim"],"picked":"Gash","floor":1},{"not_picked":["Compile Driver","Rebound"],"picked":"Auto Shields","floor":4},{"not_picked":["Auto Shields","Rebound"],"picked":"Cold Snap","floor":7},{"not_picked":["Turbo","Fusion"],"picked":"Genetic Algorithm","floor":8},{"not_picked":["Storm","Compile Driver"],"picked":"Loop","floor":10},{"not_picked":["Leap+1","Sunder"],"picked":"Defragment","floor":11},{"not_picked":["Stack+1","Turbo+1"],"picked":"Leap+1","floor":12},{"not_picked":["Stack+1","Genetic Algorithm+1"],"picked":"Conserve Battery+1","floor":14},{"not_picked":["Hyperbeam","All For One"],"picked":"Core Surge","floor":16},{"not_picked":["Coolheaded+1","Streamline"],"picked":"Undo+1","floor":18},{"not_picked":["Stack+1","Steam+1"],"picked":"BootSequence+1","floor":19},{"not_picked":["Scrape","Sweeping Beam"],"picked":"Undo+1","floor":20},{"not_picked":["Stack+1","Gash+1"],"picked":"White Noise+1","floor":22},{"not_picked":["Conserve Battery+1","Stack+1"],"picked":"Coolheaded+1","floor":24},{"not_picked":["Core Surge","Conserve Battery+1"],"picked":"Hologram+1","floor":29},{"not_picked":["Storm","Lockon"],"picked":"Skim+1","floor":31},{"not_picked":["Buffer","Machine Learning"],"picked":"Creative AI","floor":33},{"not_picked":["Sweeping Beam","Leap+1"],"picked":"Chaos+1","floor":35},{"not_picked":["Go for the Eyes+1","Streamline","Conserve Battery+1"],"picked":"SKIP","floor":37},{"not_picked":["Beam Cell","Redo+1","Rebound"],"picked":"SKIP","floor":38},{"not_picked":["Compile Driver","Steam+1"],"picked":"Creative AI","floor":39},{"not_picked":["Swift Strike","Trip+1"],"picked":"Secret Weapon+1","floor":41},{"not_picked":["Hologram+1","Steam+1"],"picked":"Gash","floor":45}],"player_experience":1317471,"relics_obtained":[{"floor":7,"key":"Pear"},{"floor":9,"key":"Bottled Tornado"},{"floor":10,"key":"Toxic Egg 2"},{"floor":24,"key":"Thread and Needle"},{"floor":26,"key":"Juzu Bracelet"},{"floor":29,"key":"Centennial Puzzle"},{"floor":43,"key":"Meat on the Bone"},{"floor":48,"key":"Happy Flower"}],"event_choices":[{"damage_healed":0,"gold_gain":0,"player_choice":"Donut","damage_taken":0,"max_hp_gain":5,"max_hp_loss":0,"event_name":"Big Fish","floor":2,"gold_loss":0},{"cards_removed":["Strike_B"],"damage_healed":0,"gold_gain":0,"player_choice":"Offered Basic","damage_taken":0,"max_hp_gain":0,"max_hp_loss":0,"event_name":"Bonfire Elementals","floor":3,"gold_loss":0},{"damage_healed":0,"gold_gain":0,"cards_transformed":["Strike_B","Strike_B"],"player_choice":"Became Test Subject","damage_taken":0,"max_hp_gain":0,"max_hp_loss":0,"event_name":"Drug Dealer","floor":21,"gold_loss":0,"cards_obtained":["Go for the Eyes","Lockon"]},{"damage_healed":0,"gold_gain":0,"player_choice":"Simplicity","damage_taken":0,"max_hp_gain":0,"max_hp_loss":0,"event_name":"Back to Basics","floor":28,"gold_loss":0,"cards_upgraded":["Defend_B","Defend_B","Defend_B","Defend_B"]},{"damage_healed":17,"gold_gain":0,"player_choice":"Heal","damage_taken":0,"max_hp_gain":0,"max_hp_loss":0,"event_name":"The Library","floor":30,"gold_loss":0},{"damage_healed":0,"gold_gain":0,"player_choice":"Ignored","damage_taken":0,"max_hp_gain":0,"max_hp_loss":0,"event_name":"Mysterious Sphere","floor":36,"gold_loss":0},{"damage_healed":0,"gold_gain":0,"player_choice":"Memory 1","damage_taken":0,"max_hp_gain":0,"max_hp_loss":0,"event_name":"SensoryStone","floor":41,"gold_loss":0}],"is_beta":true,"boss_relics":[{"not_picked":["Eternal Feather","Philosopher\u0027s Stone"],"picked":"Nuclear Battery"},{"not_picked":["Orrery","Coffee Dripper"],"picked":"Runic Dome"}],"items_purged_floors":[5,44],"is_endless":false,"potions_floor_spawned":[7,8,10,12,16,19,22,33,39],"ascension_level":20}