{"gold_per_floor":[109,127,202,217,234,260,260,288,315,329,329,46,58,73,73,169,169,182,182,82,92,109,109],"floor_reached":23,"playtime":1017,"items_purged":["Strike_R","Bite"],"score":271,"play_id":"7ede5ca9-fe68-466d-b597-9552f0c1fd05","local_time":"20181210230913","is_ascension_mode":true,"campfire_choices":[{"data":"Bash","floor":7,"key":"SMITH"},{"data":"True Grit","floor":11,"key":"SMITH"},{"data":"Clothesline","floor":15,"key":"SMITH"}],"neow_cost":"PERCENT_DAMAGE","seed_source_timestamp":18782636179118,"circlet_count":0,"master_deck":["Defend_R","Defend_R","Defend_R","Defend_R","Bash+1","Cleave","Pommel Strike","Anger","Power Through","Evolve","True Grit+1","Clothesline+1","Conserve Battery","Impervious","Dropkick","Blur","Dagger Spray","Turbo","Bite","Bite","Bite","Bite","Hologram"],"relics":["Burning Blood","Thread and Needle","Lantern","Anchor","Bronze Scales","PrismaticShard","Orrery"],"potions_floor_usage":[16,21,23],"damage_taken":[{"damage":0,"enemies":"Small Slimes","floor":1,"turns":3},{"damage":0,"enemies":"Jaw Worm","floor":2,"turns":5},{"damage":0,"enemies":"2 Louse","floor":4,"turns":2},{"damage":9,"enemies":"Blue Slaver","floor":5,"turns":3},{"damage":25,"enemies":"Gremlin Nob","floor":6,"turns":4},{"damage":8,"enemies":"Lagavulin","floor":8,"turns":7},{"damage":0,"enemies":"Looter","floor":10,"turns":2},{"damage":2,"enemies":"3 Louse","floor":13,"turns":2},{"damage":0,"enemies":"Blue Slaver","floor":14,"turns":3},{"damage":31,"enemies":"The Guardian","floor":16,"turns":12},{"damage":14,"enemies":"Spheric Guardian","floor":18,"turns":5},{"damage":15,"enemies":"2 Thieves","floor":21,"turns":5},{"damage":16,"enemies":"Cultist and Chosen","floor":22,"turns":8},{"damage":64,"enemies":"Gremlin Leader","floor":23,"turns":6}],"seed_played":"-5015519562090190909","potions_obtained":[{"floor":1,"key":"SpeedPotion"},{"floor":2,"key":"PowerPotion"},{"floor":4,"key":"SneckoOil"},{"floor":6,"key":"SneckoOil"}],"is_trial":false,"path_per_floor":["M","M","?","M","M","E","R","E","T","M","R","$","M","M","R","B",null,"M","?","$","M","M","E"],"character_chosen":"IRONCLAD","items_purchased":["PrismaticShard"],"campfire_rested":0,"item_purchase_floors":[12],"current_hp_per_floor":[62,68,57,63,60,41,41,39,39,45,45,45,49,55,55,30,80,72,56,56,51,51,0],"gold":109,"neow_bonus":"ONE_RARE_RELIC","is_prod":false,"is_daily":false,"chose_seed":false,"campfire_upgraded":3,"win_rate":0,"timestamp":1544490553,"path_taken":["M","M","?","M","M","E","R","E","T","M","R","$","M","M","R","BOSS","M","?","$","M","M","E"],"build_version":"2018-12-06","purchased_purges":2,"victory":false,"max_hp_per_floor":[80,80,80,80,80,80,80,80,80,80,80,80,80,80,80,80,80,80,56,56,56,56,56],"card_choices":[{"not_picked":["Thunderclap","Warcry"],"picked":"Cleave","floor":1},{"not_picked":["Evolve","Perfected Strike"],"picked":"Pommel Strike","floor":2},{"not_picked":["Reckless Charge","True Grit"],"picked":"Anger","floor":4},{"not_picked":["Sword Boomerang","Twin Strike"],"picked":"Power Through","floor":5},{"not_picked":["Heavy Blade","Power Through"],"picked":"Evolve","floor":6},{"not_picked":["Intimidate","Reckless Charge"],"picked":"True Grit","floor":8},{"not_picked":["Twin Strike","Havoc"],"picked":"Clothesline","floor":10},{"not_picked":["Force Field","Swift Strike"],"picked":"Conserve Battery","floor":13},{"not_picked":["Choke","Defragment"],"picked":"Impervious","floor":14},{"not_picked":["Streamline","Heatsinks"],"picked":"Dropkick","floor":17},{"not_picked":["Dodge and Roll","Loop"],"picked":"Blur","floor":17},{"not_picked":["Deadly Poison","Iron Wave"],"picked":"Dagger Spray","floor":17},{"not_picked":["Crippling Poison","Tactician"],"picked":"Turbo","floor":17},{"not_picked":["Heavy Blade+1","Perfected Strike","Outmaneuver"],"picked":"SKIP","floor":18},{"not_picked":["Beam Cell","Venomology"],"picked":"Hologram","floor":21},{"not_picked":["Pommel Strike","Flying Knee","Underhanded Strike+1"],"picked":"SKIP","floor":22}],"player_experience":228909,"relics_obtained":[{"floor":6,"key":"Lantern"},{"floor":8,"key":"Anchor"},{"floor":9,"key":"Bronze Scales"}],"event_choices":[{"damage_healed":0,"gold_gain":75,"player_choice":"Gather Gold","damage_taken":11,"max_hp_gain":0,"max_hp_loss":0,"event_name":"World of Goop","floor":3,"gold_loss":0},{"damage_healed":0,"gold_gain":0,"player_choice":"Became a vampire","damage_taken":0,"max_hp_gain":0,"max_hp_loss":24,"event_name":"Vampires","floor":19,"gold_loss":0,"cards_obtained":["Bite","Bite","Bite","Bite","Bite"]}],"is_beta":false,"boss_relics":[{"not_picked":["Black Star","Empty Cage"],"picked":"Orrery"}],"items_purged_floors":[12,20],"is_endless":false,"potions_floor_spawned":[1,2,4,6],"killed_by":"Gremlin Leader","ascension_level":4}