{"gold_per_floor":[112,112,112,125,142,142,67,92,115,132,132,160,178,196,196,273,273,286,305,305,305,305],"floor_reached":22,"playtime":967,"items_purged":["Strike_G"],"score":474,"play_id":"eef32f78-8730-4f55-90b7-de273a986208","local_time":"20180719111227","is_ascension_mode":true,"campfire_choices":[{"data":"Footwork","floor":6,"key":"SMITH"},{"data":"Noxious Fumes","floor":11,"key":"SMITH"},{"data":"Neutralize","floor":15,"key":"SMITH"}],"neow_cost":"NONE","seed_source_timestamp":733251632764047,"circlet_count":0,"master_deck":["Defend_G","Defend_G","Defend_G+1","Defend_G","Defend_G+1","Strike_G","Strike_G","Survivor","Neutralize+1","AscendersBane","Noxious Fumes+1","Footwork+1","Crippling Poison","Noxious Fumes","Noxious Fumes","Cloak And Dagger","Deadly Poison","Corpse Explosion","Backflip","Backflip"],"relics":["Ring of the Serpent","Dream Catcher","War Paint","Snake Skull","Strawberry"],"potions_floor_usage":[12,16,18],"damage_taken":[{"damage":2,"enemies":"2 Louse","floor":1,"turns":4},{"damage":1,"enemies":"Small Slimes","floor":4,"turns":6},{"damage":0,"enemies":"Cultist","floor":5,"turns":6},{"damage":8,"enemies":"Lagavulin","floor":8,"turns":10},{"damage":0,"enemies":"Looter","floor":10,"turns":5},{"damage":0,"enemies":"3 Sentries","floor":12,"turns":5},{"damage":5,"enemies":"Exordium Thugs","floor":13,"turns":5},{"damage":1,"enemies":"2 Fungi Beasts","floor":14,"turns":4},{"damage":0,"enemies":"Hexaghost","floor":16,"turns":8},{"damage":23,"enemies":"2 Thieves","floor":18,"turns":5},{"damage":1,"enemies":"Chosen","floor":19,"turns":6},{"damage":35,"enemies":"Slaver and Parasite","floor":22,"turns":3}],"seed_played":"5955233320871901161","potions_obtained":[{"floor":1,"key":"Block Potion"},{"floor":12,"key":"Dexterity Potion"},{"floor":16,"key":"SpeedPotion"},{"floor":19,"key":"FairyPotion"}],"is_trial":false,"path_per_floor":["M","?","?","M","M","R","$","E","T","M","R","E","M","M","R","B",null,"M","M","?","?"],"character_chosen":"THE_SILENT","items_purchased":[],"campfire_rested":0,"item_purchase_floors":[],"current_hp_per_floor":[57,57,57,56,56,56,56,48,48,48,48,55,50,49,49,49,67,44,43,22,22,0],"gold":305,"neow_bonus":"RANDOM_COMMON_RELIC","is_prod":false,"is_daily":false,"chose_seed":false,"campfire_upgraded":3,"win_rate":0,"timestamp":1532020347,"path_taken":["M","?","?","?","M","R","$","E","T","M","R","E","M","M","R","BOSS","M","M","?","?","?"],"build_version":"2018-07-18","purchased_purges":1,"victory":false,"max_hp_per_floor":[66,66,66,66,66,66,66,66,66,66,66,73,73,73,73,73,73,73,73,78,78,78],"card_choices":[{"not_picked":["Reflex","Bane"],"picked":"Noxious Fumes","floor":1},{"not_picked":["Endless Agony","Outmaneuver"],"picked":"Footwork","floor":4},{"not_picked":["Blade Dance","Accuracy"],"picked":"Crippling Poison","floor":5},{"not_picked":["Crippling Poison","All Out Attack"],"picked":"Noxious Fumes","floor":8},{"not_picked":["Acrobatics","Dagger Spray","Flying Knee"],"picked":"SKIP","floor":10},{"not_picked":["Cloak And Dagger","Doppelganger"],"picked":"Noxious Fumes","floor":12},{"not_picked":["Crippling Poison","Dodge and Roll"],"picked":"Cloak And Dagger","floor":13},{"not_picked":["Accuracy","All Out Attack"],"picked":"Deadly Poison","floor":14},{"not_picked":["Doppelganger","Wraith Form v2"],"picked":"Corpse Explosion","floor":16},{"not_picked":["Deadly Poison","Sucker Punch"],"picked":"Backflip","floor":18},{"not_picked":["PiercingWail","Endless Agony+1"],"picked":"Backflip","floor":19}],"player_experience":797922,"relics_obtained":[{"floor":8,"key":"War Paint"},{"floor":9,"key":"Snake Skull"},{"floor":12,"key":"Strawberry"}],"event_choices":[{"event_name":"Living Wall","player_choice":"Forget","floor":2,"damage_taken":0},{"event_name":"Purifier","player_choice":"One Purge","floor":3,"damage_taken":0},{"event_name":"Forgotten Altar","player_choice":"Shed Blood","floor":20,"damage_taken":0},{"event_name":"The Mausoleum","player_choice":"No","floor":21,"damage_taken":0}],"is_beta":true,"boss_relics":[{"not_picked":["Black Star","Orrery"],"picked":"Ring of the Serpent"}],"items_purged_floors":[7],"is_endless":false,"potions_floor_spawned":[1,12,16,19],"killed_by":"Slaver and Parasite","ascension_level":15}