{"gold_per_floor":[117,136,151,151,168,194,10,10,33,0,11,43,55,84,96,211,223,246,276,22,34,54,54],"floor_reached":23,"playtime":2508,"items_purged":[],"score":205,"play_id":"cb514d90-136a-40ad-96ed-c652f199e155","local_time":"20190210000200","is_ascension_mode":false,"campfire_choices":[{"floor":8,"key":"REST"},{"floor":15,"key":"REST"}],"neow_cost":"NONE","seed_source_timestamp":1870826942521555,"circlet_count":0,"master_deck":["Strike_B","Strike_B","Strike_B","Defend_B","Defend_B","Defend_B","Defend_B","Zap","Dualcast","Scrape","Chaos","Darkness","Heatsinks","Coolheaded","Barrage","Loop+1","BootSequence","Sunder","Redo","Recycle","Reprogram","Rainbow","Double Energy","Cold Snap","Static Discharge","Steam","Violence","Multi-Cast","Consume"],"relics":["Fusion Hammer","PreservedInsect","MawBank","Cursed Key"],"potions_floor_usage":[19,21,21,21],"damage_taken":[{"damage":0,"enemies":"Cultist","floor":1,"turns":4},{"damage":0,"enemies":"2 Louse","floor":2,"turns":2},{"damage":0,"enemies":"Small Slimes","floor":3,"turns":3},{"damage":7,"enemies":"2 Fungi Beasts","floor":5,"turns":4},{"damage":25,"enemies":"Lagavulin","floor":6,"turns":7},{"damage":11,"enemies":"Lots of Slimes","floor":11,"turns":4},{"damage":4,"enemies":"3 Sentries","floor":12,"turns":4},{"damage":9,"enemies":"Exordium Wildlife","floor":14,"turns":4},{"damage":37,"enemies":"Hexaghost","floor":16,"turns":7},{"damage":20,"enemies":"Shell Parasite","floor":18,"turns":5},{"damage":18,"enemies":"3 Byrds","floor":19,"turns":5},{"damage":15,"enemies":"3 Cultists","floor":21,"turns":6},{"damage":3,"enemies":"Centurion and Healer","floor":22,"turns":4},{"damage":33,"enemies":"Gremlin Leader","floor":23,"turns":5}],"seed_played":"-8083107910148435905","potions_obtained":[{"floor":1,"key":"Strength Potion"},{"floor":3,"key":"SteroidPotion"},{"floor":6,"key":"EssenceOfSteel"},{"floor":14,"key":"PowerPotion"},{"floor":19,"key":"Block Potion"}],"is_trial":false,"path_per_floor":["M","M","M","?","M","E","$","R","T","?","M","E","?","M","R","B",null,"M","M","$","M","M","E"],"character_chosen":"DEFECT","items_purchased":["Loop","BootSequence","Sunder","Static Discharge","Steam","Violence"],"campfire_rested":2,"item_purchase_floors":[7,7,7,20,20,20],"current_hp_per_floor":[75,75,75,75,68,43,43,65,65,65,54,50,50,41,63,26,75,55,37,37,22,19,0],"gold":54,"neow_bonus":"BOSS_RELIC","is_prod":false,"is_daily":false,"chose_seed":false,"campfire_upgraded":0,"win_rate":0,"timestamp":1549756920,"path_taken":["M","M","M","?","M","E","$","R","T","?","M","E","?","?","R","BOSS","M","M","$","M","M","E"],"build_version":"2019-01-23","purchased_purges":0,"victory":false,"max_hp_per_floor":[75,75,75,75,75,75,75,75,75,75,75,75,75,75,75,75,75,75,75,75,75,75,75],"card_choices":[{"not_picked":["Steam Power","Barrage"],"picked":"Scrape","floor":1},{"not_picked":["Ball Lightning","Scrape"],"picked":"Chaos","floor":2},{"not_picked":["Streamline","Beam Cell"],"picked":"Darkness","floor":3},{"not_picked":["Conserve Battery","Hologram"],"picked":"Coolheaded","floor":5},{"not_picked":["Undo","Streamline"],"picked":"Barrage","floor":6},{"not_picked":["Stack","Scrape"],"picked":"Redo","floor":11},{"not_picked":["Ball Lightning","Sweeping Beam"],"picked":"Recycle","floor":12},{"not_picked":["Stack","Conserve Battery"],"picked":"Reprogram","floor":14},{"not_picked":["Echo Form","Buffer"],"picked":"Rainbow","floor":16},{"not_picked":["Streamline+1","Turbo"],"picked":"Double Energy","floor":18},{"not_picked":["Reinforced Body","Reprogram"],"picked":"Cold Snap","floor":19},{"not_picked":["Leap+1","Streamline"],"picked":"Multi-Cast","floor":21},{"not_picked":["Gash+1","Fusion"],"picked":"Consume","floor":22}],"player_experience":452298,"relics_obtained":[{"floor":6,"key":"PreservedInsect"},{"floor":12,"key":"MawBank"}],"event_choices":[{"damage_healed":0,"gold_gain":0,"cards_transformed":["Strike_B"],"player_choice":"Change","damage_taken":0,"max_hp_gain":0,"max_hp_loss":0,"event_name":"Living Wall","floor":4,"gold_loss":0,"cards_obtained":["Heatsinks"]},{"damage_healed":0,"gold_gain":0,"player_choice":"Left Gold","damage_taken":0,"max_hp_gain":0,"max_hp_loss":0,"event_name":"World of Goop","floor":10,"gold_loss":33},{"damage_healed":0,"gold_gain":0,"player_choice":"Upgraded","damage_taken":0,"max_hp_gain":0,"max_hp_loss":0,"event_name":"Upgrade Shrine","floor":13,"gold_loss":0,"cards_upgraded":["Loop"]}],"is_beta":false,"boss_relics":[{"not_picked":["Coffee Dripper","Philosopher\u0027s Stone"],"picked":"Cursed Key"}],"items_purged_floors":[],"is_endless":false,"potions_floor_spawned":[1,3,6,14,19],"killed_by":"Gremlin Leader","ascension_level":0}