{"gold_per_floor":[116,116,21,21,21,21,50,50,50,70,145,170,170,202,202,302,302,322,322,322,24,37,67,67,100,100,135,135,153,178,79,79,178,178,193,205,27,72,92,92,92],"floor_reached":41,"playtime":1330,"items_purged":["Strike_R","Strike_R"],"score":537,"play_id":"8c7a23d0-8539-4c4a-b44d-c688ee61d8ac","local_time":"20180803185322","is_ascension_mode":true,"campfire_choices":[{"data":"Perfected Strike","floor":6,"key":"SMITH"},{"data":"Whirlwind","floor":8,"key":"SMITH"},{"data":"True Grit","floor":13,"key":"SMITH"},{"data":"Bash","floor":15,"key":"SMITH"},{"data":"Limit Break","floor":28,"key":"SMITH"},{"data":"Flex","floor":32,"key":"SMITH"},{"data":"Inflame","floor":40,"key":"SMITH"}],"neow_cost":"","seed_source_timestamp":809789661110392,"circlet_count":0,"master_deck":["Strike_R","Strike_R","Strike_R","Defend_R","Defend_R","Defend_R","Defend_R","Bash+1","Clothesline","Perfected Strike+1","True Grit+1","Whirlwind+1","Thunderclap+1","Limit Break+1","Headbutt+1","Pummel","Dropkick","Shrug It Off+1","Sword Boomerang","Anger","Anger+1","Flex+1","Shrug It Off","Twin Strike+1","Flex+1","Inflame+1","Clash+1","Inflame+1"],"relics":["Burning Blood","Red Skull","Sundial","Pen Nib","Kunai","Vajra","Omamori","Sozu","Nilry\u0027s Codex","Bag of Marbles","Ancient Tea Set","Matryoshka","Nunchaku","Bottled Lightning","Charon\u0027s Ashes","Juzu Bracelet","Whetstone","Runic Dome","Peace Pipe"],"potions_floor_usage":[33,41],"damage_taken":[{"damage":10,"enemies":"Jaw Worm","floor":1,"turns":5},{"damage":20,"enemies":"Gremlin Nob","floor":7,"turns":4},{"damage":0,"enemies":"Cultist","floor":10,"turns":3},{"damage":16,"enemies":"3 Sentries","floor":12,"turns":4},{"damage":6,"enemies":"Gremlin Nob","floor":14,"turns":3},{"damage":0,"enemies":"Slime Boss","floor":16,"turns":5},{"damage":13,"enemies":"Shell Parasite","floor":18,"turns":4},{"damage":10,"enemies":"Chosen","floor":22,"turns":3},{"damage":4,"enemies":"Gremlin Leader","floor":23,"turns":4},{"damage":7,"enemies":"Slavers","floor":25,"turns":2},{"damage":19,"enemies":"Gremlin Leader","floor":27,"turns":5},{"damage":0,"enemies":"Snecko","floor":29,"turns":2},{"damage":28,"enemies":"Automaton","floor":33,"turns":7},{"damage":0,"enemies":"Flame Bruiser 1 Orb","floor":35,"turns":2},{"damage":18,"enemies":"3 Darklings","floor":36,"turns":3},{"damage":30,"floor":38,"turns":4},{"damage":10,"enemies":"Sphere and 2 Shapes","floor":39,"turns":3},{"damage":55,"enemies":"Nemesis","floor":41,"turns":4}],"seed_played":"-8092091850688547310","potions_obtained":[{"floor":7,"key":"EssenceOfSteel"},{"floor":10,"key":"Dexterity Potion"}],"is_trial":false,"path_per_floor":["M","?","$","?","$","R","E","R","T","M","?","E","R","E","R","B",null,"M","?","?","$","M","E","?","E","T","E","R","M","T","$","R","B",null,"M","M","$","?","M","R"],"character_chosen":"IRONCLAD","items_purchased":["Perfected Strike","True Grit","Pummel","Dropkick","Bag of Marbles","Shrug It Off","Inflame"],"campfire_rested":0,"item_purchase_floors":[3,3,21,21,21,31,37],"current_hp_per_floor":[76,76,76,69,69,69,55,55,55,61,50,40,40,40,40,46,80,73,57,57,57,53,55,55,54,54,44,44,50,50,50,50,28,83,83,71,71,47,43,43,0],"gold":92,"neow_bonus":"","is_prod":false,"is_daily":false,"chose_seed":false,"campfire_upgraded":7,"win_rate":0,"timestamp":1533344002,"path_taken":["M","?","$","?","?","R","E","R","T","?","?","E","R","E","R","BOSS","M","?","?","$","M","E","?","E","T","E","R","?","?","$","R","BOSS","M","M","$","?","M","R","E"],"build_version":"2018-08-01","purchased_purges":2,"victory":false,"max_hp_per_floor":[80,80,80,80,80,80,80,80,80,80,80,80,80,80,80,80,80,80,80,80,80,80,80,80,80,80,83,83,83,83,83,83,83,83,83,83,83,83,83,83,83],"card_choices":[{"not_picked":["Clash","Body Slam"],"picked":"Clothesline","floor":1},{"not_picked":["Warcry","Body Slam"],"picked":"Whirlwind","floor":7},{"not_picked":["Carnage","Rampage"],"picked":"Thunderclap","floor":10},{"not_picked":["Bloodletting","Thunderclap","Cleave"],"picked":"SKIP","floor":12},{"not_picked":["Reckless Charge","Thunderclap","Rupture"],"picked":"SKIP","floor":14},{"not_picked":["Barricade","Double Tap"],"picked":"Limit Break","floor":16},{"not_picked":["Rupture","Havoc"],"picked":"Headbutt","floor":18},{"not_picked":["Warcry","Body Slam+1"],"picked":"Shrug It Off+1","floor":22},{"not_picked":["Disarm","Evolve"],"picked":"Sword Boomerang","floor":23},{"not_picked":["Iron Wave","Sever Soul"],"picked":"Anger","floor":25},{"not_picked":["True Grit","Sword Boomerang"],"picked":"Anger+1","floor":27},{"not_picked":["Second Wind+1","Clothesline"],"picked":"Flex","floor":29},{"not_picked":["Flame Barrier+1","Carnage"],"picked":"Twin Strike+1","floor":35},{"not_picked":["Flame Barrier","Body Slam+1"],"picked":"Flex+1","floor":36},{"not_picked":["Clothesline+1","Havoc+1"],"picked":"Clash+1","floor":38},{"not_picked":["Sentinel","Searing Blow"],"picked":"Inflame+1","floor":39}],"player_experience":940042,"relics_obtained":[{"floor":7,"key":"Pen Nib"},{"floor":9,"key":"Kunai"},{"floor":12,"key":"Vajra"},{"floor":14,"key":"Omamori"},{"floor":19,"key":"Nilry\u0027s Codex"},{"floor":23,"key":"Ancient Tea Set"},{"floor":25,"key":"Matryoshka"},{"floor":26,"key":"Nunchaku"},{"floor":26,"key":"Bottled Lightning"},{"floor":27,"key":"Charon\u0027s Ashes"},{"floor":30,"key":"Juzu Bracelet"},{"floor":30,"key":"Whetstone"},{"floor":38,"key":"Peace Pipe"}],"event_choices":[{"event_name":"Wheel of Change","player_choice":"Relic","floor":2,"damage_taken":0},{"event_name":"Scrap Ooze","player_choice":"success","floor":4,"damage_taken":7},{"event_name":"World of Goop","player_choice":"Gather Gold","floor":11,"damage_taken":0},{"event_name":"Cursed Tome","player_choice":"Obtained Book","floor":19,"damage_taken":0},{"event_name":"Forgotten Altar","player_choice":"Smashed Altar","floor":20,"damage_taken":0},{"event_name":"Ghosts","player_choice":"Ignored","floor":24,"damage_taken":0},{"event_name":"Mysterious Sphere","player_choice":"Fight","floor":38,"damage_taken":0}],"is_beta":true,"boss_relics":[{"not_picked":["Orrery","Astrolabe"],"picked":"Sozu"},{"not_picked":["White Beast Statue","Pandora\u0027s Box"],"picked":"Runic Dome"}],"items_purged_floors":[31,37],"is_endless":false,"potions_floor_spawned":[7,10,18,22,23,35,38],"killed_by":"Nemesis","ascension_level":1}