{"gold_per_floor":[114,127,141,152,77,77,109,109,156,170,29,29],"floor_reached":12,"playtime":434,"items_purged":["Decay"],"score":96,"play_id":"60fcdab2-c874-4edd-bc9a-6fd6727f8da9","local_time":"20190201032611","is_ascension_mode":true,"campfire_choices":[{"data":"Rainbow","floor":6,"key":"SMITH"}],"neow_cost":"CURSE","seed_source_timestamp":739104990947451,"circlet_count":0,"master_deck":["Strike_B+1","Strike_B+1","Strike_B","Defend_B","Defend_B","Defend_B","Defend_B","Zap","Dualcast","Biased Cognition","Tempest","Go for the Eyes","Consume","Rainbow+1","Turbo","Amplify","Heatsinks+1","Machine Learning+1"],"relics":["Cracked Core","Frozen Egg 2","Whetstone"],"potions_floor_usage":[12],"damage_taken":[{"damage":2,"enemies":"Cultist","floor":1,"turns":3},{"damage":2,"enemies":"Small Slimes","floor":2,"turns":3},{"damage":8,"enemies":"Jaw Worm","floor":3,"turns":3},{"damage":15,"enemies":"Large Slime","floor":4,"turns":3},{"damage":27,"enemies":"Gremlin Nob","floor":7,"turns":4},{"damage":0,"enemies":"2 Fungi Beasts","floor":10,"turns":2},{"damage":25,"enemies":"3 Sentries","floor":12,"turns":2}],"seed_played":"4395500049720510653","potions_obtained":[{"floor":1,"key":"Swift Potion"},{"floor":4,"key":"Poison Potion"}],"is_trial":false,"path_per_floor":["M","M","M","M","$","R","E","?","T","M","$","E"],"character_chosen":"DEFECT","items_purchased":["Machine Learning+1"],"campfire_rested":0,"item_purchase_floors":[11],"current_hp_per_floor":[73,71,63,48,48,48,21,21,21,21,21,0],"gold":29,"neow_bonus":"THREE_RARE_CARDS","is_prod":false,"is_daily":false,"chose_seed":false,"campfire_upgraded":1,"win_rate":0,"timestamp":1548987971,"path_taken":["M","M","M","?","?","R","E","?","T","M","$","E"],"build_version":"2019-01-23","purchased_purges":1,"victory":false,"max_hp_per_floor":[75,75,75,75,75,75,75,75,75,75,75,75],"card_choices":[{"not_picked":["Amplify","Multi-Cast"],"picked":"Biased Cognition","floor":0},{"not_picked":["Cold Snap","Streamline"],"picked":"Tempest","floor":1},{"not_picked":["Redo","Gash"],"picked":"Go for the Eyes","floor":2},{"not_picked":["Cold Snap","Beam Cell"],"picked":"Consume","floor":3},{"not_picked":["Self Repair","Leap"],"picked":"Rainbow","floor":4},{"not_picked":["Cold Snap","Rebound"],"picked":"Turbo","floor":7},{"not_picked":["Chill","Barrage"],"picked":"Heatsinks+1","floor":10}],"player_experience":119106,"relics_obtained":[{"floor":7,"key":"Frozen Egg 2"},{"floor":9,"key":"Whetstone"}],"event_choices":[{"damage_healed":0,"gold_gain":0,"cards_transformed":["Strike_B"],"player_choice":"Change","damage_taken":0,"max_hp_gain":0,"max_hp_loss":0,"event_name":"Living Wall","floor":8,"gold_loss":0,"cards_obtained":["Amplify"]}],"is_beta":false,"boss_relics":[],"items_purged_floors":[5],"is_endless":false,"potions_floor_spawned":[1,4],"killed_by":"3 Sentries","ascension_level":4}