{"gold_per_floor":[115,126,126,136,136,163,163,195,195,208,228,228,228,254,254,355,355,373,384,150,73,91,121,121,147,147,160,170,201,201,229,229,333,363,375,77,87,103,118,149,159,186,186,206,221,234,234,264,264,264],"floor_reached":51,"playtime":1780,"items_purged":[],"score":1414,"play_id":"96b6e1c7-ad0f-45ba-a8e4-f2c3d8b5b666","local_time":"20180629153850","daily_mods":["Draft","Hoarder"],"is_ascension_mode":true,"campfire_choices":[{"data":"Uppercut","floor":12,"key":"SMITH"},{"data":"Uppercut","floor":15,"key":"SMITH"},{"data":"Uppercut","floor":24,"key":"SMITH"},{"data":"Inflame","floor":30,"key":"SMITH"},{"data":"Perfected Strike","floor":32,"key":"SMITH"},{"floor":49,"key":"REST"}],"neow_cost":"","seed_source_timestamp":0,"circlet_count":0,"master_deck":["Battle Trance","Battle Trance","Battle Trance","Blood for Blood","Blood for Blood","Blood for Blood","Sword Boomerang","Sword Boomerang","Sword Boomerang","Twin Strike+1","Twin Strike","Twin Strike","Dropkick","Dropkick","Dropkick","Clothesline","Clothesline","Clothesline","Twin Strike","Twin Strike","Twin Strike","Shrug It Off","Shrug It Off","Shrug It Off","Feel No Pain","Feel No Pain","Feel No Pain","Burning Pact","Burning Pact","Burning Pact","Rampage","Rampage","Rampage","Twin Strike","Twin Strike","Twin Strike","Cleave","Cleave","Cleave","Twin Strike","Twin Strike","Twin Strike","Twin Strike","Twin Strike","Twin Strike","Pommel Strike","Pommel Strike","Pommel Strike","Blood for Blood","Blood for Blood","Blood for Blood","Uppercut+1","Uppercut+1","Uppercut+1","Wild Strike","Wild Strike","Wild Strike","Twin Strike","Twin Strike","Twin Strike","Disarm+1","Disarm+1","Disarm+1","Havoc+1","Havoc+1","Havoc+1","Impervious+1","Impervious+1","Impervious+1","Twin Strike","Twin Strike","Twin Strike","Wild Strike","Wild Strike","Wild Strike","Shockwave+1","Shockwave+1","Shockwave+1","Impervious+1","Impervious+1","Impervious+1","Twin Strike+1","Twin Strike+1","Twin Strike+1","Inflame+1","Inflame","Inflame","J.A.X.+1","J.A.X.+1","J.A.X.+1","Shrug It Off+1","Shrug It Off+1","Shrug It Off+1","Shrug It Off+1","Shrug It Off+1","Shrug It Off+1","Carnage+1","Carnage+1","Carnage+1","Wild Strike+1","Wild Strike+1","Wild Strike+1","Clothesline","Clothesline","Clothesline","Wild Strike+1","Wild Strike+1","Wild Strike+1","Perfected Strike+1","Perfected Strike","Perfected Strike","Bludgeon","Bludgeon","Bludgeon","Feel No Pain","Feel No Pain","Flame Barrier+1","Flame Barrier+1","Flame Barrier+1","Wild Strike","Wild Strike","Wild Strike","Shrug It Off+1","Shrug It Off+1","Shrug It Off+1","Pommel Strike+1","Pommel Strike+1","Pommel Strike+1","Pommel Strike+1","Pommel Strike+1","Pommel Strike+1","Offering+1","Offering+1","Offering+1","Armaments+1","Armaments+1","Armaments+1","Blood for Blood+1","Blood for Blood+1","Blood for Blood+1","Havoc+1","Havoc+1","Havoc+1","Clothesline+1","Clothesline+1","Clothesline+1","Sword Boomerang+1","Sword Boomerang+1","Sword Boomerang+1","Flame Barrier+1","Flame Barrier+1","Flame Barrier+1"],"relics":["Snecko Eye","Shuriken","Pear","Toxic Egg 2","Bronze Scales","Orrery","Omamori","Dream Catcher","Art of War","Sundial","Ice Cream","Potion Belt","Tiny House","Question Card","Ancient Tea Set","Toolbox","Paper Frog","Strawberry"],"potions_floor_usage":[11,16,23,33,33,33,33,33,33,35,46,46,50,50],"damage_taken":[{"damage":8,"enemies":"Small Slimes","floor":1,"turns":2},{"damage":0,"enemies":"2 Louse","floor":2,"turns":1},{"damage":0,"enemies":"Cultist","floor":4,"turns":1},{"damage":0,"enemies":"3 Sentries","floor":6,"turns":3},{"damage":0,"enemies":"Gremlin Nob","floor":8,"turns":1},{"damage":0,"enemies":"Lots of Slimes","floor":10,"turns":1},{"damage":6,"enemies":"3 Louse","floor":11,"turns":2},{"damage":4,"enemies":"3 Sentries","floor":14,"turns":3},{"damage":0,"enemies":"Slime Boss","floor":16,"turns":3},{"damage":0,"enemies":"Spheric Guardian","floor":18,"turns":4},{"damage":0,"enemies":"Shell Parasite","floor":19,"turns":2},{"damage":0,"enemies":"Snake Plant","floor":22,"turns":4},{"damage":0,"enemies":"Book of Stabbing","floor":23,"turns":3},{"damage":2,"enemies":"Slavers","floor":25,"turns":3},{"damage":12,"enemies":"Centurion and Healer","floor":27,"turns":4},{"damage":11,"enemies":"Snecko","floor":28,"turns":4},{"damage":7,"enemies":"Gremlin Leader","floor":29,"turns":2},{"damage":14,"enemies":"Slavers","floor":31,"turns":3},{"damage":10,"enemies":"Automaton","floor":33,"turns":4},{"damage":3,"enemies":"Orb Walker","floor":35,"turns":2},{"damage":6,"enemies":"3 Shapes","floor":37,"turns":3},{"damage":3,"enemies":"Flame Bruiser 2 Orb","floor":38,"turns":2},{"damage":13,"enemies":"Sphere and 2 Shapes","floor":39,"turns":4},{"damage":6,"enemies":"Giant Head","floor":40,"turns":4},{"damage":7,"enemies":"3 Darklings","floor":41,"turns":4},{"damage":22,"enemies":"2 Orb Walkers","floor":42,"turns":3},{"damage":0,"enemies":"Flame Bruiser 2 Orb","floor":44,"turns":1},{"damage":4,"enemies":"Maw","floor":45,"turns":4},{"damage":15,"enemies":"Spire Growth","floor":46,"turns":2},{"damage":12,"enemies":"Giant Head","floor":48,"turns":7},{"damage":40,"enemies":"Donu and Deca","floor":50,"turns":6}],"seed_played":"2910419270202702216","potions_obtained":[{"floor":2,"key":"Poison Potion"},{"floor":8,"key":"Dexterity Potion"},{"floor":11,"key":"EssenceOfSteel"},{"floor":14,"key":"Poison Potion"},{"floor":23,"key":"EntropicBrew"},{"floor":27,"key":"SteroidPotion"},{"floor":31,"key":"EssenceOfSteel"},{"floor":33,"key":"AttackPotion"},{"floor":34,"key":"FairyPotion"},{"floor":35,"key":"EssenceOfSteel"},{"floor":38,"key":"SteroidPotion"}],"is_trial":true,"path_per_floor":["M","M","?","M","$","E","?","E","T","M","M","R","?","E","R","B",null,"M","M","$","?","M","E","R","E","T","M","M","E","R","E","R","B",null,"M","$","M","M","M","E","M","E","T","M","M","M","?","E","R","B"],"character_chosen":"IRONCLAD","items_purchased":["Inflame","Omamori","Question Card","Wild Strike"],"campfire_rested":1,"item_purchase_floors":[20,20,36,36],"current_hp_per_floor":[72,72,72,72,72,72,77,87,87,87,81,81,81,77,77,77,95,95,95,95,95,95,95,95,93,93,81,70,63,63,49,49,39,100,97,97,91,88,75,69,62,40,40,40,36,26,26,21,53,13],"gold":264,"neow_bonus":"","is_prod":false,"is_daily":false,"chose_seed":false,"campfire_upgraded":5,"win_rate":0,"timestamp":1530308330,"path_taken":["M","M","?","M","$","E","?","E","T","?","M","R","?","E","R","BOSS","M","M","$","?","M","E","R","E","T","M","M","E","R","E","R","BOSS","M","$","M","M","M","E","M","E","T","M","M","M","?","E","R","BOSS"],"build_version":"2018-06-28","purchased_purges":0,"victory":true,"max_hp_per_floor":[80,80,80,80,80,80,85,95,95,95,95,95,95,95,95,95,95,95,95,95,95,95,95,95,95,95,95,95,95,95,95,95,95,100,100,100,100,100,100,100,100,100,100,100,100,100,100,107,107,107],"card_choices":[{"not_picked":["Sword Boomerang","Disarm"],"picked":"Battle Trance","floor":0},{"not_picked":["Heavy Blade","Thunderclap"],"picked":"Blood for Blood","floor":0},{"not_picked":["Disarm","Intimidate"],"picked":"Sword Boomerang","floor":0},{"not_picked":["Shockwave","Uppercut"],"picked":"Twin Strike","floor":0},{"not_picked":["Warcry","Flex"],"picked":"Dropkick","floor":0},{"not_picked":["Cleave","Spot Weakness"],"picked":"Clothesline","floor":0},{"not_picked":["Shrug It Off","Dual Wield"],"picked":"Twin Strike","floor":0},{"not_picked":["Entrench","Searing Blow"],"picked":"Shrug It Off","floor":0},{"not_picked":["Heavy Blade","Body Slam"],"picked":"Feel No Pain","floor":0},{"not_picked":["Sword Boomerang","Combust"],"picked":"Burning Pact","floor":0},{"not_picked":["Armaments","Anger"],"picked":"Rampage","floor":0},{"not_picked":["Anger","Iron Wave"],"picked":"Twin Strike","floor":0},{"not_picked":["Armaments","Sentinel"],"picked":"Cleave","floor":0},{"not_picked":["Intimidate","Sword Boomerang"],"picked":"Twin Strike","floor":0},{"not_picked":["Whirlwind","Cleave"],"picked":"Twin Strike","floor":0},{"not_picked":["Reckless Charge","Cleave","Headbutt"],"picked":"SKIP","floor":1},{"not_picked":["Iron Wave","Feel No Pain"],"picked":"Pommel Strike","floor":2},{"not_picked":["Heavy Blade","Shrug It Off"],"picked":"Blood for Blood","floor":4},{"not_picked":["Headbutt","Hemokinesis"],"picked":"Uppercut","floor":6},{"not_picked":["Headbutt","Inflame"],"picked":"Wild Strike","floor":8},{"not_picked":["Wild Strike","Feed"],"picked":"Twin Strike","floor":10},{"not_picked":["Warcry+1","Entrench+1"],"picked":"Disarm+1","floor":11},{"not_picked":["Sever Soul","Brutality"],"picked":"Havoc+1","floor":14},{"not_picked":["Exhume+1","Berserk"],"picked":"Impervious+1","floor":16},{"not_picked":["Metallicize","Sword Boomerang"],"picked":"Twin Strike","floor":17},{"not_picked":["Flex+1","True Grit+1"],"picked":"Wild Strike","floor":17},{"not_picked":["Pommel Strike","Sword Boomerang"],"picked":"Shockwave+1","floor":17},{"not_picked":["Wild Strike","Shrug It Off+1"],"picked":"Impervious+1","floor":17},{"not_picked":["Thunderclap","Flex+1"],"picked":"Twin Strike+1","floor":18},{"not_picked":["Disarm+1","Combust","Flex+1"],"picked":"SKIP","floor":19},{"not_picked":["Hemokinesis","Cleave"],"picked":"Shrug It Off+1","floor":22},{"not_picked":["Headbutt","Sentinel+1"],"picked":"Shrug It Off+1","floor":23},{"not_picked":["Heavy Blade","Headbutt"],"picked":"Carnage+1","floor":25},{"not_picked":["Rampage","Power Through+1"],"picked":"Wild Strike+1","floor":27},{"not_picked":["Entrench+1","Heavy Blade"],"picked":"Clothesline","floor":28},{"not_picked":["Disarm+1","Feed"],"picked":"Wild Strike+1","floor":29},{"not_picked":["True Grit+1","Spot Weakness+1"],"picked":"Perfected Strike","floor":31},{"not_picked":["Fiend Fire","Berserk"],"picked":"Bludgeon","floor":33},{"not_picked":["Clothesline","Dropkick"],"picked":"Feel No Pain","floor":34},{"not_picked":["Warcry+1","Wild Strike"],"picked":"Flame Barrier+1","floor":35},{"not_picked":["Thunderclap","Rampage","Twin Strike"],"picked":"Shrug It Off+1","floor":37},{"not_picked":["Second Wind+1","Clothesline","Sword Boomerang"],"picked":"Pommel Strike+1","floor":38},{"not_picked":["Clash+1","Iron Wave","Armaments+1"],"picked":"Pommel Strike+1","floor":39},{"not_picked":["Armaments+1","Clash+1","Rampage+1"],"picked":"Offering+1","floor":40},{"not_picked":["Iron Wave","Evolve","Clothesline"],"picked":"Armaments+1","floor":41},{"not_picked":["Seeing Red+1","Intimidate+1","Clothesline","Anger+1"],"picked":"SKIP","floor":42},{"not_picked":["Fire Breathing+1","Armaments+1","Cleave"],"picked":"Blood for Blood+1","floor":44},{"not_picked":["Wild Strike+1","Heavy Blade+1","Rage+1"],"picked":"Havoc+1","floor":45},{"not_picked":["Brutality","Seeing Red+1","Cleave+1"],"picked":"Clothesline+1","floor":46},{"not_picked":["Wild Strike+1","Clothesline","Sentinel+1"],"picked":"Sword Boomerang+1","floor":48},{"not_picked":["Burning Pact+1","Clothesline+1","Feel No Pain"],"picked":"Flame Barrier+1","floor":49}],"player_experience":738631,"relics_obtained":[{"floor":6,"key":"Shuriken"},{"floor":8,"key":"Pear"},{"floor":9,"key":"Toxic Egg 2"},{"floor":14,"key":"Bronze Scales"},{"floor":23,"key":"Dream Catcher"},{"floor":25,"key":"Art of War"},{"floor":26,"key":"Sundial"},{"floor":29,"key":"Ice Cream"},{"floor":31,"key":"Potion Belt"},{"floor":40,"key":"Ancient Tea Set"},{"floor":42,"key":"Toolbox"},{"floor":43,"key":"Paper Frog"},{"floor":48,"key":"Strawberry"}],"event_choices":[{"event_name":"The Cleric","player_choice":"Leave","floor":3,"damage_taken":0},{"event_name":"Big Fish","player_choice":"Donut","floor":7,"damage_taken":0},{"event_name":"Liars Game","player_choice":"disagreed","floor":13,"damage_taken":0},{"event_name":"Drug Dealer","player_choice":"Got JAXXED","floor":21,"damage_taken":0},{"event_name":"Falling","player_choice":"Removed Power","floor":47,"damage_taken":0}],"boss_relics":[{"not_picked":["Eternal Feather","Busted Crown"],"picked":"Orrery"},{"not_picked":["Velvet Choker","Pandora\u0027s Box"],"picked":"Tiny House"}],"items_purged_floors":[],"is_endless":false,"potions_floor_spawned":[2,8,11,14,23,27,28,31,33,35,38,42,45],"ascension_level":1}