{"gold_per_floor":[214,232,63,13,30,30,46,61,88,117,117,127,127,127,127,224,224,240,240,240,240,252,252,11,11],"floor_reached":25,"playtime":837,"items_purged":["Strike_B"],"score":201,"play_id":"d8e92cf1-144b-4763-9a1f-7a7e7a7d89fc","local_time":"20190131223349","is_ascension_mode":false,"campfire_choices":[{"data":"Defragment","floor":6.0,"key":"SMITH"},{"data":"Creative AI","floor":13,"key":"SMITH"},{"data":"Loop","floor":15,"key":"SMITH"},{"data":"Zap","floor":23,"key":"SMITH"}],"neow_cost":"NONE","seed_source_timestamp":97793991576651,"circlet_count":0,"master_deck":["Strike_B","Strike_B","Defend_B","Defend_B","Defend_B","Defend_B","Zap+1","Dualcast","Auto Shields","Defragment+1","Loop+1","Conserve Battery","Coolheaded","Creative AI+1","Ball Lightning","Leap+1","Storm","Undo","Ball Lightning"],"special_seed":0,"relics":["Cracked Core"],"potions_floor_usage":[25,25,25],"damage_taken":[{"damage":6.0,"enemies":"Cultist","floor":1.0,"turns":3.0},{"damage":6.0,"enemies":"Jaw Worm","floor":2.0,"turns":3.0},{"damage":0.0,"enemies":"Small Slimes","floor":5.0,"turns":3.0},{"damage":4.0,"enemies":"2 Fungi Beasts","floor":7.0,"turns":4.0},{"damage":9.0,"enemies":"Large Slime","floor":8.0,"turns":4.0},{"damage":8.0,"enemies":"Gremlin Nob","floor":10.0,"turns":6.0},{"damage":10,"enemies":"Blue Slaver","floor":12,"turns":4},{"damage":30,"enemies":"Slime Boss","floor":16,"turns":9},{"damage":1,"enemies":"Spheric Guardian","floor":18,"turns":5},{"damage":39,"enemies":"Colosseum Slavers","floor":19,"turns":7},{"damage":10,"enemies":"Shell Parasite","floor":22,"turns":8},{"damage":34,"enemies":"Gremlin Leader","floor":25,"turns":5}],"seed_played":"-4831462239482661524","potions_obtained":[{"floor":1.0,"key":"FocusPotion"},{"floor":2.0,"key":"Fire Potion"},{"floor":10,"key":"LiquidBronze"},{"floor":18,"key":"LiquidBronze"}],"is_trial":false,"path_per_floor":["M","M","$","?","M","R","M","M","T","E","?","M","R","?","R","B",null,"M","?","?","?","M","R","$","E"],"character_chosen":"DEFECT","items_purchased":["Loop","Conserve Battery","Storm","Undo","SkillPotion","Ball Lightning"],"campfire_rested":0,"item_purchase_floors":[3,3,24,24,24,24],"current_hp_per_floor":[69,63,63,63,63,63,59,50,50,42,42,32,32,32,32,2,75,74,35,35,35,25,25,25,0],"gold":11,"neow_bonus":"HUNDRED_GOLD","is_prod":false,"is_daily":false,"chose_seed":false,"campfire_upgraded":4,"win_rate":0,"timestamp":1548999229,"path_taken":["M","M","$","?","M","R","M","M","T","E","?","M","R","?","R","BOSS","M","?","?","?","M","R","$","E"],"build_version":"2019-01-23","purchased_purges":1,"victory":false,"max_hp_per_floor":[75,75,75,75,75,75,75,75,75,75,75,75,75,75,75,75,75,75,75,75,75,75,75,75,75],"card_choices":[{"not_picked":["Genetic Algorithm","Stack"],"picked":"Auto Shields","floor":1.0},{"not_picked":["Rebound","Compile Driver"],"picked":"Defragment","floor":2.0},{"not_picked":["Hologram","Streamline"],"picked":"Coolheaded","floor":5.0},{"not_picked":["Chill","Beam Cell"],"picked":"Creative AI","floor":7.0},{"not_picked":["Compile Driver","Redo","Stack"],"picked":"SKIP","floor":8.0},{"not_picked":["Scrape","Redo"],"picked":"Ball Lightning","floor":10},{"not_picked":["Coolheaded","Doom and Gloom","Beam Cell"],"picked":"SKIP","floor":12},{"not_picked":["Go for the Eyes","Redo","Genetic Algorithm+1"],"picked":"SKIP","floor":18},{"not_picked":["Darkness+1","Rebound"],"picked":"Leap+1","floor":22}],"player_experience":1286710,"relics_obtained":[],"event_choices":[{"cards_removed":["Strike_B"],"damage_healed":0.0,"max_hp_gain":0.0,"max_hp_loss":0.0,"gold_gain":0.0,"event_name":"The Cleric","player_choice":"Card Removal","floor":4.0,"gold_loss":50.0,"damage_taken":0.0},{"damage_healed":0,"gold_gain":0,"player_choice":"Fled","damage_taken":0,"max_hp_gain":0,"max_hp_loss":0,"event_name":"Scrap Ooze","floor":11,"gold_loss":0},{"damage_healed":0,"gold_gain":0,"player_choice":"Ignored","damage_taken":0,"max_hp_gain":0,"max_hp_loss":0,"event_name":"Golden Idol","floor":14,"gold_loss":0},{"damage_healed":0,"gold_gain":0,"player_choice":"Fight","damage_taken":0,"max_hp_gain":0,"max_hp_loss":0,"event_name":"Colosseum","floor":19,"gold_loss":0},{"damage_healed":0,"gold_gain":0,"player_choice":"Fled From Nobs","damage_taken":0,"max_hp_gain":0,"max_hp_loss":0,"event_name":"Colosseum","floor":19,"gold_loss":0},{"damage_healed":0,"gold_gain":0,"player_choice":"Ignored","damage_taken":0,"max_hp_gain":0,"max_hp_loss":0,"event_name":"Cursed Tome","floor":20,"gold_loss":0}],"is_beta":true,"boss_relics":[{"not_picked":["Coffee Dripper","Tiny House","Black Star"]}],"items_purged_floors":[3],"is_endless":false,"potions_floor_spawned":[1,2,10,18,19],"killed_by":"Gremlin Leader","ascension_level":0}