{"gold_per_floor":[112,124,138,157,157,184,184,200,200,200,200,200,228,238,238,238],"floor_reached":16,"playtime":785,"items_purged":[],"score":236,"play_id":"2338efe6-48a4-4f83-afa4-460aa84d9a67","local_time":"20181226231330","is_ascension_mode":true,"campfire_choices":[{"data":"Neutralize","floor":7,"key":"SMITH"},{"data":"Footwork","floor":10,"key":"SMITH"},{"floor":15,"key":"REST"}],"neow_cost":"NONE","seed_source_timestamp":271301806227447,"circlet_count":0,"master_deck":["AscendersBane","Defend_G","Defend_G","Defend_G","Defend_G","Defend_G","Strike_G","Strike_G","Strike_G","Strike_G","Strike_G","Survivor","Neutralize+1","Dodge and Roll","Quick Slash","Noxious Fumes+1","Footwork+1","Caltrops","Dagger Spray"],"relics":["Ring of the Snake","Dream Catcher","Smiling Mask","Mummified Hand","Ornamental Fan"],"potions_floor_usage":[4,11,12],"damage_taken":[{"damage":3,"enemies":"Small Slimes","floor":1,"turns":6},{"damage":0,"enemies":"Cultist","floor":2,"turns":5},{"damage":0,"enemies":"2 Louse","floor":3,"turns":3},{"damage":7,"enemies":"Lots of Slimes","floor":4,"turns":6},{"damage":24,"enemies":"3 Sentries","floor":6,"turns":8},{"damage":0,"enemies":"2 Fungi Beasts","floor":8,"turns":3},{"damage":0,"enemies":"Gremlin Nob","floor":11,"turns":2},{"damage":0,"enemies":"Gremlin Gang","floor":12,"turns":2},{"damage":9,"enemies":"Lagavulin","floor":13,"turns":8},{"damage":1,"enemies":"Large Slime","floor":14,"turns":6},{"damage":35,"enemies":"Slime Boss","floor":16,"turns":9}],"seed_played":"-5212160066354427673","potions_obtained":[{"floor":2,"key":"SkillPotion"},{"floor":4,"key":"SmokeBomb"},{"floor":8,"key":"SmokeBomb"}],"is_trial":false,"path_per_floor":["M","M","M","M","?","E","R","M","T","R","E","M","E","M","R","B"],"character_chosen":"THE_SILENT","items_purchased":[],"campfire_rested":1,"item_purchase_floors":[],"current_hp_per_floor":[56,56,56,49,49,25,25,25,25,25,25,25,16,15,34,0],"gold":238,"neow_bonus":"RANDOM_COMMON_RELIC","is_prod":false,"is_daily":false,"chose_seed":false,"campfire_upgraded":2,"win_rate":0,"timestamp":1545891210,"path_taken":["M","M","M","M","?","E","R","M","T","R","E","?","E","M","R","BOSS"],"build_version":"2018-12-25","purchased_purges":0,"victory":false,"max_hp_per_floor":[66,66,66,66,66,66,66,66,66,66,66,66,66,66,66,66],"card_choices":[{"not_picked":["Bane","Deadly Poison"],"picked":"Dodge and Roll","floor":1},{"not_picked":["Concentrate","Setup"],"picked":"Quick Slash","floor":2},{"not_picked":["Finisher","Dagger Spray"],"picked":"Noxious Fumes","floor":3},{"not_picked":["Tactician","Distraction","Backflip"],"picked":"SKIP","floor":4},{"not_picked":["Concentrate","Deflect","Eviscerate"],"picked":"SKIP","floor":6},{"not_picked":["Deflect","Catalyst"],"picked":"Footwork","floor":8},{"not_picked":["Outmaneuver","Setup"],"picked":"Caltrops","floor":13},{"not_picked":["Phantasmal Killer","Acrobatics","Underhanded Strike"],"picked":"SKIP","floor":14},{"not_picked":["Blade Dance","Reflex"],"picked":"Dagger Spray","floor":15}],"player_experience":1177330,"relics_obtained":[{"floor":6,"key":"Smiling Mask"},{"floor":9,"key":"Mummified Hand"},{"floor":13,"key":"Ornamental Fan"}],"event_choices":[{"damage_healed":0,"gold_gain":0,"player_choice":"Upgraded","damage_taken":0,"max_hp_gain":0,"max_hp_loss":0,"event_name":"Upgrade Shrine","floor":5,"gold_loss":0,"cards_upgraded":["Noxious Fumes"]}],"is_beta":true,"boss_relics":[],"items_purged_floors":[],"is_endless":false,"potions_floor_spawned":[2,4,8,11,12],"killed_by":"Slime Boss","ascension_level":18}