{"gold_per_floor":[116,136,147,147,102,102,167,167,235,251,280,280,298,373,373,478,478,495,495,513,530,541,541,560,593,619,629,629,629],"floor_reached":29,"playtime":1118,"items_purged":[],"score":270,"play_id":"97decd6a-e7dd-4dd4-925f-8282aa228966","local_time":"20181120153149","is_ascension_mode":true,"campfire_choices":[{"data":"Neutralize","floor":6,"key":"SMITH"},{"floor":8,"key":"REST"},{"floor":12,"key":"REST"},{"floor":15,"key":"REST"},{"data":"Malaise","floor":23,"key":"SMITH"}],"neow_cost":"NONE","seed_source_timestamp":22173784254272,"circlet_count":0,"master_deck":["Defend_G+1","Defend_G","Defend_G","Defend_G","Defend_G+1","Strike_G","Strike_G","Strike_G","Strike_G","Survivor","Neutralize+1","Dagger Spray","Deadly Poison","Deadly Poison","PiercingWail","Quick Slash","Quick Slash","Malaise+1","Deflect+1","Infinite Blades","Deadly Poison+1","Caltrops+1","PiercingWail+1"],"relics":["Ring of the Snake","NeowsBlessing","Tiny Chest","Mercury Hourglass","Sozu","Ginger","War Paint","Ornamental Fan"],"potions_floor_usage":[25],"damage_taken":[{"damage":0,"enemies":"Jaw Worm","floor":1,"turns":1},{"damage":0,"enemies":"2 Louse","floor":2,"turns":1},{"damage":0,"enemies":"Small Slimes","floor":3,"turns":1},{"damage":28,"enemies":"3 Sentries","floor":7,"turns":9},{"damage":11,"enemies":"Exordium Thugs","floor":10,"turns":6},{"damage":24,"enemies":"Gremlin Nob","floor":11,"turns":5},{"damage":12,"enemies":"Gremlin Gang","floor":13,"turns":3},{"damage":17,"enemies":"The Guardian","floor":16,"turns":9},{"damage":12,"enemies":"2 Thieves","floor":18,"turns":4},{"damage":0,"enemies":"3 Byrds","floor":20,"turns":4},{"damage":0,"enemies":"Centurion and Healer","floor":21,"turns":6},{"damage":6,"enemies":"Shelled Parasite and Fungi","floor":22,"turns":6},{"damage":15,"enemies":"Snake Plant","floor":24,"turns":4},{"damage":33,"enemies":"Slavers","floor":25,"turns":6},{"damage":0,"enemies":"3 Cultists","floor":27,"turns":4},{"damage":6,"enemies":"Sentry and Sphere","floor":29,"turns":2}],"seed_played":"6472975054305650666","potions_obtained":[{"floor":1,"key":"Swift Potion"},{"floor":11,"key":"Ancient Potion"},{"floor":13,"key":"Dexterity Potion"}],"is_trial":false,"path_per_floor":["M","M","M","?","$","R","E","R","T","M","E","R","M","?","R","B",null,"M","?","M","M","M","R","M","E","T","M","T","M"],"character_chosen":"THE_SILENT","items_purchased":["Deadly Poison"],"campfire_rested":3,"item_purchase_floors":[5],"current_hp_per_floor":[70,70,70,63,63,63,35,56,56,45,21,42,30,19,40,23,70,58,58,58,58,52,52,37,4,4,4,4,0],"gold":629,"neow_bonus":"THREE_ENEMY_KILL","is_prod":false,"is_daily":false,"chose_seed":false,"campfire_upgraded":2,"win_rate":0,"timestamp":1542735109,"path_taken":["M","M","M","?","$","R","E","R","T","M","E","R","M","?","R","BOSS","M","?","M","M","M","R","M","E","T","?","?","?"],"build_version":"2018-11-15","purchased_purges":0,"victory":false,"max_hp_per_floor":[70,70,70,70,70,70,70,70,70,70,70,70,70,70,70,70,70,70,70,70,70,70,70,70,70,70,70,70,70],"card_choices":[{"not_picked":["Predator","Prepared","Bane"],"picked":"SKIP","floor":1},{"not_picked":["Outmaneuver","Reflex"],"picked":"Dagger Spray","floor":2},{"not_picked":["Crippling Poison","Catalyst"],"picked":"Deadly Poison","floor":3},{"not_picked":["Poisoned Stab","Phantasmal Killer"],"picked":"PiercingWail","floor":7},{"not_picked":["Finisher","Acrobatics"],"picked":"Quick Slash","floor":10},{"not_picked":["Accuracy","Dodge and Roll","Underhanded Strike"],"picked":"SKIP","floor":11},{"not_picked":["Predator","Acrobatics"],"picked":"Quick Slash","floor":13},{"not_picked":["Phantasmal Killer","Wraith Form v2"],"picked":"Malaise","floor":16},{"not_picked":["Reflex","Dash"],"picked":"Deflect+1","floor":18},{"not_picked":["Bane","Poisoned Stab"],"picked":"Infinite Blades","floor":20},{"not_picked":["PiercingWail","Blade Dance"],"picked":"Deadly Poison+1","floor":21},{"not_picked":["Prepared","Distraction","Skewer"],"picked":"SKIP","floor":22},{"not_picked":["Prepared","Distraction","Skewer"],"picked":"SKIP","floor":22},{"not_picked":["Underhanded Strike","Quick Slash+1"],"picked":"Caltrops+1","floor":24},{"not_picked":["Calculated Gamble","Sucker Punch"],"picked":"PiercingWail+1","floor":25},{"not_picked":["Sucker Punch","Acrobatics","Leg Sweep"],"picked":"SKIP","floor":27}],"player_experience":151186,"relics_obtained":[{"floor":7,"key":"Tiny Chest"},{"floor":11,"key":"Mercury Hourglass"},{"floor":25,"key":"Ginger"},{"floor":26,"key":"War Paint"},{"floor":28,"key":"Ornamental Fan"}],"event_choices":[{"cards_removed":["Strike_G"],"damage_healed":0,"gold_gain":0,"player_choice":"Card Removal","damage_taken":7,"max_hp_gain":0,"max_hp_loss":0,"event_name":"Golden Wing","floor":4,"gold_loss":0},{"damage_healed":0,"gold_gain":75,"player_choice":"Gather Gold","damage_taken":11,"max_hp_gain":0,"max_hp_loss":0,"event_name":"World of Goop","floor":14,"gold_loss":0},{"damage_healed":0,"gold_gain":0,"player_choice":"Got Potions","damage_taken":0,"max_hp_gain":0,"max_hp_loss":0,"event_name":"Lab","floor":19,"gold_loss":0}],"is_beta":false,"boss_relics":[{"not_picked":["Velvet Choker","White Beast Statue"],"picked":"Sozu"}],"items_purged_floors":[],"is_endless":false,"potions_floor_spawned":[1,11,13,18,22,24],"killed_by":"Sentry and Sphere","ascension_level":1}