{"path_per_floor":["M","?","M","?","M","R","$","R","T","E","R","M","E","M","R","B",null,"M","M","?","?","?","?","R","?","T","M","E","?","E","$","R","B",null,"M","?","?","M","M","R","E","R","T","M","M","E","M","M","R","B"],"character_chosen":"THE_SILENT","items_purchased":["Catalyst","Footwork","Poisoned Stab","Noxious Fumes","Art of War"],"gold_per_floor":[218,218,237,237,257,257,23,23,78,109,109,127,156,171,171,246,246,211,231,231,231,231,231,231,156,238,257,282,282,308,16,16,94,94,107,107,107,119,132,132,167,167,222,234,247,277,294,309,309,309],"floor_reached":51,"campfire_rested":3,"playtime":2860,"item_purchase_floors":[7,7,7,31,31],"current_hp_per_floor":[49,38,37,37,37,37,37,37,37,35,35,29,29,29,29,26,59,53,48,48,48,27,6,27,27,27,26,10,10,8,8,19,19,33,26,26,26,25,25,25,5,17,17,28,36,35,37,39,39,35],"items_purged":["Strike_G","Defend_G"],"gold":309,"score":1415,"play_id":"f061ad1a-a46d-4244-8cc8-3e87ec9aa90f","local_time":"20180525015416","is_prod":false,"is_daily":false,"chose_seed":false,"is_ascension_mode":true,"campfire_upgraded":6,"win_rate":0,"timestamp":1527234856,"campfire_choices":[{"data":"Wraith Form v2","floor":6,"key":"SMITH"},{"data":"Catalyst","floor":8,"key":"SMITH"},{"data":"Noxious Fumes","floor":11,"key":"SMITH"},{"data":"Malaise","floor":15,"key":"SMITH"},{"floor":24,"key":"REST"},{"floor":32,"key":"REST"},{"data":"Wraith Form v2","floor":40,"key":"SMITH"},{"floor":42,"key":"REST"},{"data":"Noxious Fumes","floor":49,"key":"SMITH"}],"path_taken":["M","?","M","?","?","R","$","R","T","E","R","M","E","M","R","BOSS","M","M","?","?","?","?","R","?","T","M","E","?","E","$","R","BOSS","M","?","?","M","M","R","E","R","T","M","M","E","M","M","R","BOSS"],"build_version":"2018-05-23v2","seed_source_timestamp":37277165379324,"purchased_purges":2,"victory":true,"master_deck":["Defend_G","Defend_G","Defend_G","Defend_G","Strike_G","Survivor","Neutralize+1","AscendersBane","Malaise+1","Poisoned Stab+1","Wraith Form v2+1","Catalyst+1","Poisoned Stab","Noxious Fumes+1","Poisoned Stab","Wraith Form v2+1","Dash+1","Wraith Form v2+1","Flying Knee+1","Well Laid Plans","Ghostly","Ghostly","Ghostly","Ghostly","Ghostly","Bullet Time","Noxious Fumes+1","Die Die Die","Outmaneuver+1"],"max_hp_per_floor":[66,66,66,66,66,66,66,66,66,66,66,68,70,70,70,70,70,70,72,72,72,72,72,72,72,72,72,74,37,37,37,37,37,37,39,39,39,39,41,41,43,43,43,45,47,49,51,53,53,53],"relics":["Ring of the Snake","Potion Belt","Juzu Bracelet","Singing Bowl","Vajra","Astrolabe","Unceasing Top","Enchiridion","Ninja Scroll","Bag of Preparation","Whetstone","Art of War","Snecko Eye","Meat on the Bone","Tiny Chest","Thread and Needle"],"card_choices":[{"not_picked":["Dagger Throw","Dodge and Roll"],"picked":"Malaise","floor":1},{"not_picked":["Concentrate","Bane"],"picked":"Poisoned Stab","floor":3},{"not_picked":["Blur","Predator"],"picked":"Wraith Form v2","floor":5},{"not_picked":["Outmaneuver","Blur"],"picked":"Noxious Fumes","floor":10},{"not_picked":["Deflect","Poisoned Stab","Acrobatics"],"picked":"Singing Bowl","floor":12},{"not_picked":["Distraction","Grand Finale","PiercingWail"],"picked":"Singing Bowl","floor":13},{"not_picked":["All Out Attack","PiercingWail"],"picked":"Poisoned Stab","floor":14},{"not_picked":["After Image","Unload"],"picked":"Wraith Form v2","floor":16},{"not_picked":["Footwork","Outmaneuver"],"picked":"Flying Knee+1","floor":18},{"not_picked":["Backflip","Cloak And Dagger","Outmaneuver"],"picked":"Singing Bowl","floor":19},{"not_picked":["Sucker Punch","Acrobatics"],"picked":"Well Laid Plans","floor":27},{"not_picked":["Die Die Die","Malaise","Endless Agony"],"picked":"Singing Bowl","floor":28},{"not_picked":["Malaise","Dagger Throw"],"picked":"Bullet Time","floor":30},{"not_picked":["Envenom","Glass Knife"],"picked":"Die Die Die","floor":33},{"not_picked":["Escape Plan","Outmaneuver","Sucker Punch"],"picked":"Singing Bowl","floor":35},{"not_picked":["Crippling Poison","Expertise"],"picked":"Outmaneuver+1","floor":38},{"not_picked":["PiercingWail+1","Acrobatics","Underhanded Strike+1"],"picked":"Singing Bowl","floor":39},{"not_picked":["Flying Knee+1","Acrobatics","Heel Hook"],"picked":"Singing Bowl","floor":41},{"not_picked":["Dagger Spray+1","Backflip","Flying Knee+1"],"picked":"Singing Bowl","floor":44},{"not_picked":["A Thousand Cuts","Cloak And Dagger","Flechettes"],"picked":"Singing Bowl","floor":45},{"not_picked":["PiercingWail","Escape Plan+1","Dagger Throw"],"picked":"Singing Bowl","floor":46},{"not_picked":["Cloak And Dagger","Bane","Setup+1"],"picked":"Singing Bowl","floor":47},{"not_picked":["Slice+1","Finisher","Dagger Throw+1"],"picked":"Singing Bowl","floor":48}],"player_experience":603875,"potions_floor_usage":[10,12,12,16,16,19,27,45,45,50,50,50],"damage_taken":[{"damage":10,"enemies":"Small Slimes","floor":1,"turns":4},{"damage":1,"enemies":"Jaw Worm","floor":3,"turns":7},{"damage":0,"enemies":"2 Louse","floor":5,"turns":3},{"damage":2,"enemies":"Gremlin Nob","floor":10,"turns":5},{"damage":8,"enemies":"Gremlin Gang","floor":12,"turns":5},{"damage":2,"enemies":"3 Sentries","floor":13,"turns":7},{"damage":0,"enemies":"2 Fungi Beasts","floor":14,"turns":4},{"damage":13,"enemies":"Slime Boss","floor":16,"turns":11},{"damage":6,"enemies":"2 Thieves","floor":18,"turns":5},{"damage":7,"enemies":"Spheric Guardian","floor":19,"turns":7},{"damage":1,"enemies":"Chosen and Byrds","floor":27,"turns":6},{"damage":18,"enemies":"Book of Stabbing","floor":28,"turns":8},{"damage":2,"enemies":"Gremlin Leader","floor":30,"turns":7},{"damage":0,"enemies":"Champ","floor":33,"turns":11},{"damage":9,"enemies":"3 Shapes","floor":35,"turns":6},{"damage":1,"enemies":"Orb Walker","floor":38,"turns":3},{"damage":2,"enemies":"Transient","floor":39,"turns":5},{"damage":22,"enemies":"2 Orb Walkers","floor":41,"turns":9},{"damage":3,"enemies":"Spire Growth","floor":44,"turns":6},{"damage":6,"enemies":"Flame Bruiser 2 Orb","floor":45,"turns":8},{"damage":3,"enemies":"Giant Head","floor":46,"turns":8},{"damage":0,"enemies":"Transient","floor":47,"turns":5},{"damage":0,"enemies":"Maw","floor":48,"turns":8},{"damage":4,"enemies":"Awakened One","floor":50,"turns":13}],"relics_obtained":[{"floor":9,"key":"Juzu Bracelet"},{"floor":10,"key":"Singing Bowl"},{"floor":13,"key":"Vajra"},{"floor":23,"key":"Enchiridion"},{"floor":26,"key":"Ninja Scroll"},{"floor":28,"key":"Bag of Preparation"},{"floor":30,"key":"Whetstone"},{"floor":41,"key":"Meat on the Bone"},{"floor":43,"key":"Tiny Chest"},{"floor":46,"key":"Thread and Needle"}],"event_choices":[{"event_name":"Scrap Ooze","player_choice":"success","floor":2,"damage_taken":11},{"event_name":"The Lab","player_choice":"Got Potions","floor":4,"damage_taken":0},{"event_name":"The Mausoleum","player_choice":"No","floor":20,"damage_taken":0},{"event_name":"Wheel of Change","player_choice":"Relic","floor":21,"damage_taken":0},{"event_name":"Knowing Skull","player_choice":"POTION POTION ","floor":22,"damage_taken":0},{"event_name":"Cursed Tome","player_choice":"Obtained Book","floor":23,"damage_taken":0},{"event_name":"Beggar","player_choice":"Gave Gold","floor":25,"damage_taken":0},{"event_name":"Ghosts","player_choice":"Became a Ghost","floor":29,"damage_taken":0},{"event_name":"Mysterious Sphere","player_choice":"Ignore","floor":36,"damage_taken":0}],"boss_relics":[{"not_picked":["Tiny House","Eternal Feather"],"picked":"Astrolabe"},{"not_picked":["Calling Bell","Lizard Tail"],"picked":"Snecko Eye"}],"items_purged_floors":[7,31],"potions_floor_spawned":[5,10,12,13,27,28,30,35,39,41,45,48],"seed_played":"7476490773736325510","ascension_level":15,"potions_obtained":[{"floor":4,"key":"Fire Potion"},{"floor":4,"key":"Poison Potion"},{"floor":5,"key":"SpeedPotion"},{"floor":10,"key":"Weak Potion"},{"floor":12,"key":"Swift Potion"},{"floor":13,"key":"Regen Potion"},{"floor":27,"key":"Dexterity Potion"},{"floor":28,"key":"SpeedPotion"},{"floor":30,"key":"Weak Potion"},{"floor":35,"key":"Fire Potion"},{"floor":39,"key":"LiquidBronze"},{"floor":41,"key":"Poison Potion"},{"floor":45,"key":"GamblersBrew"},{"floor":48,"key":"Energy Potion"}],"is_trial":false}