{"gold_per_floor":[119,132,145,160,175,191,191,207,207,222,255,11,30,43,43,43],"floor_reached":16,"playtime":682,"items_purged":["Strike_B"],"score":116,"play_id":"15829e2a-56f3-4f0b-84b4-8a07ef22e1ac","local_time":"20181019201249","is_ascension_mode":true,"campfire_choices":[{"data":"Zap","floor":7.0,"key":"SMITH"},{"data":"Defragment","floor":15,"key":"SMITH"}],"neow_cost":"TEN_PERCENT_HP_LOSS","seed_source_timestamp":15778521451406,"circlet_count":0,"master_deck":["Strike_B","Strike_B","Strike_B","Defend_B","Defend_B","Defend_B","Defend_B","Zap+1","Dualcast","Gash","Steam","Gash","Core Surge","Double Energy","Self Repair","Biased Cognition","Defragment+1","Hologram","FTL","Go for the Eyes","Seek"],"special_seed":0,"relics":["Cracked Core","WingedGreaves","Matryoshka","Meat on the Bone"],"potions_floor_usage":[],"damage_taken":[{"damage":0.0,"enemies":"Cultist","floor":1.0,"turns":3.0},{"damage":0.0,"enemies":"Small Slimes","floor":2.0,"turns":3.0},{"damage":6.0,"enemies":"2 Louse","floor":3.0,"turns":2.0},{"damage":10.0,"enemies":"Looter","floor":4.0,"turns":4.0},{"damage":2.0,"enemies":"2 Fungi Beasts","floor":5.0,"turns":3.0},{"damage":5.0,"enemies":"Large Slime","floor":6.0,"turns":5.0},{"damage":8.0,"enemies":"3 Louse","floor":8.0,"turns":3.0},{"damage":5.0,"enemies":"Looter","floor":10.0,"turns":3.0},{"damage":30.0,"enemies":"3 Sentries","floor":11.0,"turns":9.0},{"damage":0.0,"enemies":"Exordium Wildlife","floor":13.0,"turns":3.0},{"damage":4.0,"enemies":"Exordium Thugs","floor":14.0,"turns":4.0},{"damage":36,"enemies":"The Guardian","floor":16,"turns":8}],"seed_played":"-8740741234838605790","potions_obtained":[{"floor":5.0,"key":"SpeedPotion"},{"floor":8.0,"key":"Fire Potion"},{"floor":10.0,"key":"SmokeBomb"},{"floor":13.0,"key":"SteroidPotion"}],"is_trial":false,"path_per_floor":["M","M","M","M","M","M","R","M","T","M","E","$","M","M","R"],"character_chosen":"DEFECT","items_purchased":["Defragment","Hologram","FTL"],"campfire_rested":0,"item_purchase_floors":[12,12,12],"current_hp_per_floor":[68,68,62,52,50,45,45,37,37,32,2,2,21,36,36,0],"gold":43,"neow_bonus":"ONE_RARE_RELIC","is_prod":false,"is_daily":false,"chose_seed":false,"campfire_upgraded":2,"win_rate":0,"timestamp":1539990769,"path_taken":["M","M","M","M","M","M","R","M","T","M","E","?","?","M","R","BOSS"],"build_version":"2018-10-18","purchased_purges":1,"victory":false,"max_hp_per_floor":[68,68,68,68,68,68,68,68,68,68,68,68,68,68,68,68],"card_choices":[{"not_picked":["Coolheaded","Rebound"],"picked":"Gash","floor":1.0},{"not_picked":["Rip and Tear","Hello World","Streamline"],"picked":"SKIP","floor":2.0},{"not_picked":["Barrage","Hello World"],"picked":"Steam","floor":3.0},{"not_picked":["Chaos","Beam Cell","Recycle"],"picked":"SKIP","floor":4.0},{"not_picked":["Ball Lightning","Compile Driver"],"picked":"Gash","floor":5.0},{"not_picked":["Ball Lightning","Compile Driver"],"picked":"Core Surge","floor":6.0},{"not_picked":["Sunder","Steam"],"picked":"Double Energy","floor":8.0},{"not_picked":["Barrage","Streamline"],"picked":"Self Repair","floor":10.0},{"not_picked":["Steam","Rebound"],"picked":"Biased Cognition","floor":11.0},{"not_picked":["Darkness","Blizzard"],"picked":"Go for the Eyes","floor":13.0},{"not_picked":["Beam Cell","Leap"],"picked":"Seek","floor":14.0}],"player_experience":94262,"relics_obtained":[{"floor":9.0,"key":"Matryoshka"},{"floor":11.0,"key":"Meat on the Bone"}],"event_choices":[],"is_beta":false,"boss_relics":[],"items_purged_floors":[12],"is_endless":false,"potions_floor_spawned":[5,8,10,13],"killed_by":"The Guardian","ascension_level":1}