{"gold_per_floor":[115,134,134,209,219,219,219,219,243,257,288,300,317,327,327,401,401,421,434,46,46,46,46,81,81,134,134,150,150,150,160,160,160],"floor_reached":33,"playtime":1429,"items_purged":["Strike_B"],"score":467,"play_id":"47d5de34-10ff-453a-81a8-b0a129f13553","local_time":"20180803161954","is_ascension_mode":true,"campfire_choices":[{"data":"Zap","floor":6,"key":"SMITH"},{"data":"Streamline","floor":8,"key":"SMITH"},{"data":"Go for the Eyes","floor":15,"key":"SMITH"},{"data":"Hologram","floor":23,"key":"SMITH"},{"data":"Undo","floor":27,"key":"SMITH"},{"data":"Hologram","floor":29,"key":"SMITH"},{"data":"Hologram","floor":32,"key":"SMITH"}],"neow_cost":"NONE","seed_source_timestamp":800482718441679,"circlet_count":0,"master_deck":["Strike_B","Strike_B","Defend_B","Defend_B","Defend_B","Defend_B","Zap+1","Dualcast","AscendersBane","Hologram+1","Conserve Battery","Auto Shields","Streamline+1","Hologram+1","Doom and Gloom+1","Go for the Eyes+1","Undo+1","Electrodynamics","Chill","Conserve Battery","FTL","Cold Snap","BootSequence","Ball Lightning+1","Glacier","Gash","Hologram+1"],"relics":["Cracked Core","Orichalcum","Turnip","Sozu","Vajra","Dead Branch","Whetstone","Lantern"],"potions_floor_usage":[5,10,11,13,19],"damage_taken":[{"damage":2,"enemies":"Jaw Worm","floor":1,"turns":3},{"damage":0,"enemies":"Small Slimes","floor":2,"turns":3},{"damage":1,"enemies":"2 Louse","floor":5,"turns":4},{"damage":3,"enemies":"Blue Slaver","floor":10,"turns":3},{"damage":5,"enemies":"3 Sentries","floor":11,"turns":6},{"damage":4,"enemies":"2 Fungi Beasts","floor":12,"turns":3},{"damage":0,"enemies":"Red Slaver","floor":13,"turns":4},{"damage":0,"enemies":"Blue Slaver","floor":14,"turns":4},{"damage":16,"enemies":"Slime Boss","floor":16,"turns":10},{"damage":12,"enemies":"Shell Parasite","floor":18,"turns":6},{"damage":0,"enemies":"3 Byrds","floor":19,"turns":4},{"damage":8,"enemies":"Book of Stabbing","floor":24,"turns":7},{"damage":0,"enemies":"Snake Plant","floor":28,"turns":4},{"damage":6,"enemies":"3 Cultists","floor":31,"turns":4},{"damage":40,"enemies":"Automaton","floor":33,"turns":10}],"seed_played":"7369708038851182378","potions_obtained":[{"floor":2,"key":"SkillPotion"},{"floor":5,"key":"Fruit Juice"},{"floor":10,"key":"Dexterity Potion"},{"floor":12,"key":"SpeedPotion"},{"floor":16,"key":"SteroidPotion"}],"is_trial":false,"path_per_floor":["M","M","?","?","M","R","?","R","T","M","E","M","M","M","R","B",null,"M","M","$","?","?","R","E","?","T","R","M","R","T","M","R"],"character_chosen":"DEFECT","items_purchased":["Vajra","FTL","Cold Snap","BootSequence"],"campfire_rested":0,"item_purchase_floors":[20,20,20,20],"current_hp_per_floor":[62,62,55,44,43,43,43,43,43,45,40,36,36,36,36,20,62,50,50,50,50,50,50,42,42,42,42,42,42,42,36,36,0],"gold":160,"neow_bonus":"THREE_CARDS","is_prod":false,"is_daily":false,"chose_seed":false,"campfire_upgraded":7,"win_rate":0,"timestamp":1533334794,"path_taken":["M","M","?","?","?","R","?","R","T","M","E","?","?","M","R","BOSS","M","M","$","?","?","R","E","?","T","R","M","R","?","M","R","BOSS"],"build_version":"2018-08-01","purchased_purges":1,"victory":false,"max_hp_per_floor":[71,71,71,71,71,71,71,71,71,76,76,76,76,76,76,76,76,76,76,76,76,76,76,76,76,76,76,76,76,76,76,76,76],"card_choices":[{"not_picked":["Coolheaded","Capacitor"],"picked":"Hologram","floor":0},{"not_picked":["Sweeping Beam","Reprogram"],"picked":"Conserve Battery","floor":1},{"not_picked":["Skim","Barrage"],"picked":"Auto Shields","floor":2},{"not_picked":["White Noise","Conserve Battery"],"picked":"Streamline","floor":5},{"not_picked":["Skim","Stack"],"picked":"Hologram","floor":10},{"not_picked":["Tempest","Stack"],"picked":"Doom and Gloom","floor":11},{"not_picked":["Gash","Reprogram"],"picked":"Go for the Eyes","floor":12},{"not_picked":["Reprogram","Multi-Cast","Rebound"],"picked":"SKIP","floor":13},{"not_picked":["Compile Driver","Doom and Gloom"],"picked":"Undo","floor":14},{"not_picked":["Thunder Strike","Multi-Cast"],"picked":"Electrodynamics","floor":16},{"not_picked":["Compile Driver","Hologram"],"picked":"Chill","floor":18},{"not_picked":["Skim","Barrage"],"picked":"Conserve Battery","floor":19},{"not_picked":["Rip and Tear","Steam Power"],"picked":"Glacier","floor":24},{"not_picked":["Sunder","Turbo"],"picked":"Gash","floor":28},{"not_picked":["Conserve Battery","Reprogram"],"picked":"Hologram","floor":31}],"player_experience":935881,"relics_obtained":[{"floor":9,"key":"Orichalcum"},{"floor":11,"key":"Turnip"},{"floor":24,"key":"Dead Branch"},{"floor":26,"key":"Whetstone"},{"floor":30,"key":"Lantern"}],"event_choices":[{"event_name":"Golden Wing","player_choice":"Card Removal","floor":3,"damage_taken":0},{"event_name":"World of Goop","player_choice":"Gather Gold","floor":4,"damage_taken":0},{"event_name":"Liars Game","player_choice":"disagreed","floor":7,"damage_taken":0},{"event_name":"The Library","player_choice":"Read","floor":21,"damage_taken":0},{"event_name":"Ghosts","player_choice":"Ignored","floor":22,"damage_taken":0},{"event_name":"The Mausoleum","player_choice":"No","floor":25,"damage_taken":0}],"is_beta":true,"boss_relics":[{"not_picked":["Nuclear Battery","Pandora\u0027s Box"],"picked":"Sozu"}],"items_purged_floors":[20],"is_endless":false,"potions_floor_spawned":[2,5,10,12,16,24],"killed_by":"Automaton","ascension_level":15}