{"gold_per_floor":[215,233,233,0,11,11,21,21,48,73,23,23,55,55,55,157,157,176,176,176,176,186,212,212],"floor_reached":24,"playtime":740,"items_purged":[],"score":300,"play_id":"fd70fe09-f846-4034-b19f-25adb5926308","local_time":"20181230211903","is_ascension_mode":true,"campfire_choices":[{"data":"Consume","floor":6,"key":"SMITH"},{"data":"Capacitor","floor":8,"key":"SMITH"},{"floor":15,"key":"REST"}],"neow_cost":"NONE","seed_source_timestamp":24449338333384,"circlet_count":0,"master_deck":["Strike_B","Strike_B","Strike_B","Strike_B","Defend_B","Defend_B","Defend_B","Defend_B","Zap+1","Dualcast+1","Leap","Genetic Algorithm","Capacitor+1","Consume+1","Sunder","Coolheaded","Double Energy","Compile Driver","Ball Lightning","Auto Shields","Machine Learning","Doom and Gloom+1","Capacitor","FTL","Barrage"],"relics":["Cracked Core","Bag of Marbles","Pen Nib","Shuriken","Bronze Scales","Sozu","Nilry\u0027s Codex","Sundial"],"potions_floor_usage":[13,23],"damage_taken":[{"damage":7,"enemies":"Small Slimes","floor":1,"turns":3},{"damage":0,"enemies":"Cultist","floor":2,"turns":4},{"damage":2,"enemies":"2 Louse","floor":5,"turns":2},{"damage":11,"enemies":"2 Fungi Beasts","floor":7,"turns":3},{"damage":7,"enemies":"Lagavulin","floor":10,"turns":6},{"damage":17,"enemies":"Gremlin Nob","floor":13,"turns":4},{"damage":12,"enemies":"The Guardian","floor":16,"turns":10},{"damage":7,"enemies":"Chosen","floor":18,"turns":3},{"damage":13,"enemies":"3 Byrds","floor":22,"turns":3},{"damage":22,"enemies":"Slavers","floor":23,"turns":3},{"damage":11,"enemies":"Snake Plant","floor":24,"turns":1}],"seed_played":"-4882057701127947424","potions_obtained":[{"floor":7,"key":"Block Potion"},{"floor":10,"key":"FearPotion"},{"floor":13,"key":"Explosive Potion"}],"is_trial":false,"path_per_floor":["M","M","?","$","M","R","M","R","T","E","$","?","E","?","R","B",null,"M","?","?","?","M","E","M"],"character_chosen":"DEFECT","items_purchased":["Capacitor","Consume","Sunder","Ball Lightning"],"campfire_rested":1,"item_purchase_floors":[4,4,4,11],"current_hp_per_floor":[61,61,61,61,59,59,48,48,48,41,41,41,24,24,46,34,65,58,42,42,42,29,7,0],"gold":212,"neow_bonus":"HUNDRED_GOLD","is_prod":false,"is_daily":false,"chose_seed":false,"campfire_upgraded":2,"win_rate":0,"timestamp":1546211943,"path_taken":["M","M","?","?","M","R","M","R","T","E","$","?","E","?","R","BOSS","M","?","?","?","?","E","M"],"build_version":"2018-12-20","purchased_purges":0,"victory":false,"max_hp_per_floor":[75,75,75,75,75,75,75,75,75,75,75,75,75,75,75,75,75,75,75,75,75,75,75,75],"card_choices":[{"not_picked":["Streamline","Tempest"],"picked":"Leap","floor":1},{"not_picked":["Cold Snap","Go for the Eyes"],"picked":"Genetic Algorithm","floor":2},{"not_picked":["Chill","Sweeping Beam"],"picked":"Coolheaded","floor":5},{"not_picked":["Steam","Turbo"],"picked":"Double Energy","floor":7},{"not_picked":["Consume","Heatsinks"],"picked":"Compile Driver","floor":10},{"not_picked":["Storm","Turbo"],"picked":"Auto Shields","floor":13},{"not_picked":["Thunder Strike","Meteor Strike"],"picked":"Machine Learning","floor":16},{"not_picked":["Gash+1","Leap"],"picked":"Doom and Gloom+1","floor":18},{"not_picked":["Tempest","Blizzard"],"picked":"FTL","floor":22},{"not_picked":["White Noise","Steam"],"picked":"Barrage","floor":23}],"player_experience":282070,"relics_obtained":[{"floor":9,"key":"Bag of Marbles"},{"floor":10,"key":"Pen Nib"},{"floor":13,"key":"Bronze Scales"},{"floor":19,"key":"Nilry\u0027s Codex"},{"floor":23,"key":"Sundial"}],"event_choices":[{"damage_healed":0,"gold_gain":0,"player_choice":"Upgraded","damage_taken":0,"max_hp_gain":0,"max_hp_loss":0,"event_name":"Upgrade Shrine","floor":3,"gold_loss":0,"cards_upgraded":["Zap"]},{"damage_healed":0,"gold_gain":0,"player_choice":"Searched \u00271\u0027 times","damage_taken":0,"relics_obtained":["Shuriken"],"max_hp_gain":0,"max_hp_loss":0,"event_name":"Dead Adventurer","floor":12,"gold_loss":0},{"damage_healed":0,"gold_gain":0,"player_choice":"Grow","damage_taken":0,"max_hp_gain":0,"max_hp_loss":0,"event_name":"Living Wall","floor":14,"gold_loss":0,"cards_upgraded":["Dualcast"]},{"damage_healed":0,"gold_gain":0,"player_choice":"Obtained Book","damage_taken":16,"max_hp_gain":0,"max_hp_loss":0,"event_name":"Cursed Tome","floor":19,"gold_loss":0},{"damage_healed":0,"gold_gain":0,"player_choice":"Read","damage_taken":0,"max_hp_gain":0,"max_hp_loss":0,"event_name":"The Library","floor":20,"gold_loss":0,"cards_obtained":["Capacitor"]},{"damage_healed":0,"gold_gain":0,"player_choice":"Got Potions","damage_taken":0,"max_hp_gain":0,"max_hp_loss":0,"event_name":"Lab","floor":21,"gold_loss":0}],"is_beta":false,"boss_relics":[{"not_picked":["Nuclear Battery","Astrolabe"],"picked":"Sozu"}],"items_purged_floors":[],"is_endless":false,"potions_floor_spawned":[7,10,13],"killed_by":"Snake Plant","ascension_level":7}