{"gold_per_floor":[118,118,118,138,148,174,192,192,192,192,192,142,152,182,182,280,280,296,11,23,23,37,37,55,65,65,65,65,75,106,31,31,127,127,144,159,159,39,39,66,66,78,78,78,78],"floor_reached":45,"playtime":4631,"items_purged":["Skewer"],"score":498,"play_id":"96257a4c-0ad4-4448-b9e2-dfc65f7a3fbc","local_time":"20181013104043","is_ascension_mode":false,"campfire_choices":[{"data":"Neutralize","floor":8,"key":"SMITH"},{"floor":11,"key":"REST"},{"data":"Envenom","floor":15,"key":"SMITH"},{"data":"A Thousand Cuts","floor":23,"key":"SMITH"},{"data":"Bane","floor":27,"key":"SMITH"},{"floor":32,"key":"REST"},{"data":"Finisher","floor":41,"key":"SMITH"},{"data":"Survivor","floor":44,"key":"SMITH"}],"neow_cost":"PERCENT_DAMAGE","seed_source_timestamp":3324723705101,"circlet_count":0,"master_deck":["Defend_G","Defend_G","Strike_G+1","Strike_G+1","Strike_G+1","Survivor+1","Neutralize+1","Backflip+1","Skewer","PiercingWail","Flying Knee","Envenom+1","A Thousand Cuts+1","Bane+1","Acrobatics+1","Endless Agony","Blade Dance+1","Blade Dance+1","Flash of Steel","Well Laid Plans","Noxious Fumes","Night Terror+1","Terror+1","Madness+1","Prepared+1","Blur+1","Finisher+1","Dagger Spray+1"],"relics":["Ring of the Snake","FossilizedHelix","PreservedInsect","Happy Flower","Meat on the Bone","White Beast Statue","Toxic Egg 2","Bottled Lightning","Whetstone","Empty Cage","Gremlin Horn","Bottled Tornado"],"potions_floor_usage":[6,16,16,25,30,33,33,33,36,40,40],"damage_taken":[{"damage":0,"enemies":"2 Louse","floor":1,"turns":3},{"damage":0,"enemies":"Small Slimes","floor":4,"turns":4},{"damage":0,"enemies":"Jaw Worm","floor":5,"turns":5},{"damage":23,"enemies":"3 Sentries","floor":6,"turns":12},{"damage":0,"enemies":"Blue Slaver","floor":7,"turns":6},{"damage":0,"enemies":"3 Louse","floor":13,"turns":3},{"damage":0,"enemies":"Gremlin Nob","floor":14,"turns":3},{"damage":9,"enemies":"The Guardian","floor":16,"turns":10},{"damage":9,"enemies":"3 Byrds","floor":18,"turns":6},{"damage":7,"enemies":"2 Thieves","floor":20,"turns":4},{"damage":6,"enemies":"Shelled Parasite and Fungi","floor":22,"turns":8},{"damage":0,"enemies":"Chosen and Byrds","floor":24,"turns":5},{"damage":6,"enemies":"Snecko","floor":25,"turns":6},{"damage":19,"enemies":"3 Cultists","floor":29,"turns":5},{"damage":33,"enemies":"Slavers","floor":30,"turns":6},{"damage":42,"enemies":"Collector","floor":33,"turns":9},{"damage":13,"enemies":"3 Shapes","floor":35,"turns":5},{"damage":39,"enemies":"3 Darklings","floor":36,"turns":5},{"damage":10,"enemies":"Giant Head","floor":40,"turns":6},{"damage":15,"enemies":"Transient","floor":42,"turns":5},{"damage":32,"enemies":"4 Shapes","floor":45,"turns":3}],"seed_played":"-259247221304646742","potions_obtained":[{"floor":5,"key":"Ancient Potion"},{"floor":6,"key":"Block Potion"},{"floor":7,"key":"PowerPotion"},{"floor":13,"key":"PowerPotion"},{"floor":14,"key":"GhostInAJar"},{"floor":18,"key":"Energy Potion"},{"floor":20,"key":"Swift Potion"},{"floor":21,"key":"Regen Potion"},{"floor":25,"key":"GamblersBrew"},{"floor":30,"key":"EssenceOfSteel"},{"floor":33,"key":"SkillPotion"},{"floor":35,"key":"GamblersBrew"},{"floor":36,"key":"Weak Potion"},{"floor":40,"key":"SteroidPotion"},{"floor":42,"key":"LiquidBronze"}],"is_trial":false,"path_per_floor":["M","?","?","M","M","E","M","R","T","?","R","?","M","E","R","B",null,"M","$","M","?","M","R","M","M","T","R","?","M","E","?","R","B",null,"M","M","?","$","?","E","R","M","T","R"],"character_chosen":"THE_SILENT","items_purchased":["Toxic Egg 2","Acrobatics+1","Prepared+1"],"campfire_rested":2,"item_purchase_floors":[19,19,38],"current_hp_per_floor":[49,49,49,49,49,26,26,26,26,12,33,33,33,33,33,36,70,61,61,54,54,48,48,48,42,42,42,42,35,26,26,47,17,70,57,30,30,30,30,32,32,29,29,29,0],"gold":78,"neow_bonus":"ONE_RARE_RELIC","is_prod":false,"is_daily":false,"chose_seed":false,"campfire_upgraded":6,"win_rate":0,"timestamp":1539438043,"path_taken":["M","?","?","M","M","E","M","R","T","?","R","?","?","E","R","BOSS","M","$","M","?","?","R","?","M","T","R","?","M","E","?","R","BOSS","M","M","?","$","?","E","R","?","T","R","M"],"build_version":"2018-10-11","purchased_purges":1,"victory":false,"max_hp_per_floor":[70,70,70,70,70,70,70,70,70,70,70,70,70,70,70,70,70,70,70,70,70,70,70,70,70,70,70,70,70,70,70,70,70,70,70,70,70,70,70,70,70,70,70,70,70],"card_choices":[{"not_picked":["Blur","Masterful Stab"],"picked":"Backflip","floor":1},{"not_picked":["Slice","Prepared"],"picked":"Skewer","floor":4},{"not_picked":["Masterful Stab","Sucker Punch","Outmaneuver"],"picked":"SKIP","floor":5},{"not_picked":["Unload","Caltrops"],"picked":"PiercingWail","floor":6},{"not_picked":["Sucker Punch","Slice"],"picked":"Flying Knee","floor":7},{"not_picked":["Dodge and Roll","Deflect"],"picked":"Skewer","floor":13},{"not_picked":["Deadly Poison","Blade Dance"],"picked":"Envenom","floor":14},{"not_picked":["Burst","Adrenaline"],"picked":"A Thousand Cuts","floor":16},{"not_picked":["Deadly Poison","Slice"],"picked":"Bane","floor":18},{"not_picked":["Tactician+1","Bouncing Flask+1"],"picked":"Endless Agony","floor":20},{"not_picked":["Quick Slash","Infinite Blades"],"picked":"Blade Dance+1","floor":22},{"not_picked":["Sucker Punch+1","Deflect+1","Masterful Stab"],"picked":"SKIP","floor":24},{"not_picked":["Backstab","Slice+1"],"picked":"Blade Dance+1","floor":25},{"not_picked":["Poisoned Stab","Expertise+1","Sucker Punch"],"picked":"SKIP","floor":29},{"not_picked":["Deflect+1","Doppelganger+1"],"picked":"Noxious Fumes","floor":30},{"not_picked":["A Thousand Cuts","Envenom"],"picked":"Night Terror+1","floor":33},{"not_picked":["Flying Knee","Underhanded Strike"],"picked":"Terror+1","floor":35},{"not_picked":["Sucker Punch+1","Choke+1","Deadly Poison+1"],"picked":"SKIP","floor":36},{"not_picked":["Trip+1","Flash of Steel"],"picked":"Madness+1","floor":37},{"not_picked":["Calculated Gamble+1","Masterful Stab+1"],"picked":"Finisher","floor":40},{"not_picked":["Well Laid Plans+1","Leg Sweep+1"],"picked":"Dagger Spray+1","floor":42}],"player_experience":26004,"relics_obtained":[{"floor":6,"key":"PreservedInsect"},{"floor":9,"key":"Happy Flower"},{"floor":14,"key":"Meat on the Bone"},{"floor":26,"key":"Bottled Lightning"},{"floor":30,"key":"Whetstone"},{"floor":40,"key":"Gremlin Horn"},{"floor":43,"key":"Bottled Tornado"}],"event_choices":[{"event_name":"Living Wall","player_choice":"Change","floor":2,"damage_taken":0},{"event_name":"Liars Game","player_choice":"disagreed","floor":3,"damage_taken":0},{"event_name":"Shining Light","player_choice":"Entered Light","floor":10,"damage_taken":0},{"event_name":"The Cleric","player_choice":"Card Removal","floor":12,"damage_taken":0},{"event_name":"The Lab","player_choice":"Got Potions","floor":21,"damage_taken":0},{"event_name":"Match and Keep!","player_choice":"2 cards matched","floor":28,"damage_taken":0},{"event_name":"Beggar","player_choice":"Gave Gold","floor":31,"damage_taken":0},{"event_name":"SensoryStone","player_choice":"Memory 1","floor":37,"damage_taken":0},{"event_name":"Transmorgrifier","player_choice":"Transform","floor":39,"damage_taken":0}],"is_beta":false,"boss_relics":[{"not_picked":["Sozu","Philosopher\u0027s Stone"],"picked":"White Beast Statue"},{"not_picked":["Cursed Key","Orrery"],"picked":"Empty Cage"}],"items_purged_floors":[38],"is_endless":false,"potions_floor_spawned":[5,6,7,13,14,18,20,22,24,25,29,30,33,35,36,40,42],"killed_by":"4 Shapes","ascension_level":0}