{"gold_per_floor":[111,36,36,1,20,20,40,40,64,64,77,107,7,32,32,106,106,118,118,137,47,60,60,77,104,104,104,115,128,128,161,161,161],"floor_reached":33,"playtime":2750,"items_purged":["Strike_R","Strike_R"],"score":487,"play_id":"e386c4c6-e087-49ed-b0e3-90279b211801","local_time":"20190217235528","is_ascension_mode":true,"campfire_choices":[{"data":"Carnage","floor":6,"key":"SMITH"},{"data":"Bash","floor":8,"key":"SMITH"},{"data":"Limit Break","floor":15,"key":"SMITH"},{"floor":23,"key":"REST"},{"floor":27,"key":"REST"},{"floor":30,"key":"REST"},{"floor":32,"key":"REST"}],"neow_cost":"NONE","seed_source_timestamp":75417304376987,"circlet_count":0,"master_deck":["AscendersBane","Strike_R","Strike_R+1","Defend_R","Defend_R","Defend_R","Defend_R+1","Bash+1","Battle Trance+1","Carnage+1","Inflame","Ghostly Armor","Limit Break+1","Offering","Heavy Blade","Disarm","Uppercut","Flex"],"relics":["Burning Blood","Bronze Scales","Boot","Dream Catcher","Busted Crown","Juzu Bracelet","Bottled Flame","Shuriken"],"potions_floor_usage":[16,25,25,29],"damage_taken":[{"damage":12,"enemies":"Small Slimes","floor":1,"turns":3},{"damage":4,"enemies":"Jaw Worm","floor":5,"turns":4},{"damage":1,"enemies":"Cultist","floor":7,"turns":3},{"damage":15,"enemies":"3 Louse","floor":11,"turns":3},{"damage":20,"enemies":"Lagavulin","floor":12,"turns":4},{"damage":15,"enemies":"3 Sentries","floor":14,"turns":6},{"damage":48,"enemies":"Slime Boss","floor":16,"turns":9},{"damage":18,"enemies":"3 Byrds","floor":18,"turns":4},{"damage":8,"enemies":"Chosen","floor":20,"turns":3},{"damage":24,"enemies":"Snecko","floor":22,"turns":3},{"damage":23,"enemies":"Shelled Parasite and Fungi","floor":24,"turns":5},{"damage":32,"enemies":"Slavers","floor":25,"turns":5},{"damage":20,"enemies":"Centurion and Healer","floor":28,"turns":5},{"damage":19,"enemies":"Cultist and Chosen","floor":29,"turns":7},{"damage":19,"enemies":"Book of Stabbing","floor":31,"turns":5},{"damage":60,"enemies":"Automaton","floor":33,"turns":6}],"seed_played":"3876879689353732395","potions_obtained":[{"floor":5,"key":"Swift Potion"},{"floor":12,"key":"FearPotion"},{"floor":14,"key":"Regen Potion"},{"floor":18,"key":"Fire Potion"},{"floor":24,"key":"AttackPotion"},{"floor":25,"key":"Weak Potion"}],"is_trial":false,"path_per_floor":["M","$","?","?","M","R","M","R","T","$","M","E","$","E","R","B",null,"M","?","M","?","M","R","M","E","T","R","M","M","R","E","R","B"],"character_chosen":"IRONCLAD","items_purchased":[],"campfire_rested":4,"item_purchase_floors":[],"current_hp_per_floor":[74,74,56,78,80,80,85,85,85,85,76,62,62,53,53,26,73,61,44,42,42,24,51,34,8,8,35,21,8,35,22,49,0],"gold":161,"neow_bonus":"TEN_PERCENT_HP_BONUS","is_prod":false,"is_daily":false,"chose_seed":false,"campfire_upgraded":3,"win_rate":0,"timestamp":1550469328,"path_taken":["M","$","?","?","M","R","M","R","T","?","?","E","$","E","R","BOSS","M","?","M","?","M","R","?","E","T","R","M","M","R","E","R","BOSS"],"build_version":"2019-01-23","purchased_purges":2,"victory":false,"max_hp_per_floor":[88,88,88,88,88,88,88,88,88,88,88,88,88,88,88,88,88,88,93,93,93,93,93,93,93,93,93,93,93,93,93,93,93],"card_choices":[{"not_picked":["Shrug It Off","Armaments"],"picked":"Battle Trance","floor":1},{"not_picked":["Intimidate","Body Slam"],"picked":"Carnage","floor":5},{"not_picked":["Heavy Blade","True Grit","Clothesline"],"picked":"SKIP","floor":7},{"not_picked":["True Grit","Perfected Strike"],"picked":"Inflame","floor":11},{"not_picked":["Thunderclap","Evolve"],"picked":"Ghostly Armor","floor":12},{"not_picked":["Bludgeon","Cleave"],"picked":"Limit Break","floor":14},{"not_picked":["Feed","Exhume"],"picked":"Offering","floor":16},{"not_picked":["Clash"],"picked":"SKIP","floor":18},{"not_picked":[],"picked":"Heavy Blade","floor":20},{"not_picked":["Warcry"],"picked":"SKIP","floor":22},{"not_picked":[],"picked":"Disarm","floor":23},{"not_picked":[],"picked":"Uppercut","floor":24},{"not_picked":["Cleave"],"picked":"SKIP","floor":25},{"not_picked":["Pommel Strike"],"picked":"SKIP","floor":28},{"not_picked":["Twin Strike"],"picked":"SKIP","floor":29},{"not_picked":[],"picked":"Flex","floor":31}],"player_experience":405412,"relics_obtained":[{"floor":9,"key":"Bronze Scales"},{"floor":12,"key":"Boot"},{"floor":14,"key":"Dream Catcher"},{"floor":25,"key":"Juzu Bracelet"},{"floor":26,"key":"Bottled Flame"},{"floor":31,"key":"Shuriken"}],"event_choices":[{"damage_healed":0,"gold_gain":0,"player_choice":"Entered Light","damage_taken":18,"max_hp_gain":0,"max_hp_loss":0,"event_name":"Shining Light","floor":3,"gold_loss":0,"cards_upgraded":["Strike_R","Battle Trance"]},{"damage_healed":22,"gold_gain":0,"player_choice":"Healed","damage_taken":0,"max_hp_gain":0,"max_hp_loss":0,"event_name":"The Cleric","floor":4,"gold_loss":35},{"damage_healed":0,"gold_gain":0,"player_choice":"Shed Blood","damage_taken":22,"max_hp_gain":5,"max_hp_loss":0,"event_name":"Forgotten Altar","floor":19,"gold_loss":0},{"cards_removed":["Strike_R"],"damage_healed":0,"gold_gain":0,"player_choice":"Upgrade and Remove","damage_taken":0,"max_hp_gain":0,"max_hp_loss":0,"event_name":"Designer","floor":21,"gold_loss":90,"cards_upgraded":["Defend_R"]}],"is_beta":false,"boss_relics":[{"not_picked":["Runic Dome","Empty Cage"],"picked":"Busted Crown"}],"items_purged_floors":[2,13],"is_endless":false,"potions_floor_spawned":[5,12,14,18,24,25],"killed_by":"Automaton","ascension_level":13}