{"gold_per_floor":[119,142,242,261,277,277,296,315,315,315,38,38,48,83,83,185,185,198,113,113,129,141,175,175,185,210,227,227,227,227,243,243,243],"floor_reached":33,"playtime":1051,"items_purged":["Strike_R"],"score":282,"play_id":"df9d2e5a-c19a-4226-8874-4fe7904af6cb","local_time":"20190201174601","is_ascension_mode":true,"campfire_choices":[{"data":"Rage","floor":6.0,"key":"SMITH"},{"data":"Dropkick","floor":10.0,"key":"SMITH"},{"data":"Dropkick","floor":15.0,"key":"SMITH"},{"floor":30,"key":"REST"},{"floor":32,"key":"REST"}],"neow_cost":"NONE","seed_source_timestamp":35426387409534,"circlet_count":0,"master_deck":["Strike_R","Strike_R","Defend_R","Defend_R","Defend_R","Defend_R","Bash+1","Rage+1","Shrug It Off","Dropkick+1","Dropkick+1","Thunderclap+1","Decay","Feed+1","Infernal Blade"],"special_seed":0,"relics":["Burning Blood","Strawberry","Frozen Egg 2","Medical Kit","Shuriken","Mercury Hourglass","Cursed Key","Molten Egg 2","The Courier","Nilry\u0027s Codex","Juzu Bracelet"],"potions_floor_usage":[33],"damage_taken":[{"damage":1.0,"enemies":"Cultist","floor":1.0,"turns":3.0},{"damage":7.0,"enemies":"Small Slimes","floor":4.0,"turns":4.0},{"damage":0.0,"enemies":"2 Louse","floor":5.0,"turns":3.0},{"damage":7.0,"enemies":"Blue Slaver","floor":7.0,"turns":4.0},{"damage":5.0,"enemies":"Red Slaver","floor":8.0,"turns":3.0},{"damage":9.0,"enemies":"Exordium Wildlife","floor":13.0,"turns":5.0},{"damage":28.0,"enemies":"Lagavulin","floor":14.0,"turns":4.0},{"damage":17.0,"enemies":"The Guardian","floor":16.0,"turns":9.0},{"damage":12.0,"enemies":"3 Byrds","floor":18.0,"turns":5.0},{"damage":10.0,"enemies":"Spheric Guardian","floor":21.0,"turns":3.0},{"damage":6.0,"enemies":"Cultist and Chosen","floor":22.0,"turns":6.0},{"damage":8.0,"enemies":"Gremlin Leader","floor":23.0,"turns":6.0},{"damage":14.0,"enemies":"Sentry and Sphere","floor":25.0,"turns":7.0},{"damage":20.0,"enemies":"3 Cultists","floor":27.0,"turns":5.0},{"damage":29,"enemies":"Cultist and Chosen","floor":31,"turns":7},{"damage":81,"enemies":"Automaton","floor":33,"turns":6}],"seed_played":"3107575551047599909","potions_obtained":[{"floor":1.0,"key":"Explosive Potion"},{"floor":5.0,"key":"Ancient Potion"},{"floor":14.0,"key":"SpeedPotion"},{"floor":21.0,"key":"Poison Potion"},{"floor":23.0,"key":"BloodPotion"},{"floor":25.0,"key":"LiquidBronze"},{"floor":27.0,"key":"PowerPotion"}],"is_trial":false,"path_per_floor":["M","T","?","M","M","R","M","M","T","R","$","?","M","E","R","B",null,"M","?","?","M","M","E","?","M","T","M","T","?","R","M","R","B"],"character_chosen":"IRONCLAD","items_purchased":["Medical Kit"],"campfire_rested":2,"item_purchase_floors":[11],"current_hp_per_floor":[80,87,87,86,87,87,86,87,87,87,87,84,81,59,59,48,87,81,81,81,77,77,75,59,51,51,45,45,45,71,52,79,0],"gold":243,"neow_bonus":"UPGRADE_CARD","is_prod":false,"is_daily":false,"chose_seed":false,"campfire_upgraded":3,"win_rate":0,"timestamp":1549050361,"path_taken":["M","?","?","M","M","R","?","M","T","R","?","?","M","E","R","BOSS","M","?","?","?","M","E","?","M","T","M","?","?","R","M","R","BOSS"],"build_version":"2019-01-23","purchased_purges":1,"victory":false,"max_hp_per_floor":[80,87,87,87,87,87,87,87,87,87,87,87,87,87,87,87,87,87,87,87,87,87,87,87,87,87,87,87,87,87,91,91,91],"card_choices":[{"not_picked":["Second Wind","Combust"],"picked":"Rage","floor":1.0},{"not_picked":["Shrug It Off","Perfected Strike","Clothesline"],"picked":"SKIP","floor":4.0},{"not_picked":["Perfected Strike","Clothesline"],"picked":"Shrug It Off","floor":4.0},{"not_picked":["Shrug It Off","Bloodletting"],"picked":"Dropkick","floor":5.0},{"not_picked":["Flame Barrier","Hemokinesis","Clash"],"picked":"SKIP","floor":7.0},{"not_picked":["Combust","Warcry"],"picked":"Dropkick","floor":8.0},{"not_picked":["Cleave","Clothesline","Rampage"],"picked":"SKIP","floor":13.0},{"not_picked":["Anger","Barricade+1","Inflame+1"],"picked":"SKIP","floor":14.0},{"not_picked":["Pummel+1","Shrug It Off+1","Whirlwind"],"picked":"SKIP","floor":18.0},{"not_picked":["Warcry","Havoc","Rage"],"picked":"SKIP","floor":21.0},{"not_picked":["Fire Breathing+1","Heavy Blade+1","Combust+1"],"picked":"SKIP","floor":22.0},{"not_picked":["Dropkick+1","Heavy Blade+1","Wild Strike+1"],"picked":"SKIP","floor":23.0},{"not_picked":["Twin Strike+1","Cleave+1"],"picked":"Thunderclap+1","floor":25.0},{"not_picked":["Cleave+1","Infernal Blade","Clothesline+1"],"picked":"SKIP","floor":27.0},{"not_picked":["Feel No Pain+1","Cleave+1","Evolve+1"],"picked":"SKIP","floor":31}],"player_experience":298148,"relics_obtained":[{"floor":2.0,"key":"Strawberry"},{"floor":9.0,"key":"Frozen Egg 2"},{"floor":14.0,"key":"Mercury Hourglass"},{"floor":23.0,"key":"The Courier"},{"floor":24.0,"key":"Nilry\u0027s Codex"},{"floor":26.0,"key":"Juzu Bracelet"}],"event_choices":[{"damage_healed":0.0,"max_hp_gain":0.0,"max_hp_loss":0.0,"gold_gain":100.0,"event_name":"Wheel of Change","player_choice":"Gold","floor":3.0,"gold_loss":0.0,"damage_taken":0.0},{"damage_healed":0.0,"max_hp_gain":0.0,"max_hp_loss":0.0,"gold_gain":0.0,"event_name":"Scrap Ooze","player_choice":"Success","floor":12.0,"gold_loss":0.0,"damage_taken":3.0,"relics_obtained":["Shuriken"]},{"damage_healed":0.0,"max_hp_gain":0.0,"max_hp_loss":0.0,"gold_gain":0.0,"event_name":"Addict","player_choice":"Obtained Relic","floor":19.0,"gold_loss":85.0,"damage_taken":0.0,"relics_obtained":["Molten Egg 2"]},{"damage_healed":0.0,"max_hp_gain":0.0,"max_hp_loss":0.0,"gold_gain":0.0,"event_name":"The Woman in Blue","player_choice":"Bought 0 Potions","floor":20.0,"gold_loss":0.0,"damage_taken":0.0},{"damage_healed":0.0,"max_hp_gain":0.0,"max_hp_loss":0.0,"gold_gain":0.0,"event_name":"Cursed Tome","player_choice":"Obtained Book","floor":24.0,"gold_loss":0.0,"damage_taken":16.0},{"damage_healed":0,"gold_gain":0,"cards_transformed":["Strike_R","Strike_R"],"player_choice":"Became Test Subject","damage_taken":0,"max_hp_gain":0,"max_hp_loss":0,"event_name":"Drug Dealer","floor":29,"gold_loss":0,"cards_obtained":["Feed","Infernal Blade"]}],"is_beta":false,"boss_relics":[{"not_picked":["Black Star","Orrery"],"picked":"Cursed Key"}],"items_purged_floors":[11],"is_endless":false,"potions_floor_spawned":[1,5,14,21,23,25,27],"killed_by":"Automaton","ascension_level":1}