{"gold_per_floor":[115,135,146,166,181,181,214,233,259,259,291,311,329,344,344,442,442,462,478,489,414,414,414,414],"floor_reached":24,"playtime":1386,"items_purged":["Strike_R"],"score":250,"play_id":"3b9fe5ab-907b-4877-a553-2eafd9d10343","local_time":"20181019185816","is_ascension_mode":true,"campfire_choices":[{"data":"Body Slam","floor":6,"key":"SMITH"},{"data":"True Grit","floor":10,"key":"SMITH"},{"data":"Berserk","floor":15,"key":"SMITH"},{"data":"Whirlwind","floor":23,"key":"SMITH"}],"neow_cost":"NONE","seed_source_timestamp":10613179708836,"circlet_count":0,"master_deck":["Strike_R","Strike_R","Strike_R","Strike_R","Defend_R","Defend_R","Defend_R","Defend_R","Bash","Warcry","Body Slam+1","Pommel Strike","Metallicize","True Grit+1","Berserk+1","Inflame","Barricade","Shrug It Off","Whirlwind+1"],"relics":["Burning Blood","Pear","Omamori","Bag of Marbles","Velvet Choker"],"potions_floor_usage":[7,16,18,24,24],"damage_taken":[{"damage":1,"enemies":"Cultist","floor":1,"turns":3},{"damage":9,"enemies":"Jaw Worm","floor":2,"turns":4},{"damage":7,"enemies":"Small Slimes","floor":3,"turns":4},{"damage":6,"enemies":"2 Fungi Beasts","floor":4,"turns":4},{"damage":5,"enemies":"3 Louse","floor":5,"turns":5},{"damage":21,"enemies":"3 Sentries","floor":7,"turns":9},{"damage":9,"enemies":"Looter","floor":8,"turns":4},{"damage":25,"enemies":"Gremlin Nob","floor":11,"turns":5},{"damage":3,"enemies":"Gremlin Gang","floor":12,"turns":6},{"damage":8,"enemies":"Blue Slaver","floor":13,"turns":5},{"damage":2,"enemies":"Large Slime","floor":14,"turns":6},{"damage":54,"enemies":"Hexaghost","floor":16,"turns":11},{"damage":19,"enemies":"3 Byrds","floor":18,"turns":8},{"damage":26,"enemies":"Spheric Guardian","floor":19,"turns":6},{"damage":18,"enemies":"Centurion and Healer","floor":20,"turns":9},{"damage":68,"enemies":"Book of Stabbing","floor":24,"turns":9}],"seed_played":"-8021582662042821620","potions_obtained":[{"floor":2,"key":"AttackPotion"},{"floor":4,"key":"SkillPotion"},{"floor":8,"key":"Dexterity Potion"},{"floor":12,"key":"SpeedPotion"},{"floor":14,"key":"EssenceOfSteel"},{"floor":16,"key":"Regen Potion"},{"floor":20,"key":"Energy Potion"}],"is_trial":false,"path_per_floor":["M","M","M","M","M","R","E","M","T","R","E","M","M","M","R","B",null,"M","M","M","$","?","R"],"character_chosen":"IRONCLAD","items_purchased":[],"campfire_rested":0,"item_purchase_floors":[],"current_hp_per_floor":[88,85,84,84,85,85,80,77,77,77,58,61,59,63,63,15,98,85,65,53,53,53,53,0],"gold":414,"neow_bonus":"TEN_PERCENT_HP_BONUS","is_prod":false,"is_daily":false,"chose_seed":false,"campfire_upgraded":4,"win_rate":0,"timestamp":1539986296,"path_taken":["M","M","M","M","M","R","E","M","T","R","E","M","M","M","R","BOSS","M","M","M","$","?","R","E"],"build_version":"2018-10-18","purchased_purges":1,"victory":false,"max_hp_per_floor":[88,88,88,88,88,88,98,98,98,98,98,98,98,98,98,98,98,98,98,98,98,98,98,98],"card_choices":[{"not_picked":["Second Wind","Rampage"],"picked":"Warcry","floor":1},{"not_picked":["Warcry","Sword Boomerang"],"picked":"Body Slam","floor":2},{"not_picked":["Twin Strike","Havoc","Thunderclap"],"picked":"SKIP","floor":3},{"not_picked":["Twin Strike","Iron Wave","Havoc"],"picked":"SKIP","floor":4},{"not_picked":["Heavy Blade","Cleave"],"picked":"Pommel Strike","floor":5},{"not_picked":["Iron Wave","Headbutt"],"picked":"Metallicize","floor":7},{"not_picked":["Headbutt","Combust"],"picked":"True Grit","floor":8},{"not_picked":["Anger","Headbutt","Warcry"],"picked":"SKIP","floor":11},{"not_picked":["Headbutt","Iron Wave"],"picked":"Berserk","floor":12},{"not_picked":["Wild Strike","Heavy Blade","Clash"],"picked":"SKIP","floor":13},{"not_picked":["Uppercut","Armaments"],"picked":"Inflame","floor":14},{"not_picked":["Juggernaut","Feed"],"picked":"Barricade","floor":16},{"not_picked":["Metallicize+1","Warcry","Heavy Blade"],"picked":"SKIP","floor":18},{"not_picked":["Seeing Red+1","Wild Strike"],"picked":"Shrug It Off","floor":19},{"not_picked":["Sword Boomerang","Perfected Strike+1"],"picked":"Whirlwind","floor":20}],"player_experience":89816,"relics_obtained":[{"floor":7,"key":"Pear"},{"floor":9,"key":"Omamori"},{"floor":11,"key":"Bag of Marbles"}],"event_choices":[{"damage_healed":0,"gold_gain":0,"player_choice":"Ignored","damage_taken":0,"max_hp_gain":0,"max_hp_loss":0,"event_name":"The Mausoleum","floor":22,"gold_loss":0}],"is_beta":false,"boss_relics":[{"not_picked":["Black Blood","Snecko Eye"],"picked":"Velvet Choker"}],"items_purged_floors":[21],"is_endless":false,"potions_floor_spawned":[2,4,8,12,14,16,20],"killed_by":"Book of Stabbing","ascension_level":1}