{"gold_per_floor":[119,129,54,73,83,108,124,124,148,164,164,194,49,82,82,180,180,192,202,202,202,302,302,332,1,1,11,0,11,11,25,25,127,127,138,238,253,266,277,210,244,244,268,268,268,268,67,0,0,0],"floor_reached":50,"playtime":3823,"items_purged":["Strike_B","Coolheaded"],"score":535,"play_id":"f350e552-77ba-4d3e-99a4-978913050627","local_time":"20190216202312","is_ascension_mode":false,"campfire_choices":[{"floor":8,"key":"REST"},{"data":"Zap","floor":15,"key":"SMITH"},{"data":"Hologram","floor":23,"key":"SMITH"},{"floor":30,"key":"REST"},{"floor":32,"key":"REST"},{"floor":42,"key":"REST"},{"floor":45,"key":"REST"},{"floor":49,"key":"DIG"}],"neow_cost":"NONE","seed_source_timestamp":18526929879100,"circlet_count":0,"master_deck":["Zap+1","Dualcast","All For One","Leap","Melter","Leap","Go for the Eyes","Go for the Eyes","Conserve Battery","Creative AI","Electrodynamics","Ball Lightning","Undo","Redo","Lockon","Leap","Hologram+1","Hologram+1","Lockon","Capacitor","Static Discharge+1","Sunder","White Noise","Gash+1","Gash","Electrodynamics","Gash","Redo+1","Conserve Battery+1","Loop","Loop","Writhe"],"relics":["Cracked Core","Torii","Juzu Bracelet","Strawberry","Orichalcum","Anchor","Pandora\u0027s Box","Prayer Wheel","Bottled Tornado","Bottled Flame","PreservedInsect","Art of War","Lizard Tail","Shovel","Ancient Tea Set","Bag of Preparation","PrismaticShard","Red Mask","Centennial Puzzle"],"potions_floor_usage":[12,14,22,22,33,39,39,41,50],"damage_taken":[{"damage":6,"enemies":"Cultist","floor":1,"turns":3},{"damage":0,"enemies":"Small Slimes","floor":2,"turns":4},{"damage":1,"enemies":"Jaw Worm","floor":4,"turns":3},{"damage":1,"enemies":"3 Louse","floor":5,"turns":5},{"damage":17,"enemies":"Gremlin Nob","floor":6,"turns":4},{"damage":11,"enemies":"Exordium Wildlife","floor":7,"turns":5},{"damage":0,"enemies":"Looter","floor":10,"turns":4},{"damage":2,"enemies":"Lagavulin","floor":12,"turns":6},{"damage":1,"enemies":"3 Sentries","floor":14,"turns":6},{"damage":38,"enemies":"Slime Boss","floor":16,"turns":12},{"damage":25,"enemies":"2 Thieves","floor":18,"turns":4},{"damage":0,"enemies":"Spheric Guardian","floor":19,"turns":3},{"damage":1,"enemies":"Colosseum Slavers","floor":22,"turns":4},{"damage":38,"enemies":"Colosseum Nobs","floor":22,"turns":6},{"damage":15,"enemies":"Slavers","floor":24,"turns":3},{"damage":11,"enemies":"Cultist and Chosen","floor":27,"turns":6},{"damage":7,"enemies":"Snake Plant","floor":29,"turns":3},{"damage":17,"enemies":"Snecko","floor":31,"turns":4},{"damage":48,"enemies":"Automaton","floor":33,"turns":8},{"damage":35,"enemies":"3 Darklings","floor":35,"turns":5},{"damage":0,"enemies":"Mind Bloom Boss Battle","floor":36,"turns":5},{"damage":0,"enemies":"Orb Walker","floor":37,"turns":4},{"damage":2,"enemies":"Sphere and 2 Shapes","floor":38,"turns":3},{"damage":44,"enemies":"Transient","floor":39,"turns":5},{"damage":62,"enemies":"Giant Head","floor":41,"turns":8},{"damage":83,"enemies":"Awakened One","floor":50,"turns":7}],"seed_played":"5061071111392131866","potions_obtained":[{"floor":2,"key":"FocusPotion"},{"floor":4,"key":"SkillPotion"},{"floor":5,"key":"SneckoOil"},{"floor":6,"key":"Weak Potion"},{"floor":12,"key":"FearPotion"},{"floor":24,"key":"FairyPotion"},{"floor":29,"key":"Strength Potion"},{"floor":31,"key":"EssenceOfSteel"},{"floor":37,"key":"Block Potion"},{"floor":38,"key":"SpeedPotion"},{"floor":39,"key":"FearPotion"}],"is_trial":false,"path_per_floor":["M","M","$","M","M","E","M","R","T","M","?","E","$","E","R","B",null,"M","M","?","?","?","R","E","$","T","M","?","M","R","M","R","B",null,"M","?","M","M","M","$","E","R","T","?","R","?","$","?","R","B"],"character_chosen":"DEFECT","items_purchased":["Orichalcum","PreservedInsect","Capacitor","Loop","PrismaticShard"],"campfire_rested":5,"item_purchase_floors":[13,25,25,40,47],"current_hp_per_floor":[69,69,69,68,67,50,39,61,61,61,66,71,71,70,70,32,87,62,62,45,75,36,36,21,21,21,10,10,3,30,13,40,9,92,57,57,57,55,11,11,3,30,30,53,80,80,80,80,80,0],"gold":0,"neow_bonus":"ONE_RANDOM_RARE_CARD","is_prod":false,"is_daily":false,"chose_seed":false,"campfire_upgraded":2,"win_rate":0.0,"timestamp":1550377392,"path_taken":["M","M","$","M","?","E","M","R","T","M","?","E","$","E","R","BOSS","M","M","?","?","?","R","E","?","T","M","?","M","R","M","R","BOSS","M","?","M","M","M","$","E","R","T","?","R","?","$","?","R","BOSS"],"build_version":"2019-01-23","purchased_purges":2,"victory":false,"max_hp_per_floor":[75,75,75,75,75,75,75,75,75,75,80,87,87,87,87,87,87,87,87,92,92,92,92,92,92,92,92,92,92,92,92,92,92,92,92,92,92,92,92,92,92,92,92,92,92,92,92,92,92,92],"card_choices":[{"not_picked":["Stack","Streamline"],"picked":"Leap","floor":1},{"not_picked":["Barrage","Consume"],"picked":"Melter","floor":2},{"not_picked":["FTL","Beam Cell"],"picked":"Leap","floor":4},{"not_picked":["Stack","Steam"],"picked":"Go for the Eyes","floor":5},{"not_picked":["Melter","Echo Form"],"picked":"Go for the Eyes","floor":6},{"not_picked":["Beam Cell","Rebound","Steam Power"],"picked":"SKIP","floor":7},{"not_picked":["Beam Cell","Scrape"],"picked":"Conserve Battery","floor":10},{"not_picked":["Turbo","Barrage","Compile Driver"],"picked":"SKIP","floor":12},{"not_picked":["Streamline","Chill","Coolheaded"],"picked":"SKIP","floor":14},{"not_picked":["Fission","Core Surge"],"picked":"Creative AI","floor":16},{"not_picked":["Barrage","Steam Power+1","Streamline"],"picked":"SKIP","floor":18},{"not_picked":["Tempest","Cold Snap"],"picked":"Hologram+1","floor":19},{"not_picked":["Coolheaded","Tempest"],"picked":"Hologram","floor":22},{"not_picked":["Go for the Eyes+1","Hologram"],"picked":"Lockon","floor":24},{"not_picked":["Creative AI","Sweeping Beam"],"picked":"Static Discharge+1","floor":27},{"not_picked":["Sweeping Beam","Coolheaded+1"],"picked":"Sunder","floor":27},{"not_picked":["FTL","Steam"],"picked":"White Noise","floor":29},{"not_picked":["Rebound","Sweeping Beam+1","Compile Driver"],"picked":"SKIP","floor":29},{"not_picked":["All For One","Sweeping Beam+1"],"picked":"Gash+1","floor":31},{"not_picked":["Compile Driver","Heatsinks"],"picked":"Gash","floor":31},{"not_picked":["Seek","Hyperbeam"],"picked":"Electrodynamics","floor":33},{"not_picked":["Glacier","Go for the Eyes"],"picked":"Gash","floor":35},{"not_picked":["Chill","Compile Driver"],"picked":"Redo+1","floor":35},{"not_picked":["Compile Driver+1","Beam Cell+1"],"picked":"Conserve Battery+1","floor":36},{"not_picked":["Go for the Eyes+1","Conserve Battery","Ball Lightning"],"picked":"SKIP","floor":37},{"not_picked":["Stack+1","Heatsinks+1","Genetic Algorithm+1"],"picked":"SKIP","floor":37},{"not_picked":["Core Surge","Double Energy"],"picked":"Loop","floor":38},{"not_picked":["Tempest","Barrage+1","Stack"],"picked":"SKIP","floor":38},{"not_picked":["Go for the Eyes+1","Ball Lightning+1","Double Energy+1"],"picked":"SKIP","floor":39},{"not_picked":["Fusion","Aggregate","Reprogram"],"picked":"SKIP","floor":39},{"not_picked":["Blizzard","Electrodynamics","Streamline"],"picked":"SKIP","floor":41}],"player_experience":141011,"relics_obtained":[{"floor":6,"key":"Torii"},{"floor":9,"key":"Juzu Bracelet"},{"floor":12,"key":"Strawberry"},{"floor":14,"key":"Anchor"},{"floor":22,"key":"Prayer Wheel"},{"floor":22,"key":"Bottled Tornado"},{"floor":24,"key":"Bottled Flame"},{"floor":26,"key":"Art of War"},{"floor":36,"key":"Shovel"},{"floor":41,"key":"Ancient Tea Set"},{"floor":43,"key":"Bag of Preparation"},{"floor":49,"key":"Centennial Puzzle"}],"event_choices":[{"damage_healed":0,"gold_gain":0,"player_choice":"Donut","damage_taken":0,"max_hp_gain":5,"max_hp_loss":0,"event_name":"Big Fish","floor":11,"gold_loss":0},{"damage_healed":0,"gold_gain":0,"player_choice":"Shed Blood","damage_taken":22,"max_hp_gain":5,"max_hp_loss":0,"event_name":"Forgotten Altar","floor":20,"gold_loss":0},{"damage_healed":30,"gold_gain":0,"player_choice":"Heal","damage_taken":0,"max_hp_gain":0,"max_hp_loss":0,"event_name":"The Library","floor":21,"gold_loss":0},{"damage_healed":0,"gold_gain":0,"player_choice":"Fight","damage_taken":0,"max_hp_gain":0,"max_hp_loss":0,"event_name":"Colosseum","floor":22,"gold_loss":0},{"damage_healed":0,"gold_gain":0,"player_choice":"Fought Nobs","damage_taken":0,"max_hp_gain":0,"max_hp_loss":0,"event_name":"Colosseum","floor":22,"gold_loss":0},{"damage_healed":0,"gold_gain":0,"player_choice":"Paid Fearfully","damage_taken":0,"max_hp_gain":0,"max_hp_loss":0,"event_name":"Masked Bandits","floor":28,"gold_loss":11},{"damage_healed":0,"gold_gain":0,"player_choice":"Fight","damage_taken":0,"max_hp_gain":0,"max_hp_loss":0,"event_name":"MindBloom","floor":36,"gold_loss":0},{"damage_healed":23,"gold_gain":0,"player_choice":"Writhe","damage_taken":0,"max_hp_gain":0,"max_hp_loss":0,"event_name":"Winding Halls","floor":44,"gold_loss":0,"cards_obtained":["Writhe"]},{"damage_healed":0,"gold_gain":0,"player_choice":"Memory 1","damage_taken":0,"max_hp_gain":0,"max_hp_loss":0,"event_name":"SensoryStone","floor":46,"gold_loss":0},{"damage_healed":0,"gold_gain":0,"player_choice":"Paid","damage_taken":0,"relics_obtained":["Red Mask"],"max_hp_gain":0,"max_hp_loss":0,"event_name":"Tomb of Lord Red Mask","floor":48,"gold_loss":67}],"is_beta":false,"boss_relics":[{"not_picked":["Philosopher\u0027s Stone","Tiny House"],"picked":"Pandora\u0027s Box"},{"not_picked":["Orrery","Runic Pyramid"],"picked":"Lizard Tail"}],"items_purged_floors":[3,25],"is_endless":false,"potions_floor_spawned":[2,4,5,6,10,12,24,29,31,37,38,39],"killed_by":"Awakened One","ascension_level":0}