{"gold_per_floor":[15,15,90,3,3,3,3,3,3,3,16,30,63,63,63,158,158,174,174,134,1124,371,371],"floor_reached":23,"playtime":899,"items_purged":["Strike_B"],"score":377,"play_id":"775d9ffd-d9cc-45ee-9f54-db6bf116a4f5","local_time":"20180919135205","is_ascension_mode":true,"campfire_choices":[{"data":"Zap","floor":6,"key":"SMITH"},{"data":"Ball Lightning","floor":8,"key":"SMITH"},{"data":"Self Repair","floor":10,"key":"SMITH"},{"data":"Cold Snap","floor":15,"key":"SMITH"}],"neow_cost":"NO_GOLD","seed_source_timestamp":585166287735491,"circlet_count":0,"master_deck":["Strike_B","Strike_B","Strike_B","Defend_B","Defend_B","Defend_B","Defend_B","Zap+1","Dualcast","AscendersBane","Creative AI+1","Ball Lightning+1","Self Repair+1","BootSequence","Cold Snap+1","Glacier+1","Amplify+1","Conserve Battery+1","BootSequence+1","Leap+1","Chill+1","Capacitor"],"relics":["Cracked Core","Bloody Idol","Potion Belt","Toxic Egg 2","Nuclear Battery","Runic Capacitor","Omamori"],"potions_floor_usage":[12,16,16,23],"damage_taken":[{"damage":2,"enemies":"Jaw Worm","floor":1,"turns":4},{"damage":7,"enemies":"Cultist","floor":11,"turns":4},{"damage":12,"enemies":"Small Slimes","floor":12,"turns":4},{"damage":24,"enemies":"Gremlin Nob","floor":13,"turns":4},{"damage":18,"enemies":"Hexaghost","floor":16,"turns":10},{"damage":18,"enemies":"3 Byrds","floor":18,"turns":7},{"damage":10,"enemies":"2 Thieves","floor":20,"turns":5},{"damage":58,"enemies":"Gremlin Leader","floor":23,"turns":6}],"seed_played":"2489877706137477538","potions_obtained":[{"floor":2,"key":"PowerPotion"},{"floor":2,"key":"Energy Potion"},{"floor":12,"key":"Regen Potion"}],"is_trial":false,"path_per_floor":["M","?","?","$","?","R","?","R","T","R","M","M","E","?","R","B",null,"M","?","M","?","$"],"character_chosen":"DEFECT","items_purchased":["Self Repair","Runic Capacitor","Leap+1","Chill+1","Capacitor","Omamori","EssenceOfSteel"],"campfire_rested":0,"item_purchase_floors":[4,22,22,22,22,22,22],"current_hp_per_floor":[62,62,51,51,51,51,51,51,51,51,54,52,28,28,28,25,54,56,56,56,39,39,0],"gold":371,"neow_bonus":"THREE_RARE_CARDS","is_prod":false,"is_daily":false,"chose_seed":false,"campfire_upgraded":4,"win_rate":0,"timestamp":1537386725,"path_taken":["M","?","?","$","?","R","?","R","T","R","M","?","E","?","R","BOSS","M","?","M","?","$","E"],"build_version":"2018-09-18v3","purchased_purges":1,"victory":false,"max_hp_per_floor":[71,71,71,71,64,64,64,64,64,64,64,64,64,64,64,64,64,64,64,64,64,64,64],"card_choices":[{"not_picked":["Hyperbeam","Rainbow"],"picked":"Creative AI","floor":0},{"not_picked":["Hologram","Barrage"],"picked":"Ball Lightning","floor":1},{"not_picked":["Coolheaded","Turbo"],"picked":"BootSequence","floor":11},{"not_picked":["Leap","Barrage"],"picked":"Cold Snap","floor":12},{"not_picked":["Conserve Battery","Reboot"],"picked":"Glacier","floor":13},{"not_picked":["Hyperbeam","Core Surge"],"picked":"Amplify+1","floor":16},{"not_picked":["Reinforced Body+1","Coolheaded+1"],"picked":"Conserve Battery+1","floor":18},{"not_picked":["Coolheaded+1","Go for the Eyes"],"picked":"BootSequence+1","floor":20}],"player_experience":1031628,"relics_obtained":[{"floor":9,"key":"Potion Belt"},{"floor":13,"key":"Toxic Egg 2"}],"event_choices":[{"event_name":"The Lab","player_choice":"Got Potions","floor":2,"damage_taken":0},{"event_name":"World of Goop","player_choice":"Gather Gold","floor":3,"damage_taken":0},{"event_name":"Golden Idol","player_choice":"Lose Max HP","floor":5,"damage_taken":0},{"event_name":"Living Wall","player_choice":"Grow","floor":7,"damage_taken":0},{"event_name":"Liars Game","player_choice":"disagreed","floor":14,"damage_taken":0},{"event_name":"Forgotten Altar","player_choice":"Gave Idol","floor":19,"damage_taken":0},{"event_name":"Knowing Skull","player_choice":"GOLD GOLD GOLD GOLD GOLD GOLD GOLD GOLD GOLD GOLD GOLD ","floor":21,"damage_taken":0}],"is_beta":true,"boss_relics":[{"not_picked":["Calling Bell","Velvet Choker"],"picked":"Nuclear Battery"}],"items_purged_floors":[22],"is_endless":false,"potions_floor_spawned":[12],"killed_by":"Gremlin Leader","ascension_level":18}