{"gold_per_floor":[112,62,237,252,48,48,48,48,117,151,164,189,203,213,213,318,318,332,348,360,372,386,386,54,54,54,54,54,54,79,98,98,193,193,212,222,0,100,115,115,167,30,76,90,90,101,47,47,47,47],"floor_reached":50,"playtime":2611,"items_purged":["Doubt","Decay"],"score":522,"play_id":"ac9b167c-0b98-4c35-aa35-87769dda1df0","local_time":"20190125003329","is_ascension_mode":false,"campfire_choices":[{"data":"Slice","floor":6,"key":"SMITH"},{"data":"Quick Slash","floor":8,"key":"SMITH"},{"data":"Blade Dance","floor":15,"key":"SMITH"},{"floor":23,"key":"REST"},{"data":"Terror","floor":28,"key":"SMITH"},{"data":"Accuracy","floor":32,"key":"SMITH"},{"floor":40,"key":"REST"},{"floor":45,"key":"REST"},{"floor":49,"key":"REST"}],"neow_cost":"NONE","seed_source_timestamp":121738813085226,"circlet_count":0,"master_deck":["Defend_G","Defend_G","Defend_G","Defend_G","Defend_G","Strike_G","Strike_G","Strike_G","Strike_G","Survivor","Neutralize+1","Quick Slash+1","Slice+1","Dodge and Roll","Backstab","Prepared","Blade Dance+1","Backstab","Phantasmal Killer","Blade Dance+1","Prepared","Escape Plan","Terror+1","Dodge and Roll","Slice","Prepared","J.A.X.","Accuracy+1","Endless Agony+1","Wraith Form v2","Blur+1","Slice+1","Deflect+1","Deflect+1","Infinite Blades","Footwork","Parasite","Slice"],"relics":["WristBlade","Sling","Letter Opener","Darkstone Periapt","Question Card","Runic Pyramid","Bag of Preparation","Kunai","Shuriken","Black Star","Red Mask","Bird Faced Urn","Calipers","Oddly Smooth Stone"],"potions_floor_usage":[12,12,16,20,21,22,22,41,44],"damage_taken":[{"damage":0,"enemies":"2 Louse","floor":1,"turns":2},{"damage":2,"enemies":"Jaw Worm","floor":4,"turns":4},{"damage":15,"enemies":"Gremlin Nob","floor":10,"turns":4},{"damage":0,"enemies":"Cultist","floor":11,"turns":3},{"damage":17,"enemies":"Lagavulin","floor":12,"turns":5},{"damage":0,"enemies":"Lots of Slimes","floor":13,"turns":3},{"damage":0,"enemies":"3 Louse","floor":14,"turns":3},{"damage":35,"enemies":"Slime Boss","floor":16,"turns":12},{"damage":0,"enemies":"Spheric Guardian","floor":18,"turns":2},{"damage":7,"enemies":"Shell Parasite","floor":19,"turns":2},{"damage":0,"enemies":"Chosen and Byrds","floor":20,"turns":3},{"damage":35,"enemies":"Centurion and Healer","floor":21,"turns":4},{"damage":6,"enemies":"Snecko","floor":22,"turns":5},{"damage":14,"enemies":"Slavers","floor":30,"turns":3},{"damage":0,"enemies":"Sentry and Sphere","floor":31,"turns":3},{"damage":24,"enemies":"Champ","floor":33,"turns":7},{"damage":7,"enemies":"Orb Walker","floor":35,"turns":2},{"damage":24,"enemies":"3 Shapes","floor":36,"turns":3},{"damage":27,"enemies":"Mind Bloom Boss Battle","floor":38,"turns":5},{"damage":9,"enemies":"Jaw Worm Horde","floor":39,"turns":4},{"damage":26,"enemies":"2 Orb Walkers","floor":41,"turns":3},{"damage":6,"enemies":"Maw","floor":44,"turns":5},{"damage":10,"enemies":"Writhing Mass","floor":46,"turns":3},{"damage":57,"enemies":"Time Eater","floor":50,"turns":7}],"seed_played":"-6820922336137000784","potions_obtained":[{"floor":1,"key":"Strength Potion"},{"floor":4,"key":"Strength Potion"},{"floor":13,"key":"Energy Potion"},{"floor":14,"key":"SteroidPotion"},{"floor":18,"key":"SneckoOil"},{"floor":19,"key":"SpeedPotion"},{"floor":21,"key":"Block Potion"},{"floor":39,"key":"Block Potion"},{"floor":41,"key":"Swift Potion"},{"floor":46,"key":"Dexterity Potion"}],"is_trial":false,"path_per_floor":["M","?","?","M","$","R","?","R","T","E","M","E","M","M","R","B",null,"M","M","M","M","M","R","$","?","T","$","R","?","E","M","R","B",null,"M","M","?","?","M","R","?","$","T","M","R","M","$","?","R","B"],"character_chosen":"THE_SILENT","items_purchased":["Sling","Slice","Prepared","Bag of Preparation","Infinite Blades","Slice"],"campfire_rested":4,"item_purchase_floors":[5,24,24,24,42,47],"current_hp_per_floor":[70,70,70,68,68,68,68,68,68,53,53,36,36,36,36,1,70,70,63,63,28,22,43,43,49,49,49,49,49,35,35,35,11,76,69,45,45,18,13,35,11,11,11,5,27,25,25,25,49,0],"gold":47,"neow_bonus":"BOSS_RELIC","is_prod":false,"is_daily":false,"chose_seed":false,"campfire_upgraded":5,"win_rate":0.0,"timestamp":1548372809,"path_taken":["M","?","?","M","$","R","?","R","T","E","M","E","M","?","R","BOSS","M","M","?","M","M","R","$","?","T","$","R","?","E","M","R","BOSS","M","M","?","?","M","R","?","?","T","?","R","M","$","?","R","BOSS"],"build_version":"2019-01-23","purchased_purges":2,"victory":false,"max_hp_per_floor":[70,70,70,70,70,70,70,70,70,70,70,70,70,70,70,70,70,70,70,70,70,70,70,70,76,76,76,76,76,76,76,76,76,76,76,76,76,76,76,76,76,76,76,76,76,82,82,82,82,82],"card_choices":[{"not_picked":["Dash","Finisher"],"picked":"Quick Slash","floor":1},{"not_picked":["Dagger Spray","PiercingWail"],"picked":"Slice","floor":4},{"not_picked":["Predator","Eviscerate"],"picked":"Dodge and Roll","floor":10},{"not_picked":["Cloak And Dagger","Tactician"],"picked":"Backstab","floor":11},{"not_picked":["Acrobatics","Calculated Gamble"],"picked":"Prepared","floor":12},{"not_picked":["Poisoned Stab","PiercingWail","Dagger Spray"],"picked":"Blade Dance","floor":13},{"not_picked":["Heel Hook","Eviscerate","Unload"],"picked":"Backstab","floor":14},{"not_picked":["Tools of the Trade","Bullet Time","Corpse Explosion"],"picked":"Phantasmal Killer","floor":16},{"not_picked":["Cloak And Dagger+1","Bane","Endless Agony"],"picked":"Blade Dance+1","floor":18},{"not_picked":["Predator+1","Bane","Choke"],"picked":"Prepared","floor":19},{"not_picked":["Quick Slash","Choke+1","Reflex"],"picked":"Escape Plan","floor":20},{"not_picked":["Outmaneuver","Flechettes+1","Acrobatics+1"],"picked":"Terror","floor":21},{"not_picked":["Deadly Poison+1","Tactician","Malaise"],"picked":"Dodge and Roll","floor":22},{"not_picked":["Distraction","Acrobatics","Bane"],"picked":"Accuracy","floor":30},{"not_picked":["Underhanded Strike+1","Dagger Spray","Blade Dance"],"picked":"Endless Agony+1","floor":31},{"not_picked":["Unload","Malaise","Glass Knife"],"picked":"Wraith Form v2","floor":33},{"not_picked":["Dagger Throw+1","Reflex+1","Crippling Poison","Caltrops"],"picked":"SKIP","floor":35},{"not_picked":["Dagger Spray","Sucker Punch+1","Deadly Poison+1"],"picked":"Blur+1","floor":36},{"not_picked":["Well Laid Plans+1","Burst","Dagger Throw"],"picked":"Slice+1","floor":38},{"not_picked":["Dagger Spray","Sucker Punch+1","Quick Slash"],"picked":"Deflect+1","floor":39},{"not_picked":["Acrobatics+1","Dash","Bane"],"picked":"Deflect+1","floor":41},{"not_picked":["Flying Knee+1","Caltrops","Well Laid Plans"],"picked":"Footwork","floor":44},{"not_picked":["Flechettes","Malaise","Dash+1"],"picked":"Footwork+1","floor":46}],"player_experience":52674,"relics_obtained":[{"floor":9,"key":"Letter Opener"},{"floor":10,"key":"Darkstone Periapt"},{"floor":12,"key":"Question Card"},{"floor":26,"key":"Kunai"},{"floor":30,"key":"Shuriken"},{"floor":38,"key":"Bird Faced Urn"},{"floor":41,"key":"Calipers"},{"floor":43,"key":"Oddly Smooth Stone"}],"event_choices":[{"cards_removed":["Strike_G"],"damage_healed":0,"gold_gain":0,"player_choice":"Card Removal","damage_taken":0,"max_hp_gain":0,"max_hp_loss":0,"event_name":"The Cleric","floor":2,"gold_loss":50},{"damage_healed":0,"gold_gain":175,"player_choice":"AGREE","damage_taken":0,"max_hp_gain":0,"max_hp_loss":0,"event_name":"Liars Game","floor":3,"gold_loss":0,"cards_obtained":["Doubt"]},{"damage_healed":0,"gold_gain":0,"player_choice":"Upgraded","damage_taken":0,"max_hp_gain":0,"max_hp_loss":0,"event_name":"Upgrade Shrine","floor":7,"gold_loss":0,"cards_upgraded":["Neutralize"]},{"damage_healed":0,"gold_gain":0,"player_choice":"Smashed Altar","damage_taken":0,"max_hp_gain":0,"max_hp_loss":0,"event_name":"Forgotten Altar","floor":25,"gold_loss":0,"cards_obtained":["Decay"]},{"damage_healed":0,"gold_gain":0,"player_choice":"Obtain J.A.X.","damage_taken":0,"max_hp_gain":0,"max_hp_loss":0,"event_name":"Drug Dealer","floor":29,"gold_loss":0,"cards_obtained":["J.A.X."]},{"damage_healed":0,"gold_gain":0,"player_choice":"Paid","damage_taken":0,"relics_obtained":["Red Mask"],"max_hp_gain":0,"max_hp_loss":0,"event_name":"Tomb of Lord Red Mask","floor":37,"gold_loss":222},{"damage_healed":0,"gold_gain":0,"player_choice":"Fight","damage_taken":0,"max_hp_gain":0,"max_hp_loss":0,"event_name":"MindBloom","floor":38,"gold_loss":0},{"damage_healed":0,"gold_gain":0,"player_choice":"Fight","damage_taken":0,"max_hp_gain":0,"max_hp_loss":0,"event_name":"Mysterious Sphere","floor":41,"gold_loss":0},{"cards_removed":["Footwork"],"damage_healed":0,"gold_gain":0,"player_choice":"Removed Power","damage_taken":0,"max_hp_gain":0,"max_hp_loss":0,"event_name":"Falling","floor":48,"gold_loss":0}],"is_beta":false,"boss_relics":[{"not_picked":["Runic Dome","Philosopher\u0027s Stone"],"picked":"Runic Pyramid"},{"not_picked":["Tiny House","Coffee Dripper"],"picked":"Black Star"}],"items_purged_floors":[24,42],"is_endless":false,"potions_floor_spawned":[1,4,13,14,18,19,21,39,41,46],"killed_by":"Time Eater","ascension_level":0}