{"gold_per_floor":[115,37,54,54,104,132,132,165,188,208,208,218,218,232,232,310,310,324,337,227,239,42,42,53,53,53,87,87,102,22,22],"floor_reached":31,"playtime":1835,"items_purged":["Strike_R","Strike_R"],"score":555,"play_id":"6eac1fa7-a95b-4239-b6df-de5b0ac1c311","local_time":"20181202201631","is_ascension_mode":true,"campfire_choices":[{"data":"Flame Barrier","floor":7.0,"key":"SMITH"},{"data":"Clothesline","floor":11.0,"key":"SMITH"},{"floor":13.0,"key":"RECALL"},{"data":"True Grit","floor":15.0,"key":"SMITH"},{"data":"Double Tap","floor":23,"key":"SMITH"},{"floor":25,"key":"REST"},{"floor":28,"key":"REST"}],"neow_cost":"NONE","seed_source_timestamp":0,"circlet_count":0,"master_deck":["AscendersBane","Strike_R","Strike_R+1","Defend_R","Defend_R","Defend_R","Defend_R","Bash","Armaments+1","Battle Trance","Flame Barrier+1","Offering","Pommel Strike","Clothesline+1","Sword Boomerang","True Grit+1","Immolate","Metallicize","Clothesline","Double Tap+1","Barricade","Shrug It Off"],"special_seed":0,"relics":["Burning Blood","NeowsBlessing","Boot","The Courier","Snecko Eye","Matryoshka","Bottled Tornado"],"potions_floor_usage":[24],"damage_taken":[{"damage":0.0,"enemies":"Jaw Worm","floor":1.0,"turns":1.0},{"damage":0.0,"enemies":"2 Louse","floor":3.0,"turns":1.0},{"damage":0.0,"enemies":"Lagavulin","floor":6.0,"turns":1.0},{"damage":8.0,"enemies":"3 Sentries","floor":8.0,"turns":6.0},{"damage":6.0,"enemies":"Cultist","floor":10.0,"turns":2.0},{"damage":11.0,"enemies":"Large Slime","floor":12.0,"turns":6.0},{"damage":21.0,"enemies":"Red Slaver","floor":14.0,"turns":3.0},{"damage":18.0,"enemies":"The Guardian","floor":16.0,"turns":14.0},{"damage":6.0,"enemies":"3 Byrds","floor":18.0,"turns":2.0},{"damage":6.0,"enemies":"Chosen","floor":19.0,"turns":3.0},{"damage":19.0,"enemies":"Centurion and Healer","floor":21.0,"turns":7.0},{"damage":12.0,"enemies":"Chosen and Byrds","floor":22.0,"turns":5.0},{"damage":33,"enemies":"Slavers","floor":24,"turns":6},{"damage":29,"enemies":"Gremlin Leader","floor":27,"turns":7},{"damage":9,"enemies":"Chosen and Byrds","floor":29,"turns":4},{"damage":28,"enemies":"Book of Stabbing","floor":31,"turns":5}],"seed_played":"4614730152078865365","potions_obtained":[{"floor":1.0,"key":"Strength Potion"},{"floor":6.0,"key":"Energy Potion"},{"floor":16.0,"key":"Strength Potion"},{"floor":29,"key":"Strength Potion"}],"is_trial":false,"path_per_floor":["M","$","M","?","?","E","R","E","T","M","R","M","R","M","R","B",null,"M","M","?","M","M","$","R","E","R","T","E","R","M","$","E"],"character_chosen":"IRONCLAD","items_purchased":["Battle Trance","Double Tap"],"campfire_rested":2,"item_purchase_floors":[2,22],"current_hp_per_floor":[74,74,75,75,75,75,75,73,73,73,73,68,68,53,53,41,67,67,67,67,54,48,48,21,43,43,20,42,39,39,11],"gold":22,"neow_bonus":"THREE_ENEMY_KILL","is_prod":false,"is_daily":false,"chose_seed":false,"campfire_upgraded":4,"win_rate":0,"timestamp":1543806991,"path_taken":["M","$","M","?","?","E","R","E","T","M","R","?","R","M","R","BOSS","M","M","?","M","?","R","E","R","T","E","R","M","$","E"],"build_version":"2018-11-15","purchased_purges":2,"victory":false,"max_hp_per_floor":[75,75,75,75,75,75,75,75,75,75,75,75,75,75,75,75,75,75,75,75,75,75,75,75,75,75,75,75,75,75,75],"card_choices":[{"not_picked":["Sentinel","Wild Strike"],"picked":"Armaments","floor":1.0},{"not_picked":["Havoc","Bloodletting"],"picked":"Flame Barrier","floor":3.0},{"not_picked":["Perfected Strike","Anger"],"picked":"Offering","floor":6.0},{"not_picked":["Intimidate","Second Wind"],"picked":"Pommel Strike","floor":8.0},{"not_picked":["Twin Strike","Flex"],"picked":"Clothesline","floor":10.0},{"not_picked":["Headbutt","Clash"],"picked":"Sword Boomerang","floor":12.0},{"not_picked":["Rage","Iron Wave"],"picked":"True Grit","floor":14.0},{"not_picked":["Brutality","Juggernaut"],"picked":"Immolate","floor":16.0},{"not_picked":["Wild Strike","Armaments","Cleave"],"picked":"SKIP","floor":18.0},{"not_picked":["Entrench","Heavy Blade"],"picked":"Metallicize","floor":19.0},{"not_picked":["Rage","Armaments"],"picked":"Clothesline","floor":21.0},{"not_picked":["Fire Breathing","Battle Trance"],"picked":"Barricade","floor":24},{"not_picked":["Sentinel","Pommel Strike"],"picked":"Shrug It Off","floor":27},{"not_picked":["Headbutt+1","Sword Boomerang","Power Through+1"],"picked":"SKIP","floor":29},{"not_picked":["Headbutt+1","Sword Boomerang","Power Through+1"],"picked":"SKIP","floor":29},{"not_picked":["Headbutt+1","Sword Boomerang","Power Through+1"],"picked":"SKIP","floor":29}],"player_experience":1156286,"relics_obtained":[{"floor":6.0,"key":"Boot"},{"floor":8.0,"key":"The Courier"},{"floor":26,"key":"Matryoshka"},{"floor":27,"key":"Bottled Tornado"}],"event_choices":[{"damage_healed":0.0,"max_hp_gain":0.0,"max_hp_loss":0.0,"gold_gain":0.0,"event_name":"Living Wall","player_choice":"Grow","floor":4.0,"gold_loss":0.0,"damage_taken":0.0,"cards_upgraded":["Armaments"]},{"damage_healed":0.0,"max_hp_gain":0.0,"max_hp_loss":0.0,"gold_gain":50.0,"event_name":"Golden Shrine","player_choice":"Pray","floor":5.0,"gold_loss":0.0,"damage_taken":0.0},{"cards_removed":["Strike_R"],"damage_healed":0.0,"max_hp_gain":0.0,"max_hp_loss":0.0,"gold_gain":0.0,"event_name":"Designer","player_choice":"Upgrade and Remove","floor":20.0,"gold_loss":110.0,"damage_taken":0.0,"cards_upgraded":["Strike_R"]}],"is_beta":true,"boss_relics":[{"not_picked":["Velvet Choker","Mark of Pain"],"picked":"Snecko Eye"}],"items_purged_floors":[22,30],"is_endless":false,"potions_floor_spawned":[1,6,16,22,29],"killed_by":"Book of Stabbing","ascension_level":18}