{"gold_per_floor":[117,117,42,42,53,78,90,102,187,228,259,289,301,328,340,447,459,487,518,530,561,276,276,303,303],"floor_reached":25,"playtime":1940,"items_purged":["Defend_B","Defend_B"],"score":269,"play_id":"8c35f54c-2794-4b9b-bb17-ef74a9c06d38","local_time":"20190629174354","is_ascension_mode":true,"campfire_choices":[{"floor":8,"key":"RECALL"},{"floor":13,"key":"REST"},{"data":"Redo","floor":15,"key":"SMITH"},{"floor":23,"key":"REST"}],"neow_cost":"NONE","seed_source_timestamp":537657946375703,"circlet_count":0,"master_deck":["Strike_B","Strike_B","Defend_B","Defend_B","Zap","Dualcast","Sweeping Beam","Redo+1","Conserve Battery","Redo","Sunder","Melter","Coolheaded","Echo Form","Barrage","Redo+1","Self Repair+1","Compile Driver"],"relics":["Cracked Core","NeowsBlessing","MawBank","Matryoshka","Potion Belt","Nuclear Battery","Happy Flower","Vajra"],"potions_floor_usage":[],"damage_taken":[{"damage":0,"enemies":"2 Louse","floor":1,"turns":1},{"damage":0,"enemies":"Small Slimes","floor":5,"turns":1},{"damage":0,"enemies":"Gremlin Nob","floor":6,"turns":1},{"damage":19,"enemies":"Lagavulin","floor":10,"turns":6},{"damage":0,"enemies":"Cultist","floor":11,"turns":2},{"damage":0,"enemies":"Blue Slaver","floor":12,"turns":2},{"damage":3,"enemies":"Looter","floor":14,"turns":2},{"damage":35,"enemies":"The Guardian","floor":16,"turns":13},{"damage":0,"enemies":"Chosen","floor":18,"turns":4},{"damage":5,"enemies":"Spheric Guardian","floor":19,"turns":3},{"damage":32,"enemies":"Snake Plant","floor":21,"turns":4},{"damage":66,"enemies":"Gremlin Leader","floor":24,"turns":9},{"damage":12,"enemies":"Chosen and Byrds","floor":25,"turns":4}],"seed_played":"5178372794529899841","potions_obtained":[{"floor":5,"key":"Regen Potion"},{"floor":11,"key":"AttackPotion"},{"floor":16,"key":"SpeedPotion"},{"floor":18,"key":"SpeedPotion"},{"floor":21,"key":"Block Potion"}],"is_trial":false,"path_per_floor":["M","?","$","?","M","E","?","R","T","E","M","M","R","M","R","B",null,"M","M","?","M","$","R","E","M"],"character_chosen":"DEFECT","items_purchased":["Happy Flower","Compile Driver"],"campfire_rested":2,"item_purchase_floors":[22,22],"current_hp_per_floor":[75,75,75,68,68,68,73,73,73,54,54,54,78,75,75,40,80,80,75,75,43,43,67,11,0],"gold":303,"neow_bonus":"THREE_ENEMY_KILL","is_prod":false,"is_daily":false,"chose_seed":false,"campfire_upgraded":1,"win_rate":0,"timestamp":1561801434,"path_taken":["M","?","$","?","M","E","?","R","T","E","M","M","R","M","R","BOSS","M","M","?","M","$","R","E","?"],"build_version":"2019-01-23","purchased_purges":2,"victory":false,"max_hp_per_floor":[75,75,75,75,75,75,80,80,80,80,80,80,80,80,80,80,80,80,80,80,80,80,80,80,80],"card_choices":[{"not_picked":["Steam","Fusion"],"picked":"Sweeping Beam","floor":1},{"not_picked":["Doom and Gloom","FTL"],"picked":"Conserve Battery","floor":5},{"not_picked":["Buffer","Beam Cell"],"picked":"Redo","floor":6},{"not_picked":["Amplify","Sweeping Beam"],"picked":"Sunder","floor":10},{"not_picked":["Undo","Leap"],"picked":"Melter","floor":11},{"not_picked":["FTL","Leap","Steam"],"picked":"SKIP","floor":12},{"not_picked":["Scrape","Sweeping Beam"],"picked":"Coolheaded","floor":14},{"not_picked":["Reboot","Multi-Cast"],"picked":"Echo Form","floor":16},{"not_picked":["Leap","Reinforced Body","Beam Cell"],"picked":"SKIP","floor":18},{"not_picked":["Lockon","Heatsinks"],"picked":"Barrage","floor":19},{"not_picked":["Leap","Heatsinks"],"picked":"Self Repair+1","floor":21},{"not_picked":["Genetic Algorithm+1","Beam Cell","Heatsinks"],"picked":"SKIP","floor":24}],"player_experience":67918,"relics_obtained":[{"floor":6,"key":"MawBank"},{"floor":9,"key":"Matryoshka"},{"floor":10,"key":"Potion Belt"},{"floor":24,"key":"Vajra"}],"event_choices":[{"damage_healed":0,"gold_gain":0,"cards_transformed":["Strike_B"],"player_choice":"Change","damage_taken":0,"max_hp_gain":0,"max_hp_loss":0,"event_name":"Living Wall","floor":2,"gold_loss":0,"cards_obtained":["Redo"]},{"cards_removed":["Strike_B"],"damage_healed":0,"gold_gain":0,"player_choice":"Card Removal","damage_taken":7,"max_hp_gain":0,"max_hp_loss":0,"event_name":"Golden Wing","floor":4,"gold_loss":0},{"damage_healed":0,"gold_gain":0,"player_choice":"Donut","damage_taken":0,"max_hp_gain":5,"max_hp_loss":0,"event_name":"Big Fish","floor":7,"gold_loss":0},{"damage_healed":0,"gold_gain":0,"player_choice":"Copied","damage_taken":0,"max_hp_gain":0,"max_hp_loss":0,"event_name":"Duplicator","floor":20,"gold_loss":0,"cards_obtained":["Redo"]}],"is_beta":false,"boss_relics":[{"not_picked":["Runic Pyramid","Pandora\u0027s Box"],"picked":"Nuclear Battery"}],"items_purged_floors":[3,22],"is_endless":false,"potions_floor_spawned":[5,11,16,18,21],"killed_by":"Chosen and Byrds","ascension_level":1}