{"gold_per_floor":[117,137,153,0,18,50,50,82,107,118,149,149,160,44,44,139,189,202,221,26,39,56,56,75,75,75,175,175,187,187,203,203,203],"floor_reached":33,"playtime":5777,"items_purged":["Strike_R"],"score":321,"play_id":"6611e257-ad3a-48b5-85ab-fdcd3c281762","local_time":"20190719001557","is_ascension_mode":false,"campfire_choices":[{"data":"Blood for Blood","floor":7,"key":"SMITH"},{"floor":15,"key":"REST"},{"data":"Anger","floor":23,"key":"SMITH"},{"floor":28,"key":"REST"},{"data":"Inflame","floor":30,"key":"SMITH"},{"data":"Combust","floor":32,"key":"SMITH"}],"neow_cost":"NONE","seed_source_timestamp":779247294060397,"circlet_count":0,"master_deck":["Strike_R","Strike_R","Strike_R","Defend_R","Defend_R+1","Defend_R","Defend_R","Bash","Dropkick","Dropkick","Cleave","Combust+1","Blood for Blood+1","Impervious","Whirlwind","Second Wind","Iron Wave","Rupture","Seeing Red","Feed","Anger+1","Sever Soul+1","Feed","Headbutt+1","Inflame+1","Shrug It Off","Brutality"],"relics":["Burning Blood","Strawberry","Anchor","Bag of Marbles","Bronze Scales","Tiny House","DollysMirror","Dodecahedron","Magic Flower","Kunai"],"potions_floor_usage":[6,8,16,18,27,27,29,31,33,33],"damage_taken":[{"damage":6,"enemies":"Jaw Worm","floor":1,"turns":3},{"damage":0,"enemies":"2 Louse","floor":2,"turns":2},{"damage":3,"enemies":"Small Slimes","floor":3,"turns":3},{"damage":5,"enemies":"Looter","floor":5,"turns":3},{"damage":39,"enemies":"Lagavulin","floor":6,"turns":6},{"damage":34,"enemies":"3 Sentries","floor":8,"turns":5},{"damage":3,"enemies":"2 Fungi Beasts","floor":10,"turns":3},{"damage":41,"enemies":"Lagavulin","floor":11,"turns":7},{"damage":2,"enemies":"Blue Slaver","floor":13,"turns":3},{"damage":31,"enemies":"Slime Boss","floor":16,"turns":9},{"damage":2,"enemies":"3 Byrds","floor":18,"turns":3},{"damage":12,"enemies":"Shell Parasite","floor":19,"turns":4},{"damage":21,"enemies":"Cultist and Chosen","floor":21,"turns":6},{"damage":22,"enemies":"3 Cultists","floor":22,"turns":4},{"damage":30,"enemies":"Snecko","floor":24,"turns":5},{"damage":0,"enemies":"Colosseum Slavers","floor":27,"turns":4},{"damage":14,"enemies":"Colosseum Nobs","floor":27,"turns":3},{"damage":8,"enemies":"Chosen and Byrds","floor":29,"turns":5},{"damage":22,"enemies":"3 Cultists","floor":31,"turns":4},{"damage":94,"enemies":"Champ","floor":33,"turns":9}],"seed_played":"1352951426079718133","potions_obtained":[{"floor":3,"key":"BloodPotion"},{"floor":5,"key":"Swift Potion"},{"floor":8,"key":"GamblersBrew"},{"floor":13,"key":"AttackPotion"},{"floor":16,"key":"Strength Potion"},{"floor":17,"key":"Fire Potion"},{"floor":24,"key":"Fire Potion"},{"floor":27,"key":"SteroidPotion"},{"floor":29,"key":"Weak Potion"},{"floor":31,"key":"SpeedPotion"}],"is_trial":false,"path_per_floor":["M","M","M","$","M","E","R","E","T","M","E","?","M","$","R","B",null,"M","M","$","M","M","R","M","?","T","?","R","M","R","M","R","B"],"character_chosen":"IRONCLAD","items_purchased":["Combust","Rupture","Seeing Red","DollysMirror"],"campfire_rested":2,"item_purchase_floors":[4,14,14,20],"current_hp_per_floor":[80,80,80,80,80,74,74,46,46,49,14,14,18,18,44,19,92,92,86,86,74,61,61,40,40,40,47,80,86,86,78,78,0],"gold":203,"neow_bonus":"REMOVE_CARD","is_prod":false,"is_daily":false,"chose_seed":false,"campfire_upgraded":4,"win_rate":0.0,"timestamp":1563509757,"path_taken":["M","M","M","$","M","E","R","E","T","M","E","?","M","$","R","BOSS","M","M","$","M","M","R","M","?","T","?","R","M","R","M","R","BOSS"],"build_version":"2019-06-28","purchased_purges":1,"victory":false,"max_hp_per_floor":[80,80,80,80,80,87,87,87,87,87,87,87,87,87,87,87,92,92,92,92,95,98,98,101,101,101,110,110,113,113,116,116,116],"card_choices":[{"not_picked":["Sword Boomerang","Clothesline"],"picked":"Dropkick","floor":1},{"not_picked":["Feel No Pain","Clash"],"picked":"Dropkick","floor":2},{"not_picked":["Perfected Strike","Body Slam"],"picked":"Cleave","floor":3},{"not_picked":["Clothesline","Perfected Strike","Body Slam"],"picked":"SKIP","floor":5},{"not_picked":["Anger","Sword Boomerang"],"picked":"Blood for Blood","floor":6},{"not_picked":["Rage","Flex"],"picked":"Impervious","floor":8},{"not_picked":["Armaments","Spot Weakness"],"picked":"Whirlwind","floor":10},{"not_picked":["Feel No Pain","Perfected Strike"],"picked":"Second Wind","floor":11},{"not_picked":["Disarm","Whirlwind"],"picked":"Iron Wave","floor":13},{"not_picked":["Juggernaut","Double Tap"],"picked":"Feed","floor":16},{"not_picked":["Thunderclap","Combust"],"picked":"Anger","floor":17},{"not_picked":["Armaments","True Grit"],"picked":"Sever Soul+1","floor":18},{"not_picked":["Body Slam","Sword Boomerang+1","True Grit"],"picked":"SKIP","floor":19},{"not_picked":["Sever Soul","Flex"],"picked":"Headbutt+1","floor":21},{"not_picked":["Whirlwind","Clash"],"picked":"Inflame","floor":22},{"not_picked":["Perfected Strike","Bloodletting"],"picked":"Shrug It Off","floor":24},{"not_picked":["Clothesline","Warcry","True Grit"],"picked":"SKIP","floor":29},{"not_picked":["Cleave","Uppercut+1"],"picked":"Brutality","floor":31}],"player_experience":22181,"relics_obtained":[{"floor":6,"key":"Strawberry"},{"floor":8,"key":"Anchor"},{"floor":9,"key":"Bag of Marbles"},{"floor":11,"key":"Bronze Scales"},{"floor":26,"key":"Dodecahedron"},{"floor":27,"key":"Magic Flower"},{"floor":27,"key":"Kunai"}],"event_choices":[{"damage_healed":0,"gold_gain":0,"player_choice":"Ignored","damage_taken":0,"max_hp_gain":0,"max_hp_loss":0,"event_name":"Liars Game","floor":12,"gold_loss":0},{"damage_healed":0,"gold_gain":0,"player_choice":"Fight","damage_taken":0,"max_hp_gain":0,"max_hp_loss":0,"event_name":"Colosseum","floor":27,"gold_loss":0},{"damage_healed":0,"gold_gain":0,"player_choice":"Fought Nobs","damage_taken":0,"max_hp_gain":0,"max_hp_loss":0,"event_name":"Colosseum","floor":27,"gold_loss":0}],"is_beta":true,"boss_relics":[{"not_picked":["Ectoplasm","Eternal Feather"],"picked":"Tiny House"}],"items_purged_floors":[4],"is_endless":false,"potions_floor_spawned":[3,5,8,13,16,24,27,29,31],"killed_by":"Champ","ascension_level":0}