{"gold_per_floor":[367,151,151,171,185,185,185,185,209,5,80,80,80,96,96,96],"floor_reached":16,"playtime":525,"items_purged":[],"score":88,"play_id":"b32c5159-3c11-47ee-ab6c-d13cd23f4bb5","local_time":"20190112160058","is_ascension_mode":false,"campfire_choices":[{"data":"True Grit","floor":6,"key":"SMITH"},{"data":"Pommel Strike","floor":8,"key":"SMITH"},{"data":"Clothesline","floor":13,"key":"SMITH"},{"data":"Shrug It Off","floor":15,"key":"SMITH"}],"neow_cost":"PERCENT_DAMAGE","seed_source_timestamp":13958771938472,"circlet_count":0,"master_deck":["Strike_R","Strike_R","Strike_R","Strike_R","Defend_R","Defend_R","Defend_R","Defend_R","Bash","True Grit+1","Pommel Strike+1","Armaments+1","Shrug It Off+1","Clothesline+1"],"relics":["Burning Blood","Tiny Chest","Potion Belt","Membership Card"],"potions_floor_usage":[16],"damage_taken":[{"damage":2,"enemies":"2 Louse","floor":1,"turns":3},{"damage":0,"enemies":"Cultist","floor":4,"turns":4},{"damage":0,"enemies":"Small Slimes","floor":5,"turns":4},{"damage":9,"enemies":"Exordium Thugs","floor":14,"turns":5},{"damage":59,"enemies":"Slime Boss","floor":16,"turns":16}],"seed_played":"7203219292996778196","potions_obtained":[{"floor":5,"key":"LiquidBronze"},{"floor":14,"key":"Energy Potion"}],"is_trial":false,"path_per_floor":["M","$","?","M","M","R","$","R","T","$","?","?","R","M","R","B"],"character_chosen":"IRONCLAD","items_purchased":["Pommel Strike","Tiny Chest","Armaments","Membership Card"],"campfire_rested":0,"item_purchase_floors":[2,2,2,10],"current_hp_per_floor":[60,60,60,66,72,72,72,72,72,72,61,61,61,58,58,0],"gold":96,"neow_bonus":"TWO_FIFTY_GOLD","is_prod":false,"is_daily":false,"chose_seed":false,"campfire_upgraded":4,"win_rate":0,"timestamp":1547269258,"path_taken":["M","$","?","?","M","R","?","R","T","$","?","?","R","?","R","BOSS"],"build_version":"2019-01-10","purchased_purges":0,"victory":false,"max_hp_per_floor":[80,80,80,80,80,80,80,80,80,80,80,80,80,80,80,80],"card_choices":[{"not_picked":["Clothesline","Whirlwind"],"picked":"True Grit","floor":1},{"not_picked":["Headbutt","Clash"],"picked":"Shrug It Off","floor":4},{"not_picked":["Anger","Rampage"],"picked":"Clothesline","floor":5},{"not_picked":["Armaments","Infernal Blade","Clothesline"],"picked":"SKIP","floor":14}],"player_experience":537196,"relics_obtained":[{"floor":9,"key":"Potion Belt"}],"event_choices":[{"damage_healed":0,"gold_gain":0,"player_choice":"Upgraded","damage_taken":0,"max_hp_gain":0,"max_hp_loss":0,"event_name":"Upgrade Shrine","floor":3,"gold_loss":0,"cards_upgraded":["Armaments"]},{"damage_healed":0,"gold_gain":75,"player_choice":"Gather Gold","damage_taken":11,"max_hp_gain":0,"max_hp_loss":0,"event_name":"World of Goop","floor":11,"gold_loss":0},{"cards_removed":["Strike_R"],"damage_healed":0,"gold_gain":0,"player_choice":"Offered Basic","damage_taken":0,"max_hp_gain":0,"max_hp_loss":0,"event_name":"Bonfire Elementals","floor":12,"gold_loss":0}],"is_beta":false,"boss_relics":[],"items_purged_floors":[],"is_endless":false,"potions_floor_spawned":[5,14],"killed_by":"Slime Boss","ascension_level":0}