{"gold_per_floor":[109,129,54,54,54,85,85,85,85,85,105,139,163,181,181,305,305,319,149,149,169,169,169,212,212,212,257,292,304,316,328,340,471,483,519,531,625,656,354,354,372,372,372,397,397,416,76,100,100,100,100,100,49,82,82],"floor_reached":55,"playtime":3697,"items_purged":["Strike_G","Strike_G","Strike_G","Defend_G"],"score":774,"play_id":"dd5fa6d4-12c5-4af9-a18c-121d51387004","local_time":"20190704174717","is_ascension_mode":true,"campfire_choices":[{"data":"Blade Dance","floor":7,"key":"SMITH"},{"floor":10,"key":"REST"},{"data":"Accuracy","floor":15,"key":"SMITH"},{"data":"Blade Dance","floor":23,"key":"SMITH"},{"data":"Defend_G","floor":25,"key":"PURGE"},{"data":"Accuracy","floor":29,"key":"SMITH"},{"data":"Cloak And Dagger","floor":32,"key":"SMITH"},{"data":"Strike_G","floor":40,"key":"PURGE"},{"data":"Defend_G","floor":42,"key":"PURGE"},{"floor":45,"key":"RECALL"},{"data":"Adrenaline","floor":49,"key":"SMITH"},{"data":"Panache","floor":52,"key":"SMITH"}],"neow_cost":"NONE","seed_source_timestamp":10625269711537,"circlet_count":0,"master_deck":["Survivor","Neutralize+1","Blade Dance+1","Blade Dance+1","Terror","Accuracy+1","Heel Hook","Adrenaline+1","Adrenaline+1","Endless Agony+1","Masterful Stab+1","Flying Knee+1","Accuracy+1","Blade Dance+1","Leg Sweep","Venomology","Cloak And Dagger+1","RitualDagger","Quick Slash+1","Panache+1","Quick Slash+1","Accuracy+1"],"relics":["Ring of the Snake","NeowsBlessing","Golden Idol","WingedGreaves","Bag of Marbles","Astrolabe","Peace Pipe","MawBank","Strawberry","WristBlade","Ninja Scroll","Tough Bandages","Lee\u0027s Waffle","Pear"],"potions_floor_usage":[16,22,28,33,35,48,50,50,50,54,55,55],"damage_taken":[{"damage":0,"enemies":"Cultist","floor":1,"turns":1},{"damage":0,"enemies":"Small Slimes","floor":2,"turns":1},{"damage":0,"enemies":"Gremlin Nob","floor":6,"turns":1},{"damage":0,"enemies":"2 Louse","floor":11,"turns":3},{"damage":8,"enemies":"Lagavulin","floor":12,"turns":5},{"damage":4,"enemies":"Red Slaver","floor":13,"turns":2},{"damage":6,"enemies":"3 Louse","floor":14,"turns":4},{"damage":10,"enemies":"Hexaghost","floor":16,"turns":7},{"damage":0,"enemies":"3 Byrds","floor":18,"turns":3},{"damage":0,"enemies":"Chosen","floor":21,"turns":2},{"damage":12,"enemies":"Gremlin Leader","floor":24,"turns":3},{"damage":0,"enemies":"Slavers","floor":27,"turns":2},{"damage":0,"enemies":"Snake Plant","floor":28,"turns":2},{"damage":15,"enemies":"Collector","floor":33,"turns":5},{"damage":19,"enemies":"3 Shapes","floor":35,"turns":2},{"damage":0,"enemies":"Orb Walker","floor":38,"turns":1},{"damage":1,"enemies":"4 Shapes","floor":41,"turns":2},{"damage":0,"enemies":"Writhing Mass","floor":44,"turns":2},{"damage":0,"enemies":"Jaw Worm Horde","floor":46,"turns":1},{"damage":3,"enemies":"Maw","floor":48,"turns":4},{"damage":64,"enemies":"Time Eater","floor":50,"turns":6},{"damage":18,"enemies":"Shield and Spear","floor":54,"turns":3},{"damage":107,"enemies":"The Heart","floor":55,"turns":3}],"seed_played":"-3322172324652829128","potions_obtained":[{"floor":11,"key":"EntropicBrew"},{"floor":12,"key":"Dexterity Potion"},{"floor":13,"key":"Block Potion"},{"floor":21,"key":"SpeedPotion"},{"floor":22,"key":"Fruit Juice"},{"floor":22,"key":"SkillPotion"},{"floor":22,"key":"GamblersBrew"},{"floor":35,"key":"Weak Potion"},{"floor":38,"key":"Swift Potion"},{"floor":48,"key":"FearPotion"}],"is_trial":false,"path_per_floor":["M","M","$","?","?","E","R","?","T","R","M","E","M","M","R","B",null,"M","$","?","M","?","R","E","R","T","E","M","R","?","?","R","B",null,"M","?","T","M","$","R","M","R","T","M","R","M","$","M","R","B",null,"R","$","E","B"],"character_chosen":"THE_SILENT","items_purchased":["Accuracy","Panache","Lee\u0027s Waffle","Strength Potion"],"campfire_rested":1,"item_purchase_floors":[19,39,47,53],"current_hp_per_floor":[70,70,70,70,53,53,53,53,53,70,70,62,58,52,52,42,70,70,70,70,70,75,75,63,63,63,70,70,70,64,64,64,49,82,63,63,63,63,63,63,62,62,62,62,62,62,89,86,86,36,89,89,89,81,0],"gold":82,"neow_bonus":"THREE_ENEMY_KILL","is_prod":false,"is_daily":false,"chose_seed":false,"campfire_upgraded":7,"win_rate":0,"timestamp":1562233637,"path_taken":["M","M","?","?","?","E","R","?","T","R","M","E","?","M","R","BOSS","M","$","?","M","?","R","E","R","T","E","?","R","?","?","R","BOSS","M","?","?","M","$","R","M","R","T","M","R","M","$","M","R","BOSS","R","$","E","BOSS"],"build_version":"2019-07-01","purchased_purges":4,"victory":false,"max_hp_per_floor":[70,70,70,70,70,70,70,70,70,70,70,70,70,70,70,70,70,70,70,70,70,75,75,75,75,75,82,82,82,82,82,82,82,82,82,82,82,82,82,82,82,82,82,82,82,82,89,89,89,89,89,89,89,99,99],"card_choices":[{"not_picked":["Bane","Acrobatics"],"picked":"Blade Dance","floor":1},{"not_picked":["Catalyst","Deflect"],"picked":"Blade Dance","floor":2},{"not_picked":["Footwork","Dagger Throw"],"picked":"Terror","floor":6},{"not_picked":["Underhanded Strike","Tactician","Setup"],"picked":"SKIP","floor":11},{"not_picked":["Tools of the Trade","Flying Knee"],"picked":"Accuracy","floor":12},{"not_picked":["Underhanded Strike","Blur","Outmaneuver"],"picked":"SKIP","floor":13},{"not_picked":["Corpse Explosion","Deflect"],"picked":"Heel Hook","floor":14},{"not_picked":["Envenom","Phantasmal Killer"],"picked":"Adrenaline","floor":16},{"not_picked":["PiercingWail","Bane+1"],"picked":"Flying Knee+1","floor":18},{"not_picked":["Dash","Footwork"],"picked":"Blade Dance","floor":21},{"not_picked":["Calculated Gamble","Blade Dance"],"picked":"Leg Sweep","floor":24},{"not_picked":["Flying Knee","Crippling Poison"],"picked":"Venomology","floor":27},{"not_picked":["Flying Knee","Sucker Punch"],"picked":"Cloak And Dagger","floor":28},{"not_picked":["Dash","Outmaneuver+1","Leg Sweep"],"picked":"SKIP","floor":35},{"not_picked":["PiercingWail+1","Deflect+1"],"picked":"Quick Slash+1","floor":38},{"not_picked":["Flying Knee","Dodge and Roll+1","Bane+1"],"picked":"SKIP","floor":41},{"not_picked":["Flechettes+1","Poisoned Stab"],"picked":"Quick Slash+1","floor":44},{"not_picked":["Sucker Punch","Underhanded Strike+1"],"picked":"Accuracy+1","floor":46},{"not_picked":["Grand Finale","Slice","Dodge and Roll+1"],"picked":"SKIP","floor":48},{"not_picked":["Eviscerate","Sucker Punch+1","Deflect+1"],"picked":"SKIP","floor":54}],"player_experience":131894,"relics_obtained":[{"floor":6,"key":"WingedGreaves"},{"floor":12,"key":"Bag of Marbles"},{"floor":24,"key":"Peace Pipe"},{"floor":26,"key":"MawBank"},{"floor":27,"key":"Strawberry"},{"floor":37,"key":"Ninja Scroll"},{"floor":43,"key":"Tough Bandages"},{"floor":54,"key":"Pear"}],"event_choices":[{"damage_healed":0,"gold_gain":0,"player_choice":"Grow","damage_taken":0,"max_hp_gain":0,"max_hp_loss":0,"event_name":"Living Wall","floor":4,"gold_loss":0,"cards_upgraded":["Blade Dance"]},{"damage_healed":0,"gold_gain":0,"player_choice":"Take Damage","damage_taken":17,"relics_obtained":["Golden Idol"],"max_hp_gain":0,"max_hp_loss":0,"event_name":"Golden Idol","floor":5,"gold_loss":0},{"damage_healed":0,"gold_gain":0,"player_choice":"Upgraded","damage_taken":0,"max_hp_gain":0,"max_hp_loss":0,"event_name":"Upgrade Shrine","floor":8,"gold_loss":0,"cards_upgraded":["Neutralize"]},{"damage_healed":0,"gold_gain":0,"player_choice":"Ignored","damage_taken":0,"max_hp_gain":0,"max_hp_loss":0,"event_name":"Ghosts","floor":20,"gold_loss":0},{"damage_healed":0,"gold_gain":0,"player_choice":"Got Potions","damage_taken":0,"max_hp_gain":0,"max_hp_loss":0,"event_name":"Lab","floor":22,"gold_loss":0},{"damage_healed":0,"gold_gain":0,"player_choice":"Joined the Cult","damage_taken":6,"max_hp_gain":0,"max_hp_loss":0,"event_name":"Nest","floor":30,"gold_loss":0,"cards_obtained":["RitualDagger"]},{"damage_healed":0,"gold_gain":0,"player_choice":"Ignored","damage_taken":0,"max_hp_gain":0,"max_hp_loss":0,"event_name":"The Mausoleum","floor":31,"gold_loss":0},{"damage_healed":0,"gold_gain":0,"player_choice":"Ignored","damage_taken":0,"max_hp_gain":0,"max_hp_loss":0,"event_name":"Tomb of Lord Red Mask","floor":36,"gold_loss":0}],"is_beta":false,"boss_relics":[{"not_picked":["Ring of the Serpent","Lizard Tail"],"picked":"Astrolabe"},{"not_picked":["Philosopher\u0027s Stone","Black Star"],"picked":"WristBlade"}],"items_purged_floors":[3,19,39,47],"is_endless":false,"potions_floor_spawned":[11,12,13,14,21,24,35,38,41,48],"killed_by":"The Heart","ascension_level":1}