{"gold_per_floor":[111,111,129,19,19,19,39,55,55,66,66,66,66,85,85,187,187,201,220,249,349,359,359,376,376],"floor_reached":25,"playtime":1697,"items_purged":[],"score":195,"play_id":"7076c7e0-1c0b-4dda-879a-5aa71ca4520b","local_time":"20190710220207","is_ascension_mode":false,"campfire_choices":[{"data":"Sword Boomerang","floor":6.0,"key":"SMITH"},{"floor":11.0,"key":"REST"},{"data":"Body Slam","floor":13.0,"key":"SMITH"},{"data":"Body Slam","floor":15.0,"key":"SMITH"},{"floor":23,"key":"REST"}],"neow_cost":"NONE","seed_source_timestamp":0,"circlet_count":0,"master_deck":["Strike_R","Strike_R","Strike_R","Strike_R","Strike_R+1","Defend_R","Defend_R+1","Defend_R","Defend_R","Bash","Cleave","Sword Boomerang+1","Combust+1","Metallicize+1","Second Wind+1","Dual Wield+1","Body Slam+1","Body Slam+1","Flame Barrier","Juggernaut","Uppercut","Iron Wave","Blood for Blood","Hemokinesis","Cleave"],"special_seed":0,"relics":["Burning Blood","War Paint","Runic Pyramid","Red Mask"],"potions_floor_usage":[22,22,25,25],"damage_taken":[{"damage":0.0,"enemies":"Small Slimes","floor":1.0,"turns":3.0},{"damage":1.0,"enemies":"Cultist","floor":3.0,"turns":3.0},{"damage":11.0,"enemies":"Jaw Worm","floor":7.0,"turns":2.0},{"damage":12.0,"enemies":"2 Fungi Beasts","floor":8.0,"turns":4.0},{"damage":5.0,"enemies":"Large Slime","floor":10.0,"turns":6.0},{"damage":3.0,"enemies":"Exordium Thugs","floor":14.0,"turns":3.0},{"damage":43.0,"enemies":"Hexaghost","floor":16.0,"turns":9.0},{"damage":9.0,"enemies":"Spheric Guardian","floor":18.0,"turns":4.0},{"damage":20.0,"enemies":"Shell Parasite","floor":19.0,"turns":4.0},{"damage":42.0,"enemies":"Masked Bandits","floor":20.0,"turns":5.0},{"damage":14,"enemies":"Sentry and Sphere","floor":22,"turns":8},{"damage":37,"enemies":"Centurion and Healer","floor":24,"turns":8},{"damage":15,"enemies":"Snake Plant","floor":25,"turns":1}],"seed_played":"-6215814282773620716","potions_obtained":[{"floor":3.0,"key":"Weak Potion"},{"floor":8.0,"key":"SkillPotion"},{"floor":10.0,"key":"SpeedPotion"},{"floor":16.0,"key":"Weak Potion"},{"floor":20.0,"key":"PowerPotion"},{"floor":24,"key":"Swift Potion"}],"is_trial":false,"path_per_floor":["M","?","M","$","?","R","M","M","T","M","R","?","R","M","R","B",null,"M","M","?","?","M","R","M","M"],"character_chosen":"IRONCLAD","items_purchased":["Metallicize","Second Wind"],"campfire_rested":2,"item_purchase_floors":[4,4],"current_hp_per_floor":[80,64,69,69,69,69,64,58,58,59,80,80,80,80,80,43,80,77,63,27,27,19,43,12,0],"gold":376,"neow_bonus":"THREE_CARDS","is_prod":false,"is_daily":false,"chose_seed":false,"campfire_upgraded":3,"win_rate":0,"timestamp":1562810527,"path_taken":["M","?","M","$","?","R","?","M","T","M","R","?","R","M","R","BOSS","M","M","?","?","M","R","M","M"],"build_version":"2019-07-05","purchased_purges":0,"victory":false,"max_hp_per_floor":[80,80,80,80,80,80,80,80,80,80,80,80,80,80,80,80,80,80,80,80,80,80,80,80,80],"card_choices":[{"not_picked":["Twin Strike","Shrug It Off"],"picked":"Cleave","floor":0.0},{"not_picked":["Iron Wave","Blood for Blood"],"picked":"Sword Boomerang","floor":1.0},{"not_picked":["Reckless Charge","Rupture"],"picked":"Combust","floor":3.0},{"not_picked":["Iron Wave","Reckless Charge"],"picked":"Dual Wield","floor":7.0},{"not_picked":["Flex","Heavy Blade"],"picked":"Body Slam","floor":8.0},{"not_picked":["Twin Strike","Sword Boomerang"],"picked":"Body Slam","floor":10.0},{"not_picked":["Clash","Anger"],"picked":"Flame Barrier","floor":14.0},{"not_picked":["Demon Form","Feed"],"picked":"Juggernaut","floor":16.0},{"not_picked":["Armaments","Warcry"],"picked":"Uppercut","floor":18.0},{"not_picked":["Flex+1","Cleave+1"],"picked":"Iron Wave","floor":19.0},{"not_picked":["Whirlwind+1","Body Slam"],"picked":"Blood for Blood","floor":20.0},{"not_picked":["Second Wind","Twin Strike"],"picked":"Hemokinesis","floor":22},{"not_picked":["Sword Boomerang","Feed"],"picked":"Cleave","floor":24}],"player_experience":54466,"relics_obtained":[{"floor":9.0,"key":"War Paint"},{"floor":20.0,"key":"Red Mask"}],"event_choices":[{"damage_healed":0.0,"max_hp_gain":0.0,"max_hp_loss":0.0,"gold_gain":0.0,"event_name":"Shining Light","player_choice":"Entered Light","floor":2.0,"gold_loss":0.0,"damage_taken":16.0,"cards_upgraded":["Defend_R","Strike_R"]},{"damage_healed":0.0,"max_hp_gain":0.0,"max_hp_loss":0.0,"gold_gain":0.0,"event_name":"Accursed Blacksmith","player_choice":"Forge","floor":5.0,"gold_loss":0.0,"damage_taken":0.0,"cards_upgraded":["Combust"]},{"damage_healed":0.0,"max_hp_gain":0.0,"max_hp_loss":0.0,"gold_gain":0.0,"event_name":"Living Wall","player_choice":"Grow","floor":12.0,"gold_loss":0.0,"damage_taken":0.0,"cards_upgraded":["Metallicize"]},{"damage_healed":0.0,"max_hp_gain":0.0,"max_hp_loss":0.0,"gold_gain":0.0,"event_name":"Masked Bandits","player_choice":"Fought Bandits","floor":20.0,"gold_loss":0.0,"damage_taken":0.0},{"damage_healed":0.0,"max_hp_gain":0.0,"max_hp_loss":0.0,"gold_gain":100.0,"event_name":"Golden Shrine","player_choice":"Pray","floor":21.0,"gold_loss":0.0,"damage_taken":0.0}],"is_beta":false,"boss_relics":[{"not_picked":["Tiny House","Calling Bell"],"picked":"Runic Pyramid"}],"items_purged_floors":[],"is_endless":false,"potions_floor_spawned":[3,8,10,16,20,24],"killed_by":"Snake Plant","ascension_level":0}