{"gold_per_floor":[110,110,131,206,131,131,170,120,120,120,173,221,233,260,272,414,426,463,494,506,541,553,565,602,634,646,658,670,695,747,780,792,932,944,969,996,558,571,1,1,16,16,68,93,93,158,0,18,18,18,18,18,18,52,52],"floor_reached":56,"playtime":7656,"items_purged":["Defend_R","Wild Strike","Wild Strike"],"score":1391,"play_id":"9c5db045-4bd8-4763-85ed-ecd33bd695a4","local_time":"20190704033049","is_ascension_mode":true,"campfire_choices":[{"floor":6,"key":"RECALL"},{"data":"Fire Breathing","floor":13,"key":"SMITH"},{"floor":15,"key":"REST"},{"floor":23,"key":"REST"},{"data":"Brutality","floor":27,"key":"SMITH"},{"data":"RitualDagger","floor":32,"key":"SMITH"},{"floor":40,"key":"REST"},{"data":"Inflame","floor":45,"key":"SMITH"},{"data":"Bash","floor":49,"key":"SMITH"},{"data":"Iron Wave","floor":52,"key":"SMITH"}],"neow_cost":"NONE","seed_source_timestamp":912672895559182,"circlet_count":0,"master_deck":["Bash+1","Clash","Clash","Fire Breathing+1","Flex+1","Iron Wave+1","Iron Wave","Reaper","Brutality+1","Dropkick","Anger","Warcry+1","Warcry+1","True Grit+1","Pommel Strike+1","RitualDagger+1","Warcry+1","Double Tap+1","Clash","Master of Strategy+1","Warcry+1","Inflame+1","Flex+1","Clash","Warcry+1"],"relics":["Burning Blood","NeowsBlessing","Golden Idol","Pen Nib","Toxic Egg 2","MawBank","Ornamental Fan","Odd Mushroom","Pandora\u0027s Box","Ancient Tea Set","Kunai","Philosopher\u0027s Stone","Blood Vial","Strange Spoon","Regal Pillow","Happy Flower","Incense Burner","Red Mask","Red Skull"],"potions_floor_usage":[21,33,55,55,55],"damage_taken":[{"damage":0,"enemies":"2 Louse","floor":1,"turns":1},{"damage":0,"enemies":"Small Slimes","floor":3,"turns":1},{"damage":0,"enemies":"3 Sentries","floor":7,"turns":2},{"damage":15,"enemies":"Lagavulin","floor":11,"turns":4},{"damage":12,"enemies":"The Mushroom Lair","floor":12,"turns":3},{"damage":0,"enemies":"Jaw Worm","floor":14,"turns":2},{"damage":18,"enemies":"Slime Boss","floor":16,"turns":6},{"damage":18,"enemies":"Shell Parasite","floor":18,"turns":4},{"damage":8,"enemies":"Chosen","floor":19,"turns":3},{"damage":33,"enemies":"Snecko","floor":21,"turns":6},{"damage":5,"enemies":"3 Cultists","floor":24,"turns":3},{"damage":28,"enemies":"Centurion and Healer","floor":25,"turns":4},{"damage":8,"enemies":"Cultist and Chosen","floor":29,"turns":4},{"damage":34,"enemies":"Slavers","floor":30,"turns":4},{"damage":32,"enemies":"Snake Plant","floor":31,"turns":3},{"damage":15,"enemies":"Collector","floor":33,"turns":6},{"damage":9,"enemies":"Orb Walker","floor":35,"turns":2},{"damage":34,"enemies":"3 Darklings","floor":36,"turns":3},{"damage":21,"enemies":"Writhing Mass","floor":38,"turns":4},{"damage":1,"enemies":"Jaw Worm Horde","floor":41,"turns":2},{"damage":5,"enemies":"4 Shapes","floor":44,"turns":2},{"damage":22,"enemies":"2 Orb Walkers","floor":46,"turns":3},{"damage":13,"enemies":"Sphere and 2 Shapes","floor":48,"turns":2},{"damage":6,"enemies":"Donu and Deca","floor":50,"turns":3},{"damage":1,"enemies":"Shield and Spear","floor":54,"turns":2},{"damage":68,"enemies":"The Heart","floor":55,"turns":6}],"seed_played":"1896595359436101367","potions_obtained":[{"floor":1,"key":"PowerPotion"},{"floor":12,"key":"FearPotion"},{"floor":19,"key":"Fire Potion"},{"floor":24,"key":"LiquidBronze"},{"floor":25,"key":"Weak Potion"},{"floor":33,"key":"SpeedPotion"},{"floor":35,"key":"Strength Potion"},{"floor":38,"key":"Block Potion"}],"is_trial":false,"path_per_floor":["M","?","M","?","$","R","E","?","T","T","E","?","R","M","R","B",null,"M","M","?","M","$","R","M","M","T","R","?","M","E","M","R","B",null,"M","M","$","M","$","R","M","?","T","M","R","?","?","M","R","B",null,"R","$","E","B",null],"character_chosen":"IRONCLAD","items_purchased":["Blood Vial","Strange Spoon","Master of Strategy+1","Warcry+1","Regal Pillow","Inflame"],"campfire_rested":3,"item_purchase_floors":[37,37,39,39,39,39],"current_hp_per_floor":[80,60,66,55,55,55,61,61,61,61,52,46,46,52,76,64,80,68,66,66,48,48,72,80,58,58,58,52,66,80,54,54,68,80,77,69,69,56,56,80,80,80,80,80,80,64,64,73,73,80,80,80,80,80,66],"gold":52,"neow_bonus":"THREE_ENEMY_KILL","is_prod":false,"is_daily":false,"chose_seed":false,"campfire_upgraded":6,"win_rate":0,"timestamp":1562182249,"path_taken":["M","?","M","?","?","R","E","?","T","?","E","?","R","M","R","BOSS","M","M","?","M","$","R","M","?","T","R","?","M","E","M","R","BOSS","M","M","$","M","$","R","M","?","T","M","R","?","?","M","R","BOSS","R","$","E","BOSS"],"build_version":"2019-07-01","purchased_purges":3,"victory":true,"max_hp_per_floor":[80,80,80,80,80,80,80,80,80,80,80,80,80,80,80,80,80,80,80,80,80,80,80,80,80,80,80,80,80,80,80,80,80,80,80,80,80,80,80,80,80,80,80,80,80,80,80,80,80,80,80,80,80,80,80],"card_choices":[{"not_picked":["Metallicize","Body Slam"],"picked":"Clash","floor":1},{"not_picked":["Seeing Red","Thunderclap"],"picked":"Clash","floor":3},{"not_picked":["Cleave","Armaments"],"picked":"Fire Breathing","floor":7},{"not_picked":["True Grit+1","Dropkick"],"picked":"Flex+1","floor":11},{"not_picked":["Perfected Strike","Bludgeon"],"picked":"Armaments+1","floor":12},{"not_picked":["Armaments+1","Clothesline"],"picked":"Iron Wave","floor":14},{"not_picked":["Whirlwind","Armaments+1","Heavy Blade"],"picked":"SKIP","floor":18},{"not_picked":["Shrug It Off+1","Armaments+1"],"picked":"Warcry+1","floor":19},{"not_picked":["Thunderclap","Wild Strike"],"picked":"Warcry+1","floor":21},{"not_picked":["Perfected Strike","Thunderclap+1"],"picked":"True Grit+1","floor":24},{"not_picked":["Demon Form","Clothesline"],"picked":"Pommel Strike+1","floor":25},{"not_picked":["Whirlwind","Metallicize","Searing Blow"],"picked":"SKIP","floor":29},{"not_picked":["Inflame","True Grit+1"],"picked":"Warcry+1","floor":30},{"not_picked":["Disarm+1","Cleave","Clothesline"],"picked":"SKIP","floor":31},{"not_picked":["Bludgeon","Limit Break+1"],"picked":"Double Tap+1","floor":33},{"not_picked":["True Grit+1","Pommel Strike"],"picked":"Clash","floor":35},{"not_picked":["Heavy Blade+1","True Grit+1","Pummel+1"],"picked":"SKIP","floor":36},{"not_picked":["Hemokinesis+1","Sword Boomerang","Perfected Strike"],"picked":"SKIP","floor":38},{"not_picked":["Cleave+1","Clothesline"],"picked":"Flex+1","floor":41},{"not_picked":["Searing Blow","Sword Boomerang+1"],"picked":"Clash","floor":44},{"not_picked":["Power Through+1","Double Tap+1","Rampage"],"picked":"SKIP","floor":48},{"not_picked":["Clothesline+1","Battle Trance+1"],"picked":"Warcry+1","floor":54}],"player_experience":118057,"relics_obtained":[{"floor":7,"key":"Pen Nib"},{"floor":9,"key":"Toxic Egg 2"},{"floor":10,"key":"MawBank"},{"floor":11,"key":"Ornamental Fan"},{"floor":12,"key":"Odd Mushroom"},{"floor":30,"key":"Kunai"},{"floor":43,"key":"Happy Flower"},{"floor":46,"key":"Incense Burner"},{"floor":54,"key":"Red Skull"}],"event_choices":[{"damage_healed":0,"gold_gain":0,"player_choice":"Take Damage","damage_taken":20,"relics_obtained":["Golden Idol"],"max_hp_gain":0,"max_hp_loss":0,"event_name":"Golden Idol","floor":2,"gold_loss":0},{"damage_healed":0,"gold_gain":75,"player_choice":"Gather Gold","damage_taken":11,"max_hp_gain":0,"max_hp_loss":0,"event_name":"World of Goop","floor":4,"gold_loss":0},{"cards_removed":["Defend_R"],"damage_healed":0,"gold_gain":0,"player_choice":"Card Removal","damage_taken":0,"max_hp_gain":0,"max_hp_loss":0,"event_name":"The Cleric","floor":8,"gold_loss":50},{"damage_healed":0,"gold_gain":0,"player_choice":"Fought Mushrooms","damage_taken":0,"max_hp_gain":0,"max_hp_loss":0,"event_name":"Mushrooms","floor":12,"gold_loss":0},{"damage_healed":0,"gold_gain":0,"player_choice":"Gave Potion","damage_taken":0,"relics_obtained":["Ancient Tea Set"],"max_hp_gain":0,"max_hp_loss":0,"event_name":"WeMeetAgain","floor":20,"gold_loss":0},{"damage_healed":0,"gold_gain":0,"player_choice":"Joined the Cult","damage_taken":6,"max_hp_gain":0,"max_hp_loss":0,"event_name":"Nest","floor":28,"gold_loss":0,"cards_obtained":["RitualDagger"]},{"cards_removed":["Armaments"],"damage_healed":0,"gold_gain":0,"player_choice":"Removed Skill","damage_taken":0,"max_hp_gain":0,"max_hp_loss":0,"event_name":"Falling","floor":42,"gold_loss":0},{"damage_healed":0,"gold_gain":0,"player_choice":"Fight","damage_taken":0,"max_hp_gain":0,"max_hp_loss":0,"event_name":"Mysterious Sphere","floor":46,"gold_loss":0},{"damage_healed":0,"gold_gain":0,"player_choice":"Paid","damage_taken":0,"relics_obtained":["Red Mask"],"max_hp_gain":0,"max_hp_loss":0,"event_name":"Tomb of Lord Red Mask","floor":47,"gold_loss":158}],"is_beta":false,"boss_relics":[{"not_picked":["Runic Pyramid","Busted Crown"],"picked":"Pandora\u0027s Box"},{"not_picked":["Lizard Tail","White Beast Statue"],"picked":"Philosopher\u0027s Stone"}],"items_purged_floors":[5,37,39],"is_endless":false,"potions_floor_spawned":[1,12,19,24,25,31,33,35,38,41,48,54],"ascension_level":3}