{"gold_per_floor":[113,188,215,215,36,36,68,68,95,95,95,119,152,164,164,164],"floor_reached":16,"playtime":497,"items_purged":[],"score":120,"play_id":"60529912-68fb-4a57-9926-4da726df8231","local_time":"20190717140028","is_ascension_mode":true,"campfire_choices":[{"data":"Streamline","floor":6.0,"key":"SMITH"},{"floor":10.0,"key":"REST"},{"floor":15.0,"key":"REST"}],"neow_cost":"NONE","seed_source_timestamp":617059356833225,"circlet_count":0,"master_deck":["Strike_B","Strike_B","Strike_B","Strike_B","Defend_B","Defend_B","Defend_B","Defend_B","Zap+1","Dualcast","Sunder","Capacitor","Genetic Algorithm","Streamline+1","Auto Shields","Hello World","Leap","Genetic Algorithm"],"special_seed":0,"relics":["Cracked Core","Bag of Marbles","Ancient Tea Set","Boot","Potion Belt","Odd Mushroom","Cables"],"potions_floor_usage":[16],"damage_taken":[{"damage":9.0,"enemies":"2 Louse","floor":1.0,"turns":3.0},{"damage":39.0,"enemies":"Lagavulin","floor":7.0,"turns":6.0},{"damage":0.0,"enemies":"The Mushroom Lair","floor":12.0,"turns":5.0},{"damage":32.0,"enemies":"Gremlin Nob","floor":13.0,"turns":5.0},{"damage":0.0,"enemies":"Jaw Worm","floor":14.0,"turns":3.0},{"damage":35,"enemies":"The Guardian","floor":16,"turns":7}],"seed_played":"-4852707437806274093","potions_obtained":[{"floor":1.0,"key":"Swift Potion"},{"floor":12.0,"key":"Fruit Juice"},{"floor":14.0,"key":"AttackPotion"}],"is_trial":false,"path_per_floor":["M","?","T","?","$","R","E","?","T","R","?","?","E","M","R","B"],"character_chosen":"DEFECT","items_purchased":["Capacitor","Genetic Algorithm","Streamline"],"campfire_rested":2,"item_purchase_floors":[5,5,5],"current_hp_per_floor":[66,55,55,55,55,55,16,16,16,38,31,36,4,4,28,0],"gold":164,"neow_bonus":"RANDOM_COMMON_RELIC","is_prod":false,"is_daily":false,"chose_seed":false,"campfire_upgraded":1,"win_rate":0,"timestamp":1563386428,"path_taken":["M","?","?","?","$","R","E","?","T","R","?","?","E","M","R","BOSS"],"build_version":"2019-07-05","purchased_purges":0,"victory":false,"max_hp_per_floor":[75,75,75,75,75,75,75,75,75,75,75,80,80,80,80,80],"card_choices":[{"not_picked":["Double Energy","Sweeping Beam"],"picked":"Sunder","floor":1.0},{"not_picked":["Go for the Eyes","All For One"],"picked":"Auto Shields","floor":7.0},{"not_picked":["Hologram","Skim"],"picked":"Hello World","floor":12.0},{"not_picked":["Chill","Rebound"],"picked":"Leap","floor":13.0},{"not_picked":["Hologram","Heatsinks"],"picked":"Genetic Algorithm","floor":14.0}],"player_experience":199063,"relics_obtained":[{"floor":7.0,"key":"Ancient Tea Set"},{"floor":9.0,"key":"Boot"},{"floor":12.0,"key":"Odd Mushroom"},{"floor":13.0,"key":"Cables"}],"event_choices":[{"damage_healed":0.0,"max_hp_gain":0.0,"max_hp_loss":0.0,"gold_gain":75.0,"event_name":"World of Goop","player_choice":"Gather Gold","floor":2.0,"gold_loss":0.0,"damage_taken":11.0},{"damage_healed":0.0,"max_hp_gain":0.0,"max_hp_loss":0.0,"gold_gain":0.0,"event_name":"Living Wall","player_choice":"Grow","floor":4.0,"gold_loss":0.0,"damage_taken":0.0,"cards_upgraded":["Zap"]},{"damage_healed":0.0,"max_hp_gain":0.0,"max_hp_loss":0.0,"gold_gain":0.0,"event_name":"Dead Adventurer","player_choice":"Searched \u00270\u0027 times","floor":8.0,"gold_loss":0.0,"damage_taken":0.0},{"damage_healed":0.0,"max_hp_gain":0.0,"max_hp_loss":0.0,"gold_gain":0.0,"event_name":"Scrap Ooze","player_choice":"Success","floor":11.0,"gold_loss":0.0,"damage_taken":7.0,"relics_obtained":["Potion Belt"]},{"damage_healed":0.0,"max_hp_gain":0.0,"max_hp_loss":0.0,"gold_gain":0.0,"event_name":"Mushrooms","player_choice":"Fought Mushrooms","floor":12.0,"gold_loss":0.0,"damage_taken":0.0}],"is_beta":false,"boss_relics":[],"items_purged_floors":[],"is_endless":false,"potions_floor_spawned":[1,12,14],"killed_by":"The Guardian","ascension_level":3}