{"gold_per_floor":[111,111,121,121,41,67,67,102,102,137,150,162,162,90,90,191,191,211,143,143,143,242,242,254,254,279,279],"floor_reached":27,"playtime":878,"items_purged":[],"score":272,"play_id":"9b6f6fe9-5df6-4733-9463-71aa9f073d4d","local_time":"20190719124620","is_ascension_mode":true,"campfire_choices":[{"floor":7,"key":"REST"},{"data":"Defragment","floor":13,"key":"SMITH"},{"floor":15,"key":"REST"},{"floor":23,"key":"REST"},{"data":"Defragment","floor":25,"key":"SMITH"}],"neow_cost":"NONE","seed_source_timestamp":785068037757663,"circlet_count":0,"master_deck":["Strike_B+1","Strike_B+1","Strike_B+1","Defend_B+1","Defend_B+1","Defend_B+1","Defend_B+1","Zap","Dualcast+1","Defragment+1","Leap","Ball Lightning","Genetic Algorithm","Glacier+1","Blizzard","Ball Lightning","Barrage","Glacier","Hyperbeam","Creative AI","Loop","Defragment+1","Go for the Eyes"],"special_seed":0,"relics":["Cracked Core","Darkstone Periapt","Dodecahedron","Question Card","Bag of Preparation","Runic Pyramid","Enchiridion","War Paint"],"potions_floor_usage":[10,16],"damage_taken":[{"damage":0.0,"enemies":"2 Louse","floor":1.0,"turns":2.0},{"damage":1.0,"enemies":"Cultist","floor":3.0,"turns":4.0},{"damage":31,"enemies":"3 Sentries","floor":6,"turns":9},{"damage":20,"enemies":"Lagavulin","floor":8,"turns":8},{"damage":32,"enemies":"Gremlin Nob","floor":10,"turns":4},{"damage":0,"enemies":"Jaw Worm","floor":11,"turns":3},{"damage":0,"enemies":"Blue Slaver","floor":12,"turns":3},{"damage":43,"enemies":"Slime Boss","floor":16,"turns":9},{"damage":21,"enemies":"3 Byrds","floor":18,"turns":3},{"damage":9,"enemies":"Spheric Guardian","floor":24,"turns":4},{"damage":68,"enemies":"Slavers","floor":27,"turns":4}],"seed_played":"-6092220106774435726","potions_obtained":[{"floor":1.0,"key":"SpeedPotion"},{"floor":8,"key":"Strength Potion"},{"floor":10,"key":"SteroidPotion"},{"floor":11,"key":"Dexterity Potion"},{"floor":18,"key":"PowerPotion"}],"is_trial":false,"path_per_floor":["M","?","M","?","$","E","R","E","T","E","M","M","R","$","R","B",null,"M","$","?","?","?","R","M","R","T","E"],"character_chosen":"DEFECT","items_purchased":["Ball Lightning","Genetic Algorithm","Hyperbeam","Defragment"],"campfire_rested":3,"item_purchase_floors":[5,5,14,19],"current_hp_per_floor":[82,82,81,81,81,50,74,54,54,22,22,22,22,22,46,3,82,61,61,61,45,45,69,60,60,60,0],"gold":279,"neow_bonus":"TEN_PERCENT_HP_BONUS","is_prod":false,"is_daily":false,"chose_seed":false,"campfire_upgraded":2,"win_rate":0,"timestamp":1563554780,"path_taken":["M","?","?","?","$","E","R","E","T","E","?","M","R","?","R","BOSS","M","$","?","?","?","R","?","R","T","E"],"build_version":"2019-07-17","purchased_purges":0,"victory":false,"max_hp_per_floor":[82,82,82,82,82,82,82,82,82,82,82,82,82,82,82,82,82,82,82,82,82,82,82,82,82,82,82],"card_choices":[{"not_picked":["Compile Driver","Conserve Battery"],"picked":"Defragment","floor":1.0},{"not_picked":["Stack","Steam"],"picked":"Leap","floor":3.0},{"not_picked":["Rebound","Cold Snap"],"picked":"Glacier","floor":6},{"not_picked":["Static Discharge","Beam Cell"],"picked":"Blizzard","floor":8},{"not_picked":["Steam Power","BootSequence","Conserve Battery"],"picked":"Ball Lightning","floor":10},{"not_picked":["Go for the Eyes","Leap","Coolheaded"],"picked":"Barrage","floor":11},{"not_picked":["Conserve Battery","Streamline","White Noise"],"picked":"Glacier","floor":12},{"not_picked":["Thunder Strike","Hyperbeam","Multi-Cast"],"picked":"Creative AI","floor":16},{"not_picked":["Reinforced Body","Coolheaded","Leap"],"picked":"Loop","floor":18},{"not_picked":["Reprogram","Barrage","Rebound"],"picked":"Go for the Eyes","floor":24}],"player_experience":222576,"relics_obtained":[{"floor":6,"key":"Darkstone Periapt"},{"floor":8,"key":"Dodecahedron"},{"floor":9,"key":"Question Card"},{"floor":10,"key":"Bag of Preparation"},{"floor":21,"key":"Enchiridion"},{"floor":26,"key":"War Paint"}],"event_choices":[{"cards_removed":["Strike_B"],"damage_healed":0.0,"max_hp_gain":0.0,"max_hp_loss":0.0,"gold_gain":0.0,"event_name":"Wheel of Change","player_choice":"Card Removal","floor":2.0,"gold_loss":0.0,"damage_taken":0.0},{"damage_healed":0,"gold_gain":0,"player_choice":"Ignored","damage_taken":0,"max_hp_gain":0,"max_hp_loss":0,"event_name":"Purifier","floor":4,"gold_loss":0},{"damage_healed":0,"gold_gain":0,"player_choice":"Simplicity","damage_taken":0,"max_hp_gain":0,"max_hp_loss":0,"event_name":"Back to Basics","floor":20,"gold_loss":0,"cards_upgraded":["Strike_B","Strike_B","Strike_B","Defend_B","Defend_B","Defend_B","Defend_B"]},{"damage_healed":0,"gold_gain":0,"player_choice":"Obtained Book","damage_taken":16,"max_hp_gain":0,"max_hp_loss":0,"event_name":"Cursed Tome","floor":21,"gold_loss":0},{"damage_healed":0,"gold_gain":99,"player_choice":"Stole From Cult","damage_taken":0,"max_hp_gain":0,"max_hp_loss":0,"event_name":"Nest","floor":22,"gold_loss":0}],"is_beta":false,"boss_relics":[{"not_picked":["Pandora\u0027s Box","Empty Cage"],"picked":"Runic Pyramid"}],"items_purged_floors":[],"is_endless":false,"potions_floor_spawned":[1,8,10,11,12,18,24],"killed_by":"Slavers","ascension_level":4}