{"gold_per_floor":[115,127,77,92,17,48,48,48,48,66,86,11,26,37,37,141,141,161,176,101,115,130,130,229,229,229,229,244,244,244,277,277,375,375,393,403,418,518,533,533,546,546],"floor_reached":42,"playtime":4245,"items_purged":["Defend_B"],"score":424,"play_id":"c196e0a0-473e-4a7c-9dae-8c29a60687ba","local_time":"20190629205333","is_ascension_mode":true,"campfire_choices":[{"floor":8,"key":"REST"},{"floor":15,"key":"REST"},{"floor":23,"key":"REST"},{"floor":25,"key":"REST"},{"floor":27,"key":"RECALL"},{"floor":30,"key":"REST"},{"floor":32,"key":"REST"},{"floor":40,"key":"REST"}],"neow_cost":"NONE","seed_source_timestamp":546739697426046,"circlet_count":0,"master_deck":["Strike_B","Defend_B","Zap","Dualcast","Purity","Lockon","Capacitor","Chaos","Capacitor","Defragment","Chill","Lockon","Conserve Battery","Fission","Streamline+1","Electrodynamics+1","White Noise+1","Turbo","Force Field","Double Energy","Ball Lightning+1","Turbo+1","Seek","Hologram","Defragment+1","Double Energy"],"relics":["Cracked Core","Kunai","Centennial Puzzle","Mercury Hourglass","Astrolabe","Red Mask","Cursed Key","Bird Faced Urn"],"potions_floor_usage":[6,21,33,38],"damage_taken":[{"damage":2,"enemies":"Small Slimes","floor":1,"turns":3},{"damage":6,"enemies":"Jaw Worm","floor":2,"turns":3},{"damage":1,"enemies":"2 Louse","floor":4,"turns":2},{"damage":30,"enemies":"3 Sentries","floor":6,"turns":7},{"damage":5,"enemies":"Looter","floor":10,"turns":3},{"damage":3,"enemies":"Red Slaver","floor":11,"turns":3},{"damage":18,"enemies":"Gremlin Gang","floor":13,"turns":4},{"damage":10,"enemies":"Looter","floor":14,"turns":2},{"damage":20,"enemies":"Hexaghost","floor":16,"turns":10},{"damage":11,"enemies":"Spheric Guardian","floor":18,"turns":4},{"damage":0,"enemies":"3 Byrds","floor":19,"turns":1},{"damage":23,"enemies":"Snake Plant","floor":21,"turns":3},{"damage":12,"enemies":"Centurion and Healer","floor":22,"turns":3},{"damage":37,"enemies":"Sentry and Sphere","floor":28,"turns":6},{"damage":10,"enemies":"Masked Bandits","floor":31,"turns":3},{"damage":54,"enemies":"Champ","floor":33,"turns":9},{"damage":0,"enemies":"3 Shapes","floor":35,"turns":3},{"damage":7,"enemies":"Orb Walker","floor":36,"turns":2},{"damage":1,"enemies":"3 Darklings","floor":37,"turns":3},{"damage":6,"enemies":"Mind Bloom Boss Battle","floor":38,"turns":4},{"damage":86,"enemies":"Writhing Mass","floor":39,"turns":6},{"damage":13,"enemies":"Transient","floor":41,"turns":5},{"damage":52,"enemies":"Nemesis","floor":42,"turns":6}],"seed_played":"-6286839934589150523","potions_obtained":[{"floor":2,"key":"Regen Potion"},{"floor":6,"key":"SpeedPotion"},{"floor":14,"key":"PowerPotion"},{"floor":16,"key":"Weak Potion"},{"floor":21,"key":"FairyPotion"},{"floor":33,"key":"SpeedPotion"},{"floor":38,"key":"FairyPotion"}],"is_trial":false,"path_per_floor":["M","M","?","M","$","E","?","R","T","M","M","$","M","M","R","B",null,"M","M","?","M","M","R","?","R","T","R","M","?","R","?","R","B",null,"M","M","M","?","M","R","M","E"],"character_chosen":"DEFECT","items_purchased":["Capacitor"],"campfire_rested":7,"item_purchase_floors":[5],"current_hp_per_floor":[73,67,67,66,66,50,25,47,47,42,39,39,21,11,33,13,75,64,64,64,41,29,51,51,73,73,73,36,36,58,48,70,16,75,75,68,67,61,7,29,34,0],"gold":546,"neow_bonus":"RANDOM_COLORLESS","is_prod":false,"is_daily":false,"chose_seed":false,"campfire_upgraded":0,"win_rate":0,"timestamp":1561812813,"path_taken":["M","M","?","M","$","E","?","R","T","M","M","?","M","M","R","BOSS","M","M","?","M","M","R","?","R","T","R","M","?","R","?","R","BOSS","M","M","M","?","M","R","M","E"],"build_version":"2019-01-23","purchased_purges":1,"victory":false,"max_hp_per_floor":[75,75,75,75,75,75,75,75,75,75,75,75,75,75,75,75,75,75,75,75,75,75,75,75,75,75,75,75,75,75,75,75,75,75,75,75,75,75,75,75,75,75],"card_choices":[{"not_picked":["Sweeping Beam","Streamline"],"picked":"Lockon","floor":1},{"not_picked":["Sweeping Beam","Consume"],"picked":"Capacitor","floor":2},{"not_picked":["Redo","Steam Power"],"picked":"Chaos","floor":4},{"not_picked":["Stack","Barrage"],"picked":"Defragment","floor":6},{"not_picked":["Darkness","Auto Shields"],"picked":"Chill","floor":10},{"not_picked":["Undo","Rip and Tear","Fusion"],"picked":"SKIP","floor":11},{"not_picked":["Beam Cell","BootSequence"],"picked":"Lockon","floor":13},{"not_picked":["Sunder","Rebound"],"picked":"Conserve Battery","floor":14},{"not_picked":["Rainbow","Meteor Strike"],"picked":"Fission","floor":16},{"not_picked":["Genetic Algorithm","Hello World"],"picked":"Turbo","floor":18},{"not_picked":["Go for the Eyes","Gash+1","Redo"],"picked":"SKIP","floor":19},{"not_picked":["Beam Cell","Hello World"],"picked":"Force Field","floor":21},{"not_picked":["Scrape","Turbo"],"picked":"Double Energy","floor":22},{"not_picked":["Rebound+1","Stack"],"picked":"Ball Lightning+1","floor":28},{"not_picked":["Genetic Algorithm","Self Repair"],"picked":"Turbo+1","floor":31},{"not_picked":["Thunder Strike","Multi-Cast"],"picked":"Seek","floor":33},{"not_picked":["Steam Power","Aggregate+1"],"picked":"Hologram","floor":35},{"not_picked":["Go for the Eyes","Redo+1","Capacitor"],"picked":"SKIP","floor":36},{"not_picked":["Beam Cell","White Noise","Stack"],"picked":"SKIP","floor":37},{"not_picked":["Ball Lightning","Gash+1"],"picked":"Defragment+1","floor":39},{"not_picked":["Streamline+1","Redo+1"],"picked":"Double Energy","floor":41}],"player_experience":72331,"relics_obtained":[{"floor":6,"key":"Kunai"},{"floor":9,"key":"Mercury Hourglass"},{"floor":31,"key":"Red Mask"},{"floor":38,"key":"Bird Faced Urn"}],"event_choices":[{"cards_removed":["Strike_B"],"damage_healed":0,"gold_gain":0,"player_choice":"Card Removal","damage_taken":0,"max_hp_gain":0,"max_hp_loss":0,"event_name":"The Cleric","floor":3,"gold_loss":50},{"damage_healed":0,"gold_gain":0,"player_choice":"Success","damage_taken":25,"relics_obtained":["Centennial Puzzle"],"max_hp_gain":0,"max_hp_loss":0,"event_name":"Scrap Ooze","floor":7,"gold_loss":0},{"cards_removed":["Defend_B"],"damage_healed":0,"gold_gain":0,"player_choice":"Gave Gold","damage_taken":0,"max_hp_gain":0,"max_hp_loss":0,"event_name":"Beggar","floor":20,"gold_loss":75},{"damage_healed":0,"gold_gain":99,"player_choice":"Stole From Cult","damage_taken":0,"max_hp_gain":0,"max_hp_loss":0,"event_name":"Nest","floor":24,"gold_loss":0},{"damage_healed":0,"gold_gain":0,"player_choice":"Ignored","damage_taken":0,"max_hp_gain":0,"max_hp_loss":0,"event_name":"Vampires","floor":29,"gold_loss":0},{"damage_healed":0,"gold_gain":0,"player_choice":"Fought Bandits","damage_taken":0,"max_hp_gain":0,"max_hp_loss":0,"event_name":"Masked Bandits","floor":31,"gold_loss":0},{"damage_healed":0,"gold_gain":0,"player_choice":"Fight","damage_taken":0,"max_hp_gain":0,"max_hp_loss":0,"event_name":"MindBloom","floor":38,"gold_loss":0}],"is_beta":false,"boss_relics":[{"not_picked":["Black Star","Sozu"],"picked":"Astrolabe"},{"not_picked":["Busted Crown","White Beast Statue"],"picked":"Cursed Key"}],"items_purged_floors":[12],"is_endless":false,"potions_floor_spawned":[2,6,14,16,21,28,31,33,36,37,38],"killed_by":"Nemesis","ascension_level":1}