{"gold_per_floor":[116,116,191,211,223,223,242,161,187,187,187,187,217,517,517,517],"floor_reached":16,"playtime":910,"items_purged":[],"score":98,"play_id":"f174e196-02f8-4ece-9c27-09d7e2778c8b","local_time":"20190709164515","is_ascension_mode":false,"campfire_choices":[{"floor":6,"key":"REST"},{"floor":10,"key":"REST"},{"floor":12,"key":"REST"},{"floor":15,"key":"REST"}],"neow_cost":"NONE","seed_source_timestamp":447306803554873,"circlet_count":0,"master_deck":["Strike_B","Strike_B","Strike_B","Strike_B","Defend_B","Defend_B","Defend_B+1","Defend_B","Zap","Dualcast","Fusion","Aggregate","Aggregate","Streamline+1","Lockon","Chaos"],"relics":["Cracked Core","PreservedInsect","Vajra","Old Coin"],"potions_floor_usage":[],"damage_taken":[{"damage":2,"enemies":"Jaw Worm","floor":1,"turns":4},{"damage":27,"enemies":"Small Slimes","floor":4,"turns":4},{"damage":8,"enemies":"2 Louse","floor":5,"turns":4},{"damage":12,"enemies":"Large Slime","floor":7,"turns":9},{"damage":15,"enemies":"Gremlin Nob","floor":13,"turns":3},{"damage":85,"enemies":"The Guardian","floor":16,"turns":9}],"seed_played":"9019009926415327150","potions_obtained":[{"floor":5,"key":"LiquidBronze"},{"floor":13,"key":"Explosive Potion"}],"is_trial":false,"path_per_floor":["M","?","?","M","M","R","M","$","T","R","?","R","E","?","R","B"],"character_chosen":"DEFECT","items_purchased":["Lockon"],"campfire_rested":4,"item_purchase_floors":[8],"current_hp_per_floor":[80,80,69,42,34,58,46,46,46,70,54,78,63,60,82,0],"gold":517,"neow_bonus":"TEN_PERCENT_HP_BONUS","is_prod":false,"is_daily":false,"chose_seed":false,"campfire_upgraded":0,"win_rate":0.0,"timestamp":1562705115,"path_taken":["M","?","?","M","M","R","M","$","T","R","?","R","E","?","R","BOSS"],"build_version":"2019-07-05","purchased_purges":0,"victory":false,"max_hp_per_floor":[82,82,82,82,82,82,82,82,82,82,82,82,82,82,82,82],"card_choices":[{"not_picked":["Beam Cell","Hologram"],"picked":"Fusion","floor":1},{"not_picked":["Loop","Beam Cell"],"picked":"Aggregate","floor":4},{"not_picked":["Scrape","Gash"],"picked":"Aggregate","floor":5},{"not_picked":["Steam Power","Steam"],"picked":"Streamline","floor":7},{"not_picked":["Leap","Aggregate"],"picked":"Chaos","floor":13}],"player_experience":6715,"relics_obtained":[{"floor":9,"key":"PreservedInsect"},{"floor":13,"key":"Vajra"}],"event_choices":[{"damage_healed":0,"gold_gain":0,"player_choice":"Ignored","damage_taken":0,"max_hp_gain":0,"max_hp_loss":0,"event_name":"Golden Wing","floor":2,"gold_loss":0},{"damage_healed":0,"gold_gain":75,"player_choice":"Gather Gold","damage_taken":11,"max_hp_gain":0,"max_hp_loss":0,"event_name":"World of Goop","floor":3,"gold_loss":0},{"damage_healed":0,"gold_gain":0,"player_choice":"Entered Light","damage_taken":16,"max_hp_gain":0,"max_hp_loss":0,"event_name":"Shining Light","floor":11,"gold_loss":0,"cards_upgraded":["Defend_B","Streamline"]},{"damage_healed":0,"gold_gain":0,"player_choice":"Success","damage_taken":3,"relics_obtained":["Old Coin"],"max_hp_gain":0,"max_hp_loss":0,"event_name":"Scrap Ooze","floor":14,"gold_loss":0}],"is_beta":false,"boss_relics":[],"items_purged_floors":[],"is_endless":false,"potions_floor_spawned":[5,13],"killed_by":"The Guardian","ascension_level":0}