{"gold_per_floor":[112,37,49,67,67,67,67,67,67,67,87,114,130,144,144,144],"floor_reached":16,"playtime":717,"items_purged":["Shame"],"score":102,"play_id":"b4d8c804-9cc5-45c6-bcb2-d2a2aedc56e6","local_time":"20190408124040","is_ascension_mode":false,"campfire_choices":[{"data":"Neutralize","floor":6.0,"key":"SMITH"},{"data":"Malaise","floor":8.0,"key":"SMITH"},{"floor":10.0,"key":"REST"},{"floor":15.0,"key":"REST"}],"neow_cost":"CURSE","seed_source_timestamp":0,"circlet_count":0,"master_deck":["Defend_G","Defend_G","Defend_G+1","Defend_G","Defend_G","Strike_G","Strike_G","Strike_G","Strike_G","Strike_G","Survivor","Neutralize+1","Malaise+1","Dagger Spray+1","Flying Knee+1","Dash+1","Cloak And Dagger","PiercingWail","Leg Sweep"],"special_seed":0,"relics":["Ring of the Snake","Bag of Marbles","Frozen Egg 2","Whetstone"],"potions_floor_usage":[16],"damage_taken":[{"damage":0.0,"enemies":"Cultist","floor":1.0,"turns":5.0},{"damage":2.0,"enemies":"Small Slimes","floor":3.0,"turns":3.0},{"damage":1.0,"enemies":"Jaw Worm","floor":4.0,"turns":4.0},{"damage":3.0,"enemies":"3 Louse","floor":11.0,"turns":2.0},{"damage":9.0,"enemies":"Gremlin Nob","floor":12.0,"turns":5.0},{"damage":3.0,"enemies":"Exordium Wildlife","floor":13.0,"turns":4.0},{"damage":4.0,"enemies":"2 Fungi Beasts","floor":14.0,"turns":2.0},{"damage":44,"enemies":"Slime Boss","floor":16,"turns":9}],"seed_played":"4346063415599144230","potions_obtained":[{"floor":1.0,"key":"Energy Potion"},{"floor":4.0,"key":"SkillPotion"},{"floor":13.0,"key":"Dexterity Potion"}],"is_trial":false,"path_per_floor":["M","$","M","M","?","R","?","R","T","R","M","E","M","M","R","B"],"character_chosen":"THE_SILENT","items_purchased":[],"campfire_rested":2,"item_purchase_floors":[],"current_hp_per_floor":[70,70,68,67,34,34,20,20,20,41,38,29,26,22,43,0],"gold":144,"neow_bonus":"THREE_RARE_CARDS","is_prod":false,"is_daily":false,"chose_seed":false,"campfire_upgraded":2,"win_rate":0,"timestamp":1554691240,"path_taken":["M","$","?","M","?","R","?","R","T","R","M","E","M","M","R","BOSS"],"build_version":"2019-01-23","purchased_purges":1,"victory":false,"max_hp_per_floor":[70,70,70,70,70,70,70,70,70,70,70,70,70,70,70,70],"card_choices":[{"not_picked":["Tools of the Trade","A Thousand Cuts"],"picked":"Malaise","floor":0.0},{"not_picked":["Distraction","Escape Plan"],"picked":"Dagger Spray","floor":1.0},{"not_picked":["Blade Dance","Flying Knee","Dagger Spray"],"picked":"SKIP","floor":3.0},{"not_picked":["Blade Dance","Dagger Spray"],"picked":"Flying Knee","floor":3.0},{"not_picked":["Backstab","Bouncing Flask"],"picked":"Dash","floor":4.0},{"not_picked":["Dodge and Roll","Bane"],"picked":"Cloak And Dagger","floor":11.0},{"not_picked":["Dagger Throw","Sucker Punch","Phantasmal Killer"],"picked":"SKIP","floor":12.0},{"not_picked":["Dagger Throw","Outmaneuver"],"picked":"PiercingWail","floor":13.0},{"not_picked":["Dodge and Roll","Infinite Blades+1"],"picked":"Leg Sweep","floor":14.0}],"player_experience":573036,"relics_obtained":[{"floor":9.0,"key":"Frozen Egg 2"},{"floor":12.0,"key":"Whetstone"}],"event_choices":[{"damage_healed":0.0,"max_hp_gain":0.0,"max_hp_loss":0.0,"gold_gain":0.0,"event_name":"Scrap Ooze","player_choice":"Success","floor":5.0,"gold_loss":0.0,"damage_taken":33.0,"relics_obtained":["Bag of Marbles"]},{"damage_healed":0.0,"max_hp_gain":0.0,"max_hp_loss":0.0,"gold_gain":0.0,"event_name":"Shining Light","player_choice":"Entered Light","floor":7.0,"gold_loss":0.0,"damage_taken":14.0,"cards_upgraded":["Dash","Defend_G"]}],"is_beta":false,"boss_relics":[],"items_purged_floors":[2],"is_endless":false,"potions_floor_spawned":[1,4,13],"killed_by":"Slime Boss","ascension_level":0}