{"gold_per_floor":[113,113,40,59,71,71,106,106,106,122,49,49,66,116,116,215,215,232,247,71,89,103,103,119,119,145,180,55,55,204,234,234,337,337,353,403,413,463,478,478,101,116,116,116,116,116,189,209,209,209],"floor_reached":51,"playtime":11160,"items_purged":["Defend_B","Strike_B","Defend_B","Writhe"],"score":660,"play_id":"a7890c77-5d5a-49f6-b237-5635792f17b2","local_time":"20190719231818","is_ascension_mode":false,"campfire_choices":[{"data":"Cold Snap","floor":6,"key":"SMITH"},{"data":"Seek","floor":8,"key":"SMITH"},{"data":"Loop","floor":12,"key":"SMITH"},{"floor":15,"key":"DIG"},{"data":"Biased Cognition","floor":23,"key":"SMITH"},{"data":"Loop","floor":25,"key":"SMITH"},{"floor":29,"key":"DIG"},{"floor":32,"key":"REST"},{"floor":40,"key":"DIG"},{"floor":44,"key":"DIG"},{"data":"Consume","floor":46,"key":"SMITH"},{"data":"Hologram","floor":49,"key":"SMITH"}],"neow_cost":"NONE","seed_source_timestamp":856750166962087,"circlet_count":0,"master_deck":["Strike_B","Strike_B","Defend_B","Defend_B","Zap","Dualcast","Steam Power","Hello World","Cold Snap+1","Seek+1","Gash","Go for the Eyes+1","Go for the Eyes","Loop+1","Capacitor","Biased Cognition+1","Hologram","Consume+1","Undo","Machine Learning","Darkness","Glacier","Loop+1","Cold Snap+1","Rainbow","All For One","Consume+1","Gash+1","Parasite","Chill+1","Self Repair","Hologram+1"],"relics":["Cracked Core","SsserpentHead","Bottled Lightning","Shovel","Torii","Orrery","Orichalcum","Whetstone","Ornamental Fan","Shuriken","White Beast Statue","Blood Vial","Happy Flower","Gremlin Horn","Boot","Smiling Mask"],"potions_floor_usage":[7,13,24,27,31,37,39,42,42,50],"damage_taken":[{"damage":1,"enemies":"Jaw Worm","floor":1,"turns":3},{"damage":0,"enemies":"Cultist","floor":4,"turns":3},{"damage":1,"enemies":"Small Slimes","floor":5,"turns":3},{"damage":20,"enemies":"Lagavulin","floor":7,"turns":5},{"damage":3,"enemies":"2 Fungi Beasts","floor":10,"turns":3},{"damage":3,"enemies":"3 Louse","floor":13,"turns":2},{"damage":9,"enemies":"Slime Boss","floor":16,"turns":9},{"damage":5,"enemies":"3 Byrds","floor":18,"turns":5},{"damage":9,"enemies":"Spheric Guardian","floor":19,"turns":6},{"damage":2,"enemies":"Shelled Parasite and Fungi","floor":21,"turns":5},{"damage":2,"enemies":"Snake Plant","floor":22,"turns":5},{"damage":0,"enemies":"Centurion and Healer","floor":24,"turns":9},{"damage":17,"enemies":"Slavers","floor":27,"turns":10},{"damage":43,"enemies":"Gremlin Leader","floor":31,"turns":10},{"damage":17,"enemies":"Champ","floor":33,"turns":13},{"damage":18,"enemies":"3 Shapes","floor":35,"turns":8},{"damage":18,"enemies":"3 Darklings","floor":37,"turns":5},{"damage":35,"enemies":"Writhing Mass","floor":39,"turns":9},{"damage":3,"enemies":"Sphere and 2 Shapes","floor":42,"turns":6},{"damage":0,"enemies":"4 Shapes","floor":48,"turns":6},{"damage":19,"enemies":"Time Eater","floor":50,"turns":7}],"seed_played":"237684709632951604","potions_obtained":[{"floor":1,"key":"Poison Potion"},{"floor":5,"key":"Explosive Potion"},{"floor":13,"key":"Swift Potion"},{"floor":19,"key":"Ancient Potion"},{"floor":21,"key":"SpeedPotion"},{"floor":22,"key":"Dexterity Potion"},{"floor":27,"key":"Energy Potion"},{"floor":33,"key":"LiquidBronze"},{"floor":35,"key":"FearPotion"},{"floor":37,"key":"Swift Potion"},{"floor":39,"key":"Energy Potion"},{"floor":42,"key":"SneckoOil"},{"floor":48,"key":"PowerPotion"}],"is_trial":false,"path_per_floor":["M","?","$","M","M","R","E","R","T","M","$","R","M","?","R","B",null,"M","M","$","M","M","R","M","R","T","E","$","R","?","E","R","B",null,"M","?","M","?","M","R","$","M","T","R","$","R","T","M","R","B",null],"character_chosen":"DEFECT","items_purchased":["Cold Snap","Loop","Loop","Self Repair","Happy Flower"],"campfire_rested":1,"item_purchase_floors":[3,11,20,41,41],"current_hp_per_floor":[74,74,74,74,73,73,53,53,53,50,50,50,47,52,52,43,80,75,66,66,64,62,62,62,62,62,45,45,45,45,2,26,9,80,62,62,44,64,29,29,29,35,35,35,35,35,35,44,44,27],"gold":209,"neow_bonus":"TRANSFORM_CARD","is_prod":false,"is_daily":false,"chose_seed":false,"campfire_upgraded":7,"win_rate":0.0,"timestamp":1563592698,"path_taken":["M","?","?","M","M","R","E","R","T","M","$","R","M","?","R","BOSS","M","M","$","M","M","R","M","R","T","E","$","R","?","E","R","BOSS","M","?","M","?","M","R","$","M","T","R","$","R","?","M","R","BOSS"],"build_version":"2019-06-28","purchased_purges":4,"victory":true,"max_hp_per_floor":[75,75,75,75,75,75,75,75,75,75,75,75,75,80,80,80,80,80,80,80,80,80,80,80,80,80,80,80,80,80,80,80,80,80,80,80,80,80,80,80,80,80,80,80,80,80,80,80,80,80],"card_choices":[{"not_picked":["Fusion","Leap"],"picked":"Hello World","floor":1},{"not_picked":["Rebound","Redo"],"picked":"Seek","floor":4},{"not_picked":["Sweeping Beam","Redo"],"picked":"Gash","floor":5},{"not_picked":["Stack","Static Discharge"],"picked":"Go for the Eyes","floor":7},{"not_picked":["Tempest","Aggregate"],"picked":"Go for the Eyes","floor":10},{"not_picked":["Go for the Eyes","Rainbow"],"picked":"Capacitor","floor":13},{"not_picked":["Thunder Strike","Seek"],"picked":"Biased Cognition","floor":16},{"not_picked":["Ball Lightning","Go for the Eyes"],"picked":"Hologram","floor":17},{"not_picked":["Rebound","Reprogram"],"picked":"Consume","floor":17},{"not_picked":["Leap","Compile Driver"],"picked":"Undo","floor":17},{"not_picked":["Conserve Battery","Leap"],"picked":"Machine Learning","floor":17},{"not_picked":["Melter","Redo"],"picked":"Darkness","floor":17},{"not_picked":["Beam Cell","Melter+1","Auto Shields"],"picked":"SKIP","floor":18},{"not_picked":["Barrage+1","Coolheaded"],"picked":"Glacier","floor":19},{"not_picked":["Conserve Battery+1","Hello World"],"picked":"Cold Snap","floor":21},{"not_picked":["Static Discharge","Chaos","Sweeping Beam"],"picked":"SKIP","floor":22},{"not_picked":["Coolheaded","Scrape","Redo"],"picked":"SKIP","floor":24},{"not_picked":["Steam","Redo"],"picked":"Rainbow","floor":27},{"not_picked":["Conserve Battery+1","Leap","Reprogram"],"picked":"SKIP","floor":31},{"not_picked":["Thunder Strike","Machine Learning"],"picked":"All For One","floor":33},{"not_picked":["Redo+1","Compile Driver"],"picked":"Consume+1","floor":35},{"not_picked":["Skim+1","Leap+1"],"picked":"Gash+1","floor":37},{"not_picked":["Chaos","Compile Driver"],"picked":"Chill+1","floor":39},{"not_picked":["Go for the Eyes","Echo Form"],"picked":"Hologram","floor":42},{"not_picked":["Hologram+1","BootSequence","Lockon"],"picked":"SKIP","floor":48}],"player_experience":70975,"relics_obtained":[{"floor":7,"key":"Bottled Lightning"},{"floor":9,"key":"Shovel"},{"floor":15,"key":"Torii"},{"floor":26,"key":"Orichalcum"},{"floor":27,"key":"Whetstone"},{"floor":29,"key":"Ornamental Fan"},{"floor":31,"key":"Shuriken"},{"floor":40,"key":"Blood Vial"},{"floor":43,"key":"Gremlin Horn"},{"floor":44,"key":"Boot"},{"floor":47,"key":"Smiling Mask"}],"event_choices":[{"damage_healed":0,"gold_gain":0,"player_choice":"Trade","damage_taken":0,"relics_obtained":["SsserpentHead"],"max_hp_gain":0,"max_hp_loss":0,"event_name":"FaceTrader","floor":2,"gold_loss":0},{"damage_healed":0,"gold_gain":0,"player_choice":"Donut","damage_taken":0,"max_hp_gain":5,"max_hp_loss":0,"event_name":"Big Fish","floor":14,"gold_loss":0},{"damage_healed":0,"gold_gain":99,"player_choice":"Stole From Cult","damage_taken":0,"max_hp_gain":0,"max_hp_loss":0,"event_name":"Nest","floor":30,"gold_loss":0},{"damage_healed":0,"gold_gain":0,"player_choice":"Ignored","damage_taken":0,"max_hp_gain":0,"max_hp_loss":0,"event_name":"Mysterious Sphere","floor":36,"gold_loss":0},{"damage_healed":20,"gold_gain":0,"player_choice":"Writhe","damage_taken":0,"max_hp_gain":0,"max_hp_loss":0,"event_name":"Winding Halls","floor":38,"gold_loss":0,"cards_obtained":["Writhe"]}],"is_beta":true,"boss_relics":[{"not_picked":["Philosopher\u0027s Stone","Sozu"],"picked":"Orrery"},{"not_picked":["Calling Bell","Fusion Hammer"],"picked":"White Beast Statue"}],"items_purged_floors":[3,20,28,41],"is_endless":false,"potions_floor_spawned":[1,5,13,19,21,22,27,33,35,37,39,42,48],"ascension_level":0}