{"gold_per_floor":[111,111,121,136,152,152,181,181,263,295,313,313,324,341,341,446,446,460,487,499,511,539,551,590,602,639,661,673,685,543,642,642,642],"floor_reached":33,"playtime":3438,"items_purged":[],"score":360,"play_id":"1a1f3364-eb0c-4ed7-9d0c-3a1723e10eb9","local_time":"20190705122733","is_ascension_mode":true,"campfire_choices":[{"floor":6,"key":"REST"},{"floor":8,"key":"REST"},{"floor":15,"key":"REST"},{"floor":23,"key":"REST"},{"floor":29,"key":"REST"},{"data":"Storm","floor":32,"key":"SMITH"}],"neow_cost":"PERCENT_DAMAGE","seed_source_timestamp":78103225823824,"circlet_count":0,"master_deck":["Zap+1","Dualcast","Hyperbeam","Electrodynamics","Steam+1","Turbo","Reinforced Body","Capacitor","Steam","FTL","Genetic Algorithm","Steam","Defragment","Biased Cognition","Coolheaded","Core Surge","Static Discharge","Thunder Strike","Force Field","Turbo","Hologram+1","Barrage+1","Redo","Seek","Storm+1"],"relics":["Cracked Core","Gremlin Horn","Tiny Chest","Centennial Puzzle","Sundial","Pandora\u0027s Box","MawBank","Du-Vu Doll","Lantern","Bag of Preparation"],"potions_floor_usage":[10,13,16,22,24],"damage_taken":[{"damage":3,"enemies":"Small Slimes","floor":1,"turns":2},{"damage":2,"enemies":"Jaw Worm","floor":3,"turns":3},{"damage":6,"enemies":"Cultist","floor":4,"turns":3},{"damage":0,"enemies":"3 Louse","floor":5,"turns":1},{"damage":31,"enemies":"Gremlin Nob","floor":7,"turns":5},{"damage":0,"enemies":"3 Sentries","floor":10,"turns":3},{"damage":0,"enemies":"2 Fungi Beasts","floor":11,"turns":1},{"damage":3,"enemies":"Large Slime","floor":13,"turns":4},{"damage":0,"enemies":"3 Louse","floor":14,"turns":1},{"damage":44,"enemies":"Slime Boss","floor":16,"turns":7},{"damage":13,"enemies":"Shell Parasite","floor":18,"turns":5},{"damage":21,"enemies":"2 Thieves","floor":22,"turns":4},{"damage":12,"enemies":"Gremlin Leader","floor":24,"turns":5},{"damage":10,"enemies":"Centurion and Healer","floor":27,"turns":3},{"damage":57,"enemies":"Champ","floor":33,"turns":6}],"seed_played":"-4951251320307043773","potions_obtained":[{"floor":5,"key":"GamblersBrew"},{"floor":7,"key":"Explosive Potion"},{"floor":10,"key":"EssenceOfSteel"},{"floor":11,"key":"Swift Potion"},{"floor":13,"key":"Swift Potion"}],"is_trial":false,"path_per_floor":["M","?","M","M","M","R","E","R","T","E","M","T","M","M","R","B",null,"M","T","?","$","M","R","E","?","T","M","T","R","$","?","R","B"],"character_chosen":"DEFECT","items_purchased":["Seek","Storm"],"campfire_rested":5,"item_purchase_floors":[30,30],"current_hp_per_floor":[51,36,34,28,28,50,19,41,41,41,41,41,38,38,60,16,75,62,62,48,48,27,51,39,39,39,29,29,53,53,53,53,0],"gold":642,"neow_bonus":"TRANSFORM_TWO_CARDS","is_prod":false,"is_daily":false,"chose_seed":false,"campfire_upgraded":1,"win_rate":0,"timestamp":1562300853,"path_taken":["M","?","M","M","M","R","E","R","T","E","M","?","M","M","R","BOSS","M","?","?","$","M","R","E","?","T","M","?","R","$","?","R","BOSS"],"build_version":"2019-07-01","purchased_purges":0,"victory":false,"max_hp_per_floor":[75,75,75,75,75,75,75,75,75,75,75,75,75,75,75,75,75,75,75,80,80,80,80,80,80,80,80,80,80,80,80,80,80],"card_choices":[{"not_picked":["Coolheaded","Sweeping Beam"],"picked":"Steam","floor":1},{"not_picked":["Streamline","Recycle"],"picked":"Turbo","floor":3},{"not_picked":["White Noise","Doom and Gloom"],"picked":"Reinforced Body","floor":4},{"not_picked":["Turbo","Loop"],"picked":"Capacitor","floor":5},{"not_picked":["Hologram","Electrodynamics"],"picked":"Steam","floor":7},{"not_picked":["Steam Power","Self Repair"],"picked":"FTL","floor":10},{"not_picked":["Hologram","Coolheaded"],"picked":"Genetic Algorithm","floor":11},{"not_picked":["Capacitor","Undo"],"picked":"Steam","floor":13},{"not_picked":["Hologram","Streamline"],"picked":"Defragment","floor":14},{"not_picked":["Multi-Cast","Buffer"],"picked":"Biased Cognition","floor":16},{"not_picked":["White Noise","Go for the Eyes"],"picked":"Turbo","floor":18},{"not_picked":["Loop+1","Chill"],"picked":"Hologram+1","floor":22},{"not_picked":["Static Discharge","Ball Lightning"],"picked":"Barrage+1","floor":24},{"not_picked":["Barrage","Beam Cell"],"picked":"Redo","floor":27}],"player_experience":159675,"relics_obtained":[{"floor":7,"key":"Gremlin Horn"},{"floor":9,"key":"Tiny Chest"},{"floor":10,"key":"Centennial Puzzle"},{"floor":12,"key":"Sundial"},{"floor":19,"key":"MawBank"},{"floor":24,"key":"Du-Vu Doll"},{"floor":26,"key":"Lantern"},{"floor":28,"key":"Bag of Preparation"}],"event_choices":[{"damage_healed":0,"gold_gain":0,"player_choice":"Entered Light","damage_taken":15,"max_hp_gain":0,"max_hp_loss":0,"event_name":"Shining Light","floor":2,"gold_loss":0,"cards_upgraded":["Steam","Zap"]},{"damage_healed":0,"gold_gain":0,"player_choice":"Shed Blood","damage_taken":19,"max_hp_gain":5,"max_hp_loss":0,"event_name":"Forgotten Altar","floor":20,"gold_loss":0},{"cards_removed":["Rip and Tear"],"damage_healed":0,"gold_gain":0,"player_choice":"Elegance","damage_taken":0,"max_hp_gain":0,"max_hp_loss":0,"event_name":"Back to Basics","floor":25,"gold_loss":0},{"damage_healed":0,"gold_gain":99,"player_choice":"Stole From Cult","damage_taken":0,"max_hp_gain":0,"max_hp_loss":0,"event_name":"Nest","floor":31,"gold_loss":0}],"is_beta":false,"boss_relics":[{"not_picked":["Orrery","Cursed Key"],"picked":"Pandora\u0027s Box"}],"items_purged_floors":[],"is_endless":false,"potions_floor_spawned":[5,7,10,11,13],"killed_by":"Champ","ascension_level":4}