{"gold_per_floor":[113,125,125,142,67,67,67,67,67,95,112,126,146,161,161,161],"floor_reached":16,"playtime":1914,"items_purged":["Defend_G"],"score":104,"play_id":"ada901a2-35fc-4c7e-912f-56d55f9f140d","local_time":"20190627011651","is_ascension_mode":false,"campfire_choices":[{"data":"Doppelganger","floor":6,"key":"SMITH"},{"data":"Leg Sweep","floor":15,"key":"SMITH"}],"neow_cost":"NONE","seed_source_timestamp":305642000877367,"circlet_count":0,"master_deck":["Defend_G","Defend_G","Defend_G","Defend_G","Strike_G","Strike_G","Strike_G","Strike_G","Survivor","Neutralize","Riddle With Holes","Leg Sweep+1","Doppelganger+1","Riddle With Holes","Endless Agony","Skewer","Acrobatics","Flying Knee"],"relics":["Ring of the Snake","Blood Vial","Bag of Preparation","Letter Opener","Gambling Chip"],"potions_floor_usage":[16,16,16],"damage_taken":[{"damage":0,"enemies":"2 Louse","floor":1,"turns":4},{"damage":0,"enemies":"Cultist","floor":2,"turns":3},{"damage":0,"enemies":"Jaw Worm","floor":4,"turns":5},{"damage":14,"enemies":"3 Sentries","floor":10,"turns":9},{"damage":0,"enemies":"Looter","floor":11,"turns":2},{"damage":8,"enemies":"Lots of Slimes","floor":12,"turns":3},{"damage":0,"enemies":"2 Fungi Beasts","floor":13,"turns":3},{"damage":0,"enemies":"Looter","floor":14,"turns":3},{"damage":66,"enemies":"Hexaghost","floor":16,"turns":16}],"seed_played":"-7479195618571822321","potions_obtained":[{"floor":1,"key":"GhostInAJar"},{"floor":2,"key":"Fire Potion"},{"floor":11,"key":"GhostInAJar"},{"floor":14,"key":"GamblersBrew"}],"is_trial":false,"path_per_floor":["M","M","?","M","$","R","T","?","T","E","M","M","M","M","R","B"],"character_chosen":"THE_SILENT","items_purchased":[],"campfire_rested":0,"item_purchase_floors":[],"current_hp_per_floor":[77,77,77,77,77,77,77,77,77,63,65,59,61,63,63,0],"gold":161,"neow_bonus":"TEN_PERCENT_HP_BONUS","is_prod":false,"is_daily":false,"chose_seed":false,"campfire_upgraded":2,"win_rate":0.0,"timestamp":1561569411,"path_taken":["M","M","?","?","?","R","?","?","T","E","M","M","?","M","R","BOSS"],"build_version":"2019-01-23","purchased_purges":1,"victory":false,"max_hp_per_floor":[77,77,77,77,77,77,77,77,77,77,77,77,77,77,77,77],"card_choices":[{"not_picked":["Quick Slash","Slice"],"picked":"Riddle With Holes","floor":1},{"not_picked":["Poisoned Stab","Flying Knee"],"picked":"Leg Sweep","floor":2},{"not_picked":["Blade Dance","Flying Knee"],"picked":"Riddle With Holes","floor":4},{"not_picked":["Dagger Spray","Backflip"],"picked":"Endless Agony","floor":10},{"not_picked":["Acrobatics","Slice"],"picked":"Skewer","floor":11},{"not_picked":["Noxious Fumes","Underhanded Strike","Dash"],"picked":"SKIP","floor":12},{"not_picked":["Dodge and Roll","Sucker Punch"],"picked":"Acrobatics","floor":13},{"not_picked":["Night Terror","Dagger Spray"],"picked":"Flying Knee","floor":14}],"player_experience":20778,"relics_obtained":[{"floor":7,"key":"Blood Vial"},{"floor":9,"key":"Letter Opener"},{"floor":10,"key":"Gambling Chip"}],"event_choices":[{"damage_healed":0,"gold_gain":0,"cards_transformed":["Strike_G"],"player_choice":"Transformed","damage_taken":0,"max_hp_gain":0,"max_hp_loss":0,"event_name":"Transmorgrifier","floor":3,"gold_loss":0,"cards_obtained":["Doppelganger"]},{"damage_healed":0,"gold_gain":0,"player_choice":"Gave Potion","damage_taken":0,"relics_obtained":["Bag of Preparation"],"max_hp_gain":0,"max_hp_loss":0,"event_name":"WeMeetAgain","floor":8,"gold_loss":0}],"is_beta":false,"boss_relics":[],"items_purged_floors":[5],"is_endless":false,"potions_floor_spawned":[1,2,11,14],"killed_by":"Hexaghost","ascension_level":0}