{"gold_per_floor":[119,294,135,153,153,180,180,211,223,235,267,306,318,346,358,471,483,510,538,550,577,40,40,71,71,94,113,130,130,141,155,155,155],"floor_reached":33,"playtime":1870,"items_purged":["Doubt","Anger"],"score":359,"play_id":"5ef4ac7f-34f7-44a4-b933-bb1cf72e0b20","local_time":"20190716114833","is_ascension_mode":true,"campfire_choices":[{"data":"Metallicize","floor":7,"key":"SMITH"},{"data":"Wild Strike","floor":10,"key":"SMITH"},{"data":"Cleave","floor":13,"key":"SMITH"},{"floor":15,"key":"REST"},{"data":"Shockwave","floor":23,"key":"SMITH"},{"floor":25,"key":"REST"},{"data":"Inflame","floor":29,"key":"SMITH"},{"floor":32,"key":"REST"}],"neow_cost":"NONE","seed_source_timestamp":521420619069394,"circlet_count":0,"master_deck":["Strike_R","Strike_R","Strike_R","Strike_R","Strike_R","Defend_R","Defend_R","Defend_R","Defend_R","Bash+1","Wild Strike+1","Metallicize+1","Shrug It Off","Cleave+1","Ghostly Armor","Fiend Fire","Shockwave+1","Feel No Pain","Inflame+1","Armaments+1","Headbutt+1","Shrug It Off","Dark Embrace"],"special_seed":0,"relics":["Burning Blood","Self Forming Clay","MawBank","Matryoshka","Du-Vu Doll","Snecko Eye","Molten Egg 2","Strange Spoon","Ginger","Letter Opener"],"potions_floor_usage":[8,8,12,21,24],"damage_taken":[{"damage":6.0,"enemies":"Cultist","floor":1.0,"turns":4.0},{"damage":7,"enemies":"Small Slimes","floor":4,"turns":4},{"damage":18,"enemies":"Gremlin Nob","floor":6,"turns":4},{"damage":24,"enemies":"Lagavulin","floor":8,"turns":8},{"damage":0,"enemies":"Jaw Worm","floor":11,"turns":4},{"damage":13,"enemies":"3 Sentries","floor":12,"turns":9},{"damage":3,"enemies":"Exordium Wildlife","floor":14,"turns":5},{"damage":27,"enemies":"Slime Boss","floor":16,"turns":10},{"damage":28,"enemies":"2 Thieves","floor":18,"turns":4},{"damage":10,"enemies":"3 Byrds","floor":19,"turns":5},{"damage":0,"enemies":"Cultist and Chosen","floor":21,"turns":4},{"damage":31,"enemies":"Slavers","floor":24,"turns":8},{"damage":4,"enemies":"Centurion and Healer","floor":27,"turns":6},{"damage":7,"enemies":"3 Cultists","floor":28,"turns":6},{"damage":10,"enemies":"Shelled Parasite and Fungi","floor":30,"turns":5},{"damage":12,"enemies":"Cultist and Chosen","floor":31,"turns":6},{"damage":102,"enemies":"Champ","floor":33,"turns":13}],"seed_played":"-7008924417049725076","potions_obtained":[{"floor":6,"key":"Explosive Potion"},{"floor":11,"key":"Poison Potion"},{"floor":20,"key":"FairyPotion"},{"floor":20,"key":"AttackPotion"},{"floor":20,"key":"Weak Potion"},{"floor":24,"key":"SpeedPotion"},{"floor":27,"key":"SkillPotion"},{"floor":30,"key":"Weak Potion"}],"is_trial":false,"path_per_floor":["M","?","$","M","?","E","R","E","T","R","M","E","R","M","R","B",null,"M","M","?","M","$","R","E","R","T","M","M","R","M","M","R","B"],"character_chosen":"IRONCLAD","items_purchased":["Metallicize","Poison Potion","Molten Egg 2","Strange Spoon"],"campfire_rested":3,"item_purchase_floors":[3,3,22,22],"current_hp_per_floor":[88,88,88,87,87,75,75,57,57,57,63,56,56,59,85,64,82,60,56,56,62,62,62,37,63,63,65,64,64,60,54,80,0],"gold":155,"neow_bonus":"TEN_PERCENT_HP_BONUS","is_prod":false,"is_daily":false,"chose_seed":false,"campfire_upgraded":5,"win_rate":0,"timestamp":1563292113,"path_taken":["M","?","$","M","?","E","R","E","T","R","M","E","R","M","R","BOSS","M","?","?","M","$","R","E","R","T","?","M","R","?","M","R","BOSS"],"build_version":"2019-07-05","purchased_purges":2,"victory":false,"max_hp_per_floor":[88,88,88,88,88,88,88,88,88,88,88,88,88,88,88,88,88,88,88,88,88,88,88,88,88,88,88,88,88,88,88,88,88],"card_choices":[{"not_picked":["Heavy Blade","Corruption"],"picked":"Wild Strike","floor":1.0},{"not_picked":["Armaments","Cleave"],"picked":"Shrug It Off","floor":4},{"not_picked":["Berserk","Hemokinesis","Dual Wield"],"picked":"SKIP","floor":6},{"not_picked":["Burning Pact","Intimidate"],"picked":"Cleave","floor":8},{"not_picked":["Body Slam","Havoc","Fire Breathing"],"picked":"SKIP","floor":11},{"not_picked":["Blood for Blood","Perfected Strike"],"picked":"Ghostly Armor","floor":12},{"not_picked":["Havoc","Thunderclap"],"picked":"Anger","floor":14},{"not_picked":["Barricade","Brutality"],"picked":"Fiend Fire","floor":16},{"not_picked":["Thunderclap","Shrug It Off+1"],"picked":"Shockwave","floor":18},{"not_picked":["Perfected Strike+1","Clash"],"picked":"Feel No Pain","floor":19},{"not_picked":["Perfected Strike+1","Clash","Thunderclap"],"picked":"SKIP","floor":21},{"not_picked":["Twin Strike+1","Flex"],"picked":"Inflame","floor":24},{"not_picked":["Heavy Blade+1","Iron Wave+1"],"picked":"Armaments+1","floor":27},{"not_picked":["Sword Boomerang+1","Clash+1"],"picked":"Headbutt+1","floor":28},{"not_picked":["Clash+1","Headbutt+1"],"picked":"Shrug It Off","floor":30},{"not_picked":["Shrug It Off","Disarm"],"picked":"Dark Embrace","floor":31}],"player_experience":180522,"relics_obtained":[{"floor":6,"key":"Self Forming Clay"},{"floor":8,"key":"MawBank"},{"floor":9,"key":"Matryoshka"},{"floor":12,"key":"Du-Vu Doll"},{"floor":24,"key":"Ginger"},{"floor":26,"key":"Letter Opener"}],"event_choices":[{"damage_healed":0,"gold_gain":175,"player_choice":"AGREE","damage_taken":0,"max_hp_gain":0,"max_hp_loss":0,"event_name":"Liars Game","floor":2,"gold_loss":0,"cards_obtained":["Doubt"]},{"damage_healed":0,"gold_gain":0,"player_choice":"Upgraded","damage_taken":0,"max_hp_gain":0,"max_hp_loss":0,"event_name":"Upgrade Shrine","floor":5,"gold_loss":0,"cards_upgraded":["Bash"]},{"damage_healed":0,"gold_gain":0,"player_choice":"Got Potions","damage_taken":0,"max_hp_gain":0,"max_hp_loss":0,"event_name":"Lab","floor":20,"gold_loss":0}],"is_beta":false,"boss_relics":[{"not_picked":["Black Star","Calling Bell"],"picked":"Snecko Eye"}],"items_purged_floors":[3,22],"is_endless":false,"potions_floor_spawned":[6,11,24,27,28,30],"killed_by":"Champ","ascension_level":5}