{"gold_per_floor":[110,39,139,158,158,158,171,29,77,77,77,102,2,14,14,118,118,128,128,3,20,20,20,20,33,33,43,63,76,90,90,90,193,193,212,262,276,276,290,290,317,317,385,385,400,425,443,443,443,443,443,443,74,101,101],"floor_reached":56,"playtime":3044,"items_purged":["Strike_G","Strike_G","Strike_G"],"score":1234,"play_id":"1a8085ea-df11-4975-b4ca-aee06f1d7701","local_time":"20190129152249","is_ascension_mode":false,"campfire_choices":[{"data":"Neutralize","floor":6.0,"key":"SMITH"},{"data":"Wraith Form v2","floor":15.0,"key":"SMITH"},{"data":"Noxious Fumes","floor":23.0,"key":"SMITH"},{"data":"Caltrops","floor":32.0,"key":"SMITH"},{"floor":40.0,"key":"RECALL"},{"data":"Wraith Form v2","floor":42.0,"key":"SMITH"},{"data":"Caltrops","floor":44.0,"key":"SMITH"},{"data":"Predator","floor":49.0,"key":"SMITH"},{"data":"Writhe","floor":52.0,"key":"PURGE"}],"neow_cost":"NONE","seed_source_timestamp":456619304372930,"circlet_count":0,"master_deck":["Defend_G","Defend_G","Defend_G","Defend_G","Defend_G","Survivor","Neutralize+1","A Thousand Cuts+1","All Out Attack","Noxious Fumes+1","Terror","Caltrops+1","Wraith Form v2+1","Adrenaline","Backflip+1","Caltrops+1","Wraith Form v2+1","Bite","Bite","Bite","Bite","Night Terror","Predator+1","Catalyst+1"],"special_seed":0,"relics":["Ring of the Snake","Bag of Preparation","Orichalcum","Pantograph","Coffee Dripper","Ancient Tea Set","Peace Pipe","Snecko Eye","Tough Bandages","Happy Flower","Vajra","Incense Burner","Lantern"],"potions_floor_usage":[55,55,55],"damage_taken":[{"damage":0.0,"enemies":"Jaw Worm","floor":1.0,"turns":5.0},{"damage":0.0,"enemies":"Cultist","floor":4.0,"turns":5.0},{"damage":0.0,"enemies":"Small Slimes","floor":7.0,"turns":3.0},{"damage":0.0,"enemies":"Exordium Thugs","floor":11.0,"turns":2.0},{"damage":14.0,"enemies":"Gremlin Nob","floor":12.0,"turns":5.0},{"damage":0.0,"enemies":"Blue Slaver","floor":14.0,"turns":4.0},{"damage":44.0,"enemies":"Slime Boss","floor":16.0,"turns":10.0},{"damage":13.0,"enemies":"Chosen","floor":18.0,"turns":5.0},{"damage":0.0,"enemies":"Shell Parasite","floor":21.0,"turns":6.0},{"damage":13.0,"enemies":"3 Cultists","floor":25.0,"turns":4.0},{"damage":1.0,"enemies":"Cultist and Chosen","floor":27.0,"turns":6.0},{"damage":11.0,"enemies":"Chosen and Byrds","floor":28.0,"turns":5.0},{"damage":2.0,"enemies":"Centurion and Healer","floor":29.0,"turns":8.0},{"damage":11.0,"enemies":"Sentry and Sphere","floor":30.0,"turns":6.0},{"damage":41.0,"enemies":"Champ","floor":33.0,"turns":11.0},{"damage":0.0,"enemies":"3 Shapes","floor":35.0,"turns":2.0},{"damage":0.0,"enemies":"2 Orb Walkers","floor":36.0,"turns":8.0},{"damage":20.0,"enemies":"Orb Walker","floor":37.0,"turns":4.0},{"damage":0.0,"enemies":"Maw","floor":39.0,"turns":7.0},{"damage":13.0,"enemies":"Reptomancer","floor":41.0,"turns":7.0},{"damage":0.0,"enemies":"Transient","floor":45.0,"turns":5.0},{"damage":0.0,"enemies":"Giant Head","floor":46.0,"turns":12.0},{"damage":0.0,"enemies":"Sphere and 2 Shapes","floor":47.0,"turns":4.0},{"damage":33.0,"enemies":"Time Eater","floor":50.0,"turns":10.0},{"damage":0.0,"enemies":"Shield and Spear","floor":54.0,"turns":6.0},{"damage":51,"enemies":"The Heart","floor":55,"turns":10}],"seed_played":"-1917179428084943539","potions_obtained":[{"floor":1.0,"key":"Ancient Potion"},{"floor":4.0,"key":"SmokeBomb"},{"floor":27.0,"key":"SkillPotion"},{"floor":28.0,"key":"SpeedPotion"},{"floor":33.0,"key":"Fire Potion"},{"floor":41.0,"key":"EssenceOfSteel"}],"is_trial":false,"path_per_floor":["M","$","?","M","T","R","M","$","T","?","M","E","$","M","R","B",null,"M","?","$","M","?","R","?","M","T","M","M","M","M","?","R","B",null,"M","?","M","?","M","R","E","R","T","R","M","E","M","?","R","B",null,"R","$","E","B",null],"character_chosen":"THE_SILENT","items_purchased":["Noxious Fumes","Caltrops","Incense Burner","Regen Potion"],"campfire_rested":0,"item_purchase_floors":[2,8,53,53],"current_hp_per_floor":[70,70,70,70,70,70,70,70,70,70,70,56,56,56,56,26,70,57,44,44,44,44,44,44,31,31,30,19,17,6,6,6,30,52,52,52,40,40,52,52,43,43,43,43,47,52,52,52,52,33,52,52,52,52,41],"gold":101,"neow_bonus":"ONE_RANDOM_RARE_CARD","is_prod":false,"is_daily":false,"chose_seed":false,"campfire_upgraded":7,"win_rate":0,"timestamp":1548735769,"path_taken":["M","$","?","?","?","R","M","$","T","?","M","E","$","M","R","BOSS","M","?","$","M","?","R","?","M","T","M","M","?","M","?","R","BOSS","M","?","M","?","M","R","E","R","T","R","M","E","M","?","R","BOSS","R","$","E","BOSS"],"build_version":"2019-01-23","purchased_purges":3,"victory":true,"max_hp_per_floor":[70,70,70,70,70,70,70,70,70,70,70,70,70,70,70,70,70,70,75,75,75,75,75,75,75,75,75,75,75,75,52,52,52,52,52,52,52,52,52,52,52,52,52,52,52,52,52,52,52,52,52,52,52,52,52],"card_choices":[{"not_picked":["Bouncing Flask","Underhanded Strike"],"picked":"All Out Attack","floor":1.0},{"not_picked":["Prepared","Backflip","Masterful Stab"],"picked":"SKIP","floor":4.0},{"not_picked":["Deflect","Dagger Throw"],"picked":"Terror","floor":7.0},{"not_picked":["Cloak And Dagger","Setup"],"picked":"Wraith Form v2","floor":12.0},{"not_picked":["Dodge and Roll","Bane","Distraction"],"picked":"SKIP","floor":14.0},{"not_picked":["Corpse Explosion","Doppelganger"],"picked":"Adrenaline","floor":16.0},{"not_picked":["Outmaneuver","Flying Knee+1","Prepared+1"],"picked":"SKIP","floor":18.0},{"not_picked":["PiercingWail","Flying Knee"],"picked":"Backflip+1","floor":21.0},{"not_picked":["Dagger Spray","Backflip"],"picked":"Caltrops","floor":25.0},{"not_picked":["Backflip","Masterful Stab","Underhanded Strike"],"picked":"SKIP","floor":27.0},{"not_picked":["Backflip","Masterful Stab","Underhanded Strike"],"picked":"SKIP","floor":27.0},{"not_picked":["Envenom","Outmaneuver","Underhanded Strike"],"picked":"SKIP","floor":28.0},{"not_picked":["Slice","Dodge and Roll+1","Quick Slash"],"picked":"SKIP","floor":29.0},{"not_picked":["Calculated Gamble","Quick Slash"],"picked":"Wraith Form v2","floor":30.0},{"not_picked":["Glass Knife","Venomology"],"picked":"Night Terror","floor":33.0},{"not_picked":["Blade Dance","Backflip","Slice"],"picked":"SKIP","floor":35.0},{"not_picked":["Phantasmal Killer","Flechettes+1"],"picked":"Predator","floor":36.0},{"not_picked":["Underhanded Strike","Expertise","Deflect"],"picked":"SKIP","floor":37.0},{"not_picked":["Flechettes+1","Footwork","Quick Slash"],"picked":"SKIP","floor":39.0},{"not_picked":["Footwork+1","Endless Agony+1","Flying Knee+1"],"picked":"SKIP","floor":41.0},{"not_picked":["Predator","Sucker Punch","Deflect"],"picked":"SKIP","floor":45.0},{"not_picked":["Poisoned Stab","Bouncing Flask","Bane"],"picked":"SKIP","floor":46.0},{"not_picked":["Dash+1","Dagger Spray","Underhanded Strike+1"],"picked":"SKIP","floor":47.0},{"not_picked":["Storm of Steel","Unload"],"picked":"Catalyst+1","floor":54.0}],"player_experience":569992,"relics_obtained":[{"floor":5.0,"key":"Bag of Preparation"},{"floor":9.0,"key":"Orichalcum"},{"floor":12.0,"key":"Pantograph"},{"floor":26.0,"key":"Peace Pipe"},{"floor":36.0,"key":"Tough Bandages"},{"floor":41.0,"key":"Happy Flower"},{"floor":46.0,"key":"Vajra"},{"floor":54.0,"key":"Lantern"}],"event_choices":[{"damage_healed":0.0,"max_hp_gain":0.0,"max_hp_loss":0.0,"gold_gain":100.0,"event_name":"Golden Shrine","player_choice":"Pray","floor":3.0,"gold_loss":0.0,"damage_taken":0.0},{"damage_healed":0.0,"max_hp_gain":0.0,"max_hp_loss":0.0,"gold_gain":0.0,"event_name":"Living Wall","player_choice":"Grow","floor":10.0,"gold_loss":0.0,"damage_taken":0.0,"cards_upgraded":["A Thousand Cuts"]},{"damage_healed":0.0,"max_hp_gain":5.0,"max_hp_loss":0.0,"gold_gain":0.0,"event_name":"Forgotten Altar","player_choice":"Shed Blood","floor":19.0,"gold_loss":0.0,"damage_taken":18.0},{"damage_healed":0.0,"max_hp_gain":0.0,"max_hp_loss":0.0,"gold_gain":0.0,"event_name":"The Mausoleum","player_choice":"Opened","floor":22.0,"gold_loss":0.0,"damage_taken":0.0,"relics_obtained":["Ancient Tea Set"],"cards_obtained":["Writhe"]},{"damage_healed":0.0,"max_hp_gain":0.0,"max_hp_loss":0.0,"gold_gain":0.0,"event_name":"Beggar","player_choice":"Ignored","floor":24.0,"gold_loss":0.0,"damage_taken":0.0},{"damage_healed":0.0,"max_hp_gain":0.0,"max_hp_loss":23.0,"gold_gain":0.0,"event_name":"Vampires","player_choice":"Became a vampire","floor":31.0,"gold_loss":0.0,"damage_taken":0.0,"cards_obtained":["Bite","Bite","Bite","Bite","Bite"]},{"damage_healed":0.0,"max_hp_gain":0.0,"max_hp_loss":0.0,"gold_gain":0.0,"event_name":"Mysterious Sphere","player_choice":"Fight","floor":36.0,"gold_loss":0.0,"damage_taken":0.0},{"cards_removed":["Bite"],"damage_healed":0.0,"max_hp_gain":0.0,"max_hp_loss":0.0,"gold_gain":0.0,"event_name":"Falling","player_choice":"Removed Attack","floor":38.0,"gold_loss":0.0,"damage_taken":0.0},{"damage_healed":0.0,"max_hp_gain":0.0,"max_hp_loss":0.0,"gold_gain":0.0,"event_name":"Match and Keep!","player_choice":"0 cards matched","floor":48.0,"gold_loss":0.0,"damage_taken":0.0,"cards_obtained":[]}],"is_beta":false,"boss_relics":[{"not_picked":["White Beast Statue","Orrery"],"picked":"Coffee Dripper"},{"not_picked":["Astrolabe","Ring of the Serpent"],"picked":"Snecko Eye"}],"items_purged_floors":[8,13,20],"is_endless":false,"potions_floor_spawned":[1,4,11,27,28,33,35,41,45,46],"ascension_level":0}