{"gold_per_floor":[119,119,132,132,132,165,180,79,79,113,113,123,123,123,123,252,252,275,289,339,364,38,82,82,95,121,121,121,134,157,182,182,306,306,331,397,417,542,560,560,600,600,672,547,568,348,348,367,367,367,367,367,2,46,46],"floor_reached":55,"playtime":5157,"items_purged":["Pain","Defend_B","Strike_B","Defend_B"],"score":940,"play_id":"8599dcbc-443c-431c-8475-b4770203e6ad","local_time":"20190705165354","is_ascension_mode":true,"campfire_choices":[{"data":"Auto Shields","floor":11,"key":"SMITH"},{"floor":15,"key":"REST"},{"data":"Reboot","floor":24,"key":"SMITH"},{"data":"Seek","floor":27,"key":"SMITH"},{"data":"Scrape","floor":32,"key":"SMITH"},{"data":"Parasite","floor":40,"key":"PURGE"},{"data":"Strike_B","floor":42,"key":"PURGE"},{"floor":47,"key":"RECALL"},{"data":"Strike_B","floor":49,"key":"PURGE"},{"data":"Machine Learning","floor":52,"key":"SMITH"}],"neow_cost":"NONE","seed_source_timestamp":92329851042727,"circlet_count":0,"master_deck":["Strike_B","Defend_B","Defend_B","Zap","Dualcast","Gash","Gash","Undo","Gash","Rebound","Auto Shields+1","Rebound","Reboot+1","Rebound","Steam","Flash of Steel","Scrape+1","Seek+1","FTL","Hyperbeam","Hologram","Gash","Beam Cell+1","Machine Learning+1","Scrape","Seek"],"special_seed":0,"relics":["Cracked Core","NeowsBlessing","Bird Faced Urn","WarpedTongs","Ornamental Fan","Anchor","Centennial Puzzle","Golden Idol","Pear","Eternal Feather","Dream Catcher","Incense Burner","Strawberry","Lizard Tail","Thread and Needle","Peace Pipe","Kunai","Mercury Hourglass","Nunchaku","Letter Opener"],"potions_floor_usage":[16,19,21,33,33,33,36,39,50,55],"damage_taken":[{"damage":0.0,"enemies":"Small Slimes","floor":1.0,"turns":1.0},{"damage":0.0,"enemies":"Jaw Worm","floor":3.0,"turns":1.0},{"damage":1,"enemies":"Gremlin Nob","floor":6,"turns":1},{"damage":3,"enemies":"Cultist","floor":7,"turns":3},{"damage":14,"enemies":"Lagavulin","floor":10,"turns":5},{"damage":0,"enemies":"Blue Slaver","floor":12,"turns":3},{"damage":24,"enemies":"Slime Boss","floor":16,"turns":8},{"damage":4,"enemies":"3 Byrds","floor":18,"turns":4},{"damage":8,"enemies":"2 Thieves","floor":19,"turns":3},{"damage":8,"enemies":"Cultist and Chosen","floor":21,"turns":6},{"damage":18,"enemies":"Slavers","floor":23,"turns":6},{"damage":15,"enemies":"Snake Plant","floor":25,"turns":4},{"damage":0,"enemies":"3 Cultists","floor":29,"turns":3},{"damage":0,"enemies":"Centurion and Healer","floor":31,"turns":3},{"damage":65,"enemies":"Collector","floor":33,"turns":8},{"damage":5,"enemies":"Orb Walker","floor":35,"turns":3},{"damage":16,"enemies":"2 Orb Walkers","floor":36,"turns":4},{"damage":0,"enemies":"3 Darklings","floor":37,"turns":3},{"damage":0,"enemies":"Mind Bloom Boss Battle","floor":38,"turns":4},{"damage":9,"enemies":"Writhing Mass","floor":39,"turns":7},{"damage":32,"enemies":"Reptomancer","floor":41,"turns":7},{"damage":7,"enemies":"Jaw Worm Horde","floor":45,"turns":4},{"damage":2,"enemies":"Sphere and 2 Shapes","floor":48,"turns":3},{"damage":7,"enemies":"Donu and Deca","floor":50,"turns":7},{"damage":43,"enemies":"Shield and Spear","floor":54,"turns":5},{"damage":133,"enemies":"The Heart","floor":55,"turns":6}],"seed_played":"8364517467037224984","potions_obtained":[{"floor":1.0,"key":"Dexterity Potion"},{"floor":10,"key":"Block Potion"},{"floor":12,"key":"Weak Potion"},{"floor":18,"key":"GamblersBrew"},{"floor":25,"key":"Explosive Potion"},{"floor":28,"key":"Strength Potion"},{"floor":28,"key":"SteroidPotion"},{"floor":33,"key":"SneckoOil"},{"floor":36,"key":"Ancient Potion"},{"floor":38,"key":"FearPotion"},{"floor":45,"key":"EssenceOfSteel"}],"is_trial":false,"path_per_floor":["M","?","M","T","?","E","M","$","T","E","R","M","?","?","R","B",null,"M","M","?","M","$","E","R","M","T","R","?","M","T","M","R","B",null,"M","?","M","?","M","R","E","R","T","$","M","$","R","M","R","B",null,"R","$","E","B"],"character_chosen":"DEFECT","items_purchased":["Rebound","Dream Catcher","Flash of Steel","Scrape","Seek","Nunchaku"],"campfire_rested":1,"item_purchase_floors":[8,22,22,46,53,53],"current_hp_per_floor":[75,80,80,80,80,79,76,76,76,62,62,62,42,34,61,37,90,86,78,78,70,70,52,64,49,56,68,68,68,68,68,80,15,97,92,76,76,76,67,82,50,65,65,65,58,58,73,71,86,81,94,94,94,51,0],"gold":46,"neow_bonus":"THREE_ENEMY_KILL","is_prod":false,"is_daily":false,"chose_seed":false,"campfire_upgraded":5,"win_rate":0,"timestamp":1562316834,"path_taken":["M","?","M","?","?","E","M","$","T","E","R","?","?","?","R","BOSS","M","M","?","?","$","E","R","M","T","R","?","?","?","M","R","BOSS","M","?","M","?","M","R","E","R","T","?","M","$","R","?","R","BOSS","R","$","E","BOSS"],"build_version":"2019-07-01","purchased_purges":4,"victory":false,"max_hp_per_floor":[75,80,80,80,80,80,80,80,80,80,80,80,80,90,90,90,90,90,90,90,90,90,90,90,90,97,97,97,97,97,97,97,97,97,97,97,97,97,97,94,94,94,94,94,94,94,94,94,94,94,94,94,94,94,94],"card_choices":[{"not_picked":["Consume","Streamline"],"picked":"Gash","floor":1.0},{"not_picked":["Leap","Fusion"],"picked":"Gash","floor":3.0},{"not_picked":["Coolheaded","Lockon"],"picked":"Undo","floor":6},{"not_picked":["Leap","Turbo"],"picked":"Gash","floor":7},{"not_picked":["Undo","Streamline"],"picked":"Auto Shields","floor":10},{"not_picked":["Tempest","Hologram"],"picked":"Rebound","floor":12},{"not_picked":["Thunder Strike","Buffer"],"picked":"Reboot","floor":16},{"not_picked":["Redo","Double Energy+1"],"picked":"Rebound","floor":18},{"not_picked":["Coolheaded","Double Energy+1","Cold Snap"],"picked":"SKIP","floor":19},{"not_picked":["BootSequence","Leap"],"picked":"Steam","floor":21},{"not_picked":["Leap","Ball Lightning"],"picked":"Scrape","floor":23},{"not_picked":["Compile Driver","Fusion"],"picked":"Seek","floor":25},{"not_picked":["Cold Snap","Compile Driver"],"picked":"FTL","floor":29},{"not_picked":["Sweeping Beam","Fusion+1","Streamline"],"picked":"SKIP","floor":31},{"not_picked":["Creative AI","Amplify"],"picked":"Hyperbeam","floor":33},{"not_picked":["Steam+1","Redo+1"],"picked":"Hologram","floor":35},{"not_picked":["Hologram+1","Coolheaded"],"picked":"Gash","floor":36},{"not_picked":["Defragment+1","Melter+1"],"picked":"Beam Cell+1","floor":37},{"not_picked":["Steam","Barrage","Leap+1"],"picked":"SKIP","floor":39},{"not_picked":["Storm","Coolheaded+1","Barrage"],"picked":"SKIP","floor":41},{"not_picked":["Storm","Redo"],"picked":"Machine Learning","floor":45},{"not_picked":["Compile Driver","Hologram+1","Barrage+1"],"picked":"SKIP","floor":48},{"not_picked":["Darkness+1","Echo Form","Cold Snap"],"picked":"SKIP","floor":54}],"player_experience":173772,"relics_obtained":[{"floor":4.0,"key":"Bird Faced Urn"},{"floor":6,"key":"Ornamental Fan"},{"floor":9,"key":"Anchor"},{"floor":10,"key":"Centennial Puzzle"},{"floor":23,"key":"Incense Burner"},{"floor":26,"key":"Strawberry"},{"floor":36,"key":"Thread and Needle"},{"floor":38,"key":"Peace Pipe"},{"floor":41,"key":"Kunai"},{"floor":43,"key":"Mercury Hourglass"},{"floor":54,"key":"Letter Opener"}],"event_choices":[{"damage_healed":0.0,"max_hp_gain":5.0,"max_hp_loss":0.0,"gold_gain":0.0,"event_name":"Big Fish","player_choice":"Donut","floor":2.0,"gold_loss":0.0,"damage_taken":0.0},{"damage_healed":0,"gold_gain":0,"player_choice":"Rummage","damage_taken":0,"relics_obtained":["WarpedTongs"],"max_hp_gain":0,"max_hp_loss":0,"event_name":"Accursed Blacksmith","floor":5,"gold_loss":0,"cards_obtained":["Pain"]},{"damage_healed":0,"gold_gain":0,"player_choice":"Take Damage","damage_taken":20,"relics_obtained":["Golden Idol"],"max_hp_gain":0,"max_hp_loss":0,"event_name":"Golden Idol","floor":13,"gold_loss":0},{"damage_healed":0,"gold_gain":0,"player_choice":"Success","damage_taken":18,"relics_obtained":["Pear"],"max_hp_gain":0,"max_hp_loss":0,"event_name":"Scrap Ooze","floor":14,"gold_loss":0},{"damage_healed":0,"gold_gain":100,"player_choice":"Bet on Murderer","damage_taken":0,"max_hp_gain":0,"max_hp_loss":0,"event_name":"The Joust","floor":20,"gold_loss":50},{"damage_healed":0,"gold_gain":0,"player_choice":"Got Potions","damage_taken":0,"max_hp_gain":0,"max_hp_loss":0,"event_name":"Lab","floor":28,"gold_loss":0},{"damage_healed":0,"gold_gain":0,"player_choice":"Fight","damage_taken":0,"max_hp_gain":0,"max_hp_loss":0,"event_name":"Mysterious Sphere","floor":36,"gold_loss":0},{"damage_healed":0,"gold_gain":0,"player_choice":"Fight","damage_taken":0,"max_hp_gain":0,"max_hp_loss":0,"event_name":"MindBloom","floor":38,"gold_loss":0}],"is_beta":false,"boss_relics":[{"not_picked":["Busted Crown","Snecko Eye"],"picked":"Eternal Feather"},{"not_picked":["Tiny House","Sozu"],"picked":"Lizard Tail"}],"items_purged_floors":[8,22,44,46],"is_endless":false,"potions_floor_spawned":[1,10,12,18,25,29,31,33,36,38,45],"killed_by":"The Heart","ascension_level":4}