{"gold_per_floor":[118,134,151,226,88,117,117,151,178,98,98,98,98,113,113,217,217,228,240,256,256,273,273,287,56,56,155,155,0,18,37,37,37],"floor_reached":33,"playtime":2044,"items_purged":["Strike_B","Strike_B","Defend_B"],"score":439,"play_id":"13a591e6-0541-4e93-9397-af9f8231479e","local_time":"20181213101744","is_ascension_mode":true,"campfire_choices":[{"data":"Conserve Battery","floor":7,"key":"SMITH"},{"floor":12,"key":"REST"},{"floor":15,"key":"REST"},{"data":"Hologram","floor":23,"key":"SMITH"},{"data":"Cold Snap","floor":28,"key":"SMITH"},{"floor":32,"key":"REST"}],"neow_cost":"NONE","seed_source_timestamp":4618077627888,"circlet_count":0,"master_deck":["Strike_B","Defend_B+1","Defend_B","Zap+1","Dualcast","Streamline","Cold Snap+1","Conserve Battery+1","Leap","Cold Snap","Hologram+1","Machine Learning","Leap+1","Skim","Loop","Conserve Battery+1","Cold Snap+1","Cold Snap+1"],"relics":["Cracked Core","The Courier","Boot","Ancient Tea Set","Bag of Marbles","Gremlin Horn","Empty Cage","Membership Card","Blue Candle"],"potions_floor_usage":[6,18,20,20,33,33],"damage_taken":[{"damage":1,"enemies":"Cultist","floor":1,"turns":3},{"damage":4,"enemies":"2 Louse","floor":2,"turns":3},{"damage":0,"enemies":"Small Slimes","floor":3,"turns":2},{"damage":28,"enemies":"Gremlin Nob","floor":6,"turns":4},{"damage":15,"enemies":"3 Sentries","floor":8,"turns":9},{"damage":3,"enemies":"Blue Slaver","floor":14,"turns":3},{"damage":0,"enemies":"The Guardian","floor":16,"turns":13},{"damage":15,"enemies":"3 Byrds","floor":18,"turns":5},{"damage":1,"enemies":"Spheric Guardian","floor":19,"turns":5},{"damage":28,"enemies":"Snake Plant","floor":20,"turns":6},{"damage":3,"enemies":"Snecko","floor":22,"turns":5},{"damage":4,"enemies":"Sentry and Sphere","floor":24,"turns":10},{"damage":0,"enemies":"Centurion and Healer","floor":30,"turns":9},{"damage":0,"enemies":"Cultist and Chosen","floor":31,"turns":10},{"damage":87,"enemies":"Champ","floor":33,"turns":17}],"seed_played":"3497453698661982781","potions_obtained":[{"floor":1,"key":"FairyPotion"},{"floor":3,"key":"GamblersBrew"},{"floor":6,"key":"FearPotion"},{"floor":16,"key":"AttackPotion"},{"floor":19,"key":"Regen Potion"},{"floor":22,"key":"FocusPotion"},{"floor":24,"key":"Poison Potion"},{"floor":30,"key":"Block Potion"}],"is_trial":false,"path_per_floor":["M","M","M","T","$","E","R","E","T","$","?","R","?","M","R","B",null,"M","M","M","?","M","R","M","$","T","?","R","?","M","M","R","B"],"character_chosen":"DEFECT","items_purchased":["Conserve Battery","Leap","Membership Card"],"campfire_rested":3,"item_purchase_floors":[5,5,25],"current_hp_per_floor":[67,63,63,63,63,35,35,20,20,20,5,27,27,24,46,46,68,53,52,36,36,33,33,29,29,29,29,29,29,29,29,51,0],"gold":37,"neow_bonus":"UPGRADE_CARD","is_prod":false,"is_daily":false,"chose_seed":false,"campfire_upgraded":3,"win_rate":0,"timestamp":1544656664,"path_taken":["M","M","M","?","$","E","R","E","T","$","?","R","?","?","R","BOSS","M","M","M","?","M","R","M","$","T","?","R","?","M","?","R","BOSS"],"build_version":"2018-12-11","purchased_purges":3,"victory":false,"max_hp_per_floor":[75,75,75,75,75,75,75,75,75,75,75,75,75,75,75,75,75,75,75,75,75,75,75,75,75,75,75,75,75,75,75,75,75],"card_choices":[{"not_picked":["Fusion","Redo","Barrage"],"picked":"SKIP","floor":1},{"not_picked":["Redo","Blizzard"],"picked":"Streamline","floor":2},{"not_picked":["Sweeping Beam","Barrage"],"picked":"Cold Snap","floor":3},{"not_picked":["Reprogram","Fission"],"picked":"Cold Snap","floor":6},{"not_picked":["Steam Power","Rebound"],"picked":"Hologram","floor":8},{"not_picked":["Chill","Rebound","Force Field"],"picked":"SKIP","floor":14},{"not_picked":["Multi-Cast","All For One"],"picked":"Machine Learning","floor":16},{"not_picked":["Coolheaded","Barrage"],"picked":"Leap+1","floor":18},{"not_picked":["Turbo","Tempest"],"picked":"Skim","floor":19},{"not_picked":["Gash","Beam Cell+1"],"picked":"Loop","floor":20},{"not_picked":["Barrage","Reinforced Body"],"picked":"Conserve Battery+1","floor":22},{"not_picked":["Tempest","Redo"],"picked":"Cold Snap","floor":24},{"not_picked":["Reprogram","Beam Cell"],"picked":"Cold Snap+1","floor":30},{"not_picked":["Sweeping Beam","Rebound","Chill+1"],"picked":"SKIP","floor":31}],"player_experience":470825,"relics_obtained":[{"floor":4,"key":"The Courier"},{"floor":6,"key":"Boot"},{"floor":8,"key":"Ancient Tea Set"},{"floor":9,"key":"Bag of Marbles"},{"floor":13,"key":"Gremlin Horn"},{"floor":26,"key":"Blue Candle"}],"event_choices":[{"damage_healed":0,"gold_gain":0,"player_choice":"Entered Light","damage_taken":15,"max_hp_gain":0,"max_hp_loss":0,"event_name":"Shining Light","floor":11,"gold_loss":0,"cards_upgraded":["Cold Snap","Defend_B"]},{"damage_healed":0,"gold_gain":0,"player_choice":"Relic","damage_taken":0,"max_hp_gain":0,"max_hp_loss":0,"event_name":"Wheel of Change","floor":13,"gold_loss":0},{"damage_healed":0,"gold_gain":0,"player_choice":"Ignored","damage_taken":0,"max_hp_gain":0,"max_hp_loss":0,"event_name":"Cursed Tome","floor":21,"gold_loss":0},{"damage_healed":0,"gold_gain":99,"player_choice":"Stole From Cult","damage_taken":0,"max_hp_gain":0,"max_hp_loss":0,"event_name":"Nest","floor":27,"gold_loss":0},{"damage_healed":0,"gold_gain":0,"player_choice":"Paid Fearfully","damage_taken":0,"max_hp_gain":0,"max_hp_loss":0,"event_name":"Masked Bandits","floor":29,"gold_loss":155}],"is_beta":true,"boss_relics":[{"not_picked":["Nuclear Battery","Fusion Hammer"],"picked":"Empty Cage"}],"items_purged_floors":[5,10,25],"is_endless":false,"potions_floor_spawned":[1,3,6,16,19,22,24,30],"killed_by":"Champ","ascension_level":7}