{"gold_per_floor":[111,111,125,136,136,176,176,199,199,234,252,103,121,136,136,261,261,282,282,282,2,17,51,13,13,13,29,29,43,0,18,18,148,148,161,161,494,505,264,264,264],"floor_reached":41,"playtime":2910,"items_purged":["Normality","Strike_B"],"score":444,"play_id":"957a7d50-2959-4672-a8f7-f2be59eb9d4c","local_time":"20190712183352","is_ascension_mode":true,"campfire_choices":[{"floor":15,"key":"REST"},{"floor":25,"key":"REST"},{"floor":32,"key":"REST"},{"floor":40,"key":"REST"}],"neow_cost":"NONE","seed_source_timestamp":199100830152426,"circlet_count":0,"master_deck":["Strike_B+1","Strike_B","Defend_B","Defend_B","Defend_B","Defend_B","Zap+1","Dualcast","Chill","Streamline+1","Conserve Battery","Chill","Rebound","Buffer","Sunder","Capacitor","Doom and Gloom","Rebound","Leap","Echo Form","Scrape","White Noise","Heatsinks","Gash+1","Coolheaded","Scrape","Defragment","Defragment+1","Glacier","Core Surge","Barrage+1","Self Repair"],"relics":["Cracked Core","Art of War","Regal Pillow","Bottled Flame","Black Star","Smiling Mask","Bronze Scales","Vajra","Happy Flower","Matryoshka","Medical Kit"],"potions_floor_usage":[18,22,31,38],"damage_taken":[{"damage":0,"enemies":"2 Louse","floor":1,"turns":3},{"damage":0,"enemies":"Small Slimes","floor":3,"turns":2},{"damage":5,"enemies":"Jaw Worm","floor":4,"turns":3},{"damage":19,"enemies":"Lagavulin","floor":6,"turns":8},{"damage":2,"enemies":"Exordium Wildlife","floor":8,"turns":4},{"damage":11,"enemies":"Gremlin Nob","floor":10,"turns":3},{"damage":0,"enemies":"Large Slime","floor":11,"turns":5},{"damage":10,"enemies":"Looter","floor":13,"turns":2},{"damage":0,"enemies":"Blue Slaver","floor":14,"turns":2},{"damage":21,"enemies":"The Guardian","floor":16,"turns":12},{"damage":6,"enemies":"2 Thieves","floor":18,"turns":3},{"damage":14,"enemies":"Shell Parasite","floor":22,"turns":4},{"damage":45,"enemies":"Gremlin Leader","floor":23,"turns":7},{"damage":8,"enemies":"Snecko","floor":27,"turns":7},{"damage":10,"enemies":"3 Cultists","floor":29,"turns":6},{"damage":16,"enemies":"Centurion and Healer","floor":31,"turns":5},{"damage":2,"enemies":"Automaton","floor":33,"turns":10},{"damage":29,"enemies":"3 Darklings","floor":35,"turns":6},{"damage":24,"enemies":"3 Shapes","floor":38,"turns":4},{"damage":68,"enemies":"Reptomancer","floor":41,"turns":6}],"seed_played":"-6362315453278742389","potions_obtained":[{"floor":1,"key":"Fire Potion"},{"floor":4,"key":"Dexterity Potion"},{"floor":8,"key":"Dexterity Potion"},{"floor":10,"key":"Explosive Potion"},{"floor":18,"key":"SpeedPotion"},{"floor":22,"key":"Dexterity Potion"},{"floor":27,"key":"LiquidBronze"}],"is_trial":false,"path_per_floor":["M","?","M","M","?","E","?","M","T","E","M","$","M","M","R","B",null,"M","?","?","$","M","E","$","R","T","M","$","M","?","M","R","B",null,"M","?","?","M","$","R","E"],"character_chosen":"DEFECT","items_purchased":["Capacitor","Doom and Gloom","Heatsinks","Bronze Scales","Scrape","Medical Kit"],"campfire_rested":4,"item_purchase_floors":[12,12,21,21,24,39],"current_hp_per_floor":[82,66,66,61,61,42,42,40,40,29,29,29,19,19,56,35,76,70,70,70,70,56,11,11,48,48,40,40,30,30,14,51,49,76,47,47,47,23,23,60,0],"gold":264,"neow_bonus":"TEN_PERCENT_HP_BONUS","is_prod":false,"is_daily":false,"chose_seed":false,"campfire_upgraded":0,"win_rate":0,"timestamp":1562970832,"path_taken":["M","?","M","M","?","E","?","M","T","E","M","?","?","M","R","BOSS","M","?","?","?","M","E","$","R","T","M","?","M","?","M","R","BOSS","M","?","?","M","$","R","E"],"build_version":"2019-07-05","purchased_purges":2,"victory":false,"max_hp_per_floor":[82,82,82,82,76,76,76,76,76,76,76,76,76,76,76,76,76,76,76,76,76,76,76,76,76,76,76,76,76,76,76,76,76,76,76,76,76,76,76,76,76],"card_choices":[{"not_picked":["Steam Power","Gash"],"picked":"Chill","floor":1},{"not_picked":["Recycle","Static Discharge"],"picked":"Streamline","floor":3},{"not_picked":["Steam","Turbo"],"picked":"Conserve Battery","floor":4},{"not_picked":["Compile Driver","Storm"],"picked":"Chill","floor":6},{"not_picked":["Hologram","Coolheaded"],"picked":"Rebound","floor":8},{"not_picked":["Conserve Battery","Auto Shields"],"picked":"Buffer","floor":10},{"not_picked":["Reprogram","Conserve Battery"],"picked":"Sunder","floor":11},{"not_picked":["Stack","BootSequence"],"picked":"Rebound","floor":13},{"not_picked":["Chill","Cold Snap"],"picked":"Leap","floor":14},{"not_picked":["Machine Learning","Thunder Strike"],"picked":"Echo Form","floor":16},{"not_picked":["Turbo+1","Sweeping Beam"],"picked":"Scrape","floor":18},{"not_picked":["Go for the Eyes+1","Cold Snap"],"picked":"Gash+1","floor":22},{"not_picked":["Tempest","Stack"],"picked":"Coolheaded","floor":23},{"not_picked":["Steam+1","Cold Snap"],"picked":"Defragment","floor":27},{"not_picked":["Doom and Gloom","Go for the Eyes"],"picked":"Defragment+1","floor":29},{"not_picked":["Capacitor","Buffer"],"picked":"Glacier","floor":31},{"not_picked":["Buffer","Seek"],"picked":"Core Surge","floor":33},{"not_picked":["Leap+1","Go for the Eyes"],"picked":"Barrage+1","floor":35},{"not_picked":["Compile Driver+1","Stack+1"],"picked":"Self Repair","floor":38}],"player_experience":107308,"relics_obtained":[{"floor":6,"key":"Art of War"},{"floor":9,"key":"Regal Pillow"},{"floor":10,"key":"Bottled Flame"},{"floor":23,"key":"Vajra"},{"floor":23,"key":"Happy Flower"},{"floor":26,"key":"Matryoshka"}],"event_choices":[{"damage_healed":0,"gold_gain":0,"player_choice":"Entered Light","damage_taken":16,"max_hp_gain":0,"max_hp_loss":0,"event_name":"Shining Light","floor":2,"gold_loss":0,"cards_upgraded":["Zap","Strike_B"]},{"damage_healed":0,"gold_gain":0,"player_choice":"Lose Max HP","damage_taken":0,"relics_obtained":["Golden Idol"],"max_hp_gain":0,"max_hp_loss":6,"event_name":"Golden Idol","floor":5,"gold_loss":0},{"damage_healed":0,"gold_gain":0,"player_choice":"Grow","damage_taken":0,"max_hp_gain":0,"max_hp_loss":0,"event_name":"Living Wall","floor":7,"gold_loss":0,"cards_upgraded":["Streamline"]},{"damage_healed":0,"gold_gain":0,"player_choice":"Opened","damage_taken":0,"relics_obtained":["Smiling Mask"],"max_hp_gain":0,"max_hp_loss":0,"event_name":"The Mausoleum","floor":19,"gold_loss":0,"cards_obtained":["Writhe"]},{"damage_healed":0,"gold_gain":0,"cards_transformed":["Writhe","Strike_B"],"player_choice":"Became Test Subject","damage_taken":0,"max_hp_gain":0,"max_hp_loss":0,"event_name":"Drug Dealer","floor":20,"gold_loss":0,"cards_obtained":["Normality","White Noise"]},{"damage_healed":0,"gold_gain":0,"player_choice":"Paid Fearfully","damage_taken":0,"max_hp_gain":0,"max_hp_loss":0,"event_name":"Masked Bandits","floor":30,"gold_loss":43},{"damage_healed":0,"gold_gain":0,"player_choice":"Ignored","damage_taken":0,"max_hp_gain":0,"max_hp_loss":0,"event_name":"Mysterious Sphere","floor":36,"gold_loss":0},{"damage_healed":0,"gold_gain":333,"player_choice":"Gave Idol","damage_taken":0,"max_hp_gain":0,"max_hp_loss":0,"event_name":"The Moai Head","floor":37,"relics_lost":["Golden Idol"],"gold_loss":0}],"is_beta":false,"boss_relics":[{"not_picked":["Tiny House","Lizard Tail"],"picked":"Black Star"},{"not_picked":["Busted Crown","Cursed Key","Runic Dome"]}],"items_purged_floors":[21,39],"is_endless":false,"potions_floor_spawned":[1,4,8,10,11,14,18,22,23,27],"killed_by":"Reptomancer","ascension_level":1}