{"gold_per_floor":[218,218,218,229,26,26,39,74,126,126],"floor_reached":10,"playtime":363,"items_purged":[],"score":112,"play_id":"b0f1f719-4aa0-4ee5-a32c-785ecc7fb56a","local_time":"20190717194054","is_ascension_mode":true,"campfire_choices":[{"data":"Zap","floor":6,"key":"SMITH"}],"neow_cost":"NONE","seed_source_timestamp":462908591854431,"circlet_count":0,"master_deck":["AscendersBane","Strike_B","Strike_B","Strike_B","Defend_B","Defend_B","Defend_B","Defend_B","Zap+1","Dualcast","Auto Shields","Genetic Algorithm","Coolheaded"],"relics":["Cracked Core","Runic Capacitor","Boot","Ancient Tea Set"],"potions_floor_usage":[],"damage_taken":[{"damage":0,"enemies":"2 Louse","floor":1,"turns":3},{"damage":1,"enemies":"Cultist","floor":4,"turns":4},{"damage":1,"enemies":"Jaw Worm","floor":7,"turns":3},{"damage":25,"enemies":"Lagavulin","floor":8,"turns":8},{"damage":49,"enemies":"Gremlin Nob","floor":10,"turns":5}],"seed_played":"1117093846951809250","potions_obtained":[{"floor":1,"key":"Explosive Potion"},{"floor":8,"key":"Ancient Potion"}],"is_trial":false,"path_per_floor":["M","?","?","M","$","R","M","E","T","E"],"character_chosen":"DEFECT","items_purchased":["Runic Capacitor"],"campfire_rested":0,"item_purchase_floors":[5],"current_hp_per_floor":[64,64,64,63,63,63,62,37,37,0],"gold":126,"neow_bonus":"HUNDRED_GOLD","is_prod":false,"is_daily":false,"chose_seed":false,"campfire_upgraded":1,"win_rate":0,"timestamp":1563356454,"path_taken":["M","?","?","M","$","R","M","E","T","E"],"build_version":"2019-07-05","purchased_purges":0,"victory":false,"max_hp_per_floor":[71,71,71,71,71,71,71,71,71,71],"card_choices":[{"not_picked":["Steam Power","Consume","Storm"],"picked":"SKIP","floor":1},{"not_picked":["Steam Power","White Noise"],"picked":"Genetic Algorithm","floor":4},{"not_picked":["Blizzard","Auto Shields","Coolheaded"],"picked":"SKIP","floor":7},{"not_picked":["Hello World","Turbo"],"picked":"Coolheaded","floor":8}],"player_experience":637103,"relics_obtained":[{"floor":8,"key":"Boot"},{"floor":9,"key":"Ancient Tea Set"}],"event_choices":[{"damage_healed":0,"gold_gain":0,"player_choice":"Leave","damage_taken":0,"max_hp_gain":0,"max_hp_loss":0,"event_name":"The Cleric","floor":2,"gold_loss":0},{"damage_healed":0,"gold_gain":0,"cards_transformed":["Strike_B"],"player_choice":"Transformed","damage_taken":0,"max_hp_gain":0,"max_hp_loss":0,"event_name":"Transmorgrifier","floor":3,"gold_loss":0,"cards_obtained":["Auto Shields"]}],"is_beta":false,"boss_relics":[],"items_purged_floors":[],"is_endless":false,"potions_floor_spawned":[1,8],"killed_by":"Gremlin Nob","ascension_level":14}