{"gold_per_floor":[118,118,193,209,220,220,232,249,249,276,276,276,304,74,74,173,173,183,183,14,34,34],"floor_reached":22,"playtime":2947,"items_purged":["Strike_B"],"score":233,"play_id":"d76f4749-2fc8-443e-8ccf-972eeda0f3c3","local_time":"20190705140142","is_ascension_mode":true,"campfire_choices":[{"data":"Double Energy","floor":6,"key":"SMITH"},{"floor":11,"key":"REST"},{"data":"Genetic Algorithm","floor":15,"key":"SMITH"}],"neow_cost":"NONE","seed_source_timestamp":84242064036805,"circlet_count":0,"master_deck":["Strike_B","Strike_B","Defend_B","Defend_B","Defend_B","Defend_B","Zap","Dualcast","White Noise","Doom and Gloom","Storm","Double Energy+1","Hologram","Genetic Algorithm+1","Auto Shields","FTL","Multi-Cast+1","Conserve Battery","Secret Technique","Redo"],"relics":["Philosopher\u0027s Stone","Ice Cream","Calipers","Letter Opener","Anchor","Sozu"],"potions_floor_usage":[10,16,16],"damage_taken":[{"damage":3,"enemies":"Jaw Worm","floor":1,"turns":2},{"damage":0,"enemies":"2 Louse","floor":4,"turns":1},{"damage":0,"enemies":"Cultist","floor":5,"turns":3},{"damage":9,"enemies":"Gremlin Gang","floor":7,"turns":3},{"damage":9,"enemies":"Blue Slaver","floor":8,"turns":2},{"damage":42,"enemies":"Gremlin Nob","floor":10,"turns":4},{"damage":9,"enemies":"Lagavulin","floor":13,"turns":6},{"damage":22,"enemies":"Hexaghost","floor":16,"turns":7},{"damage":0,"enemies":"Shell Parasite","floor":18,"turns":3},{"damage":12,"enemies":"2 Thieves","floor":21,"turns":4},{"damage":68,"enemies":"Cultist and Chosen","floor":22,"turns":5}],"seed_played":"2113136271340658390","potions_obtained":[{"floor":5,"key":"PowerPotion"},{"floor":10,"key":"SneckoOil"},{"floor":13,"key":"PowerPotion"}],"is_trial":false,"path_per_floor":["M","?","?","M","M","R","M","M","T","E","R","?","E","$","R","B",null,"M","?","$","M","M"],"character_chosen":"DEFECT","items_purchased":["Anchor","Secret Technique"],"campfire_rested":1,"item_purchase_floors":[14,20],"current_hp_per_floor":[72,72,61,61,61,61,52,43,43,1,23,48,39,39,39,17,75,75,75,75,63,0],"gold":34,"neow_bonus":"BOSS_RELIC","is_prod":false,"is_daily":false,"chose_seed":false,"campfire_upgraded":2,"win_rate":0,"timestamp":1562306502,"path_taken":["M","?","?","M","M","R","M","M","T","E","R","?","E","$","R","BOSS","M","?","$","M","?"],"build_version":"2019-07-01","purchased_purges":1,"victory":false,"max_hp_per_floor":[75,75,75,75,75,75,75,75,75,75,75,75,75,75,75,75,75,75,75,75,75,75],"card_choices":[{"not_picked":["Ball Lightning","Compile Driver"],"picked":"White Noise","floor":1},{"not_picked":["Ball Lightning","Cold Snap"],"picked":"Storm","floor":4},{"not_picked":["Go for the Eyes","Hologram"],"picked":"Double Energy","floor":5},{"not_picked":["Gash","Streamline"],"picked":"Hologram","floor":7},{"not_picked":["Steam Power","Leap"],"picked":"Genetic Algorithm","floor":8},{"not_picked":["Coolheaded","Rip and Tear"],"picked":"Auto Shields","floor":10},{"not_picked":["Cold Snap","Ball Lightning"],"picked":"FTL","floor":13},{"not_picked":["Fission","Thunder Strike"],"picked":"Multi-Cast","floor":16},{"not_picked":["Recycle+1","Steam"],"picked":"Conserve Battery","floor":18},{"not_picked":["Beam Cell","White Noise"],"picked":"Redo","floor":21}],"player_experience":165792,"relics_obtained":[{"floor":9,"key":"Ice Cream"},{"floor":10,"key":"Calipers"},{"floor":13,"key":"Letter Opener"}],"event_choices":[{"damage_healed":0,"gold_gain":0,"cards_transformed":["Strike_B"],"player_choice":"Change","damage_taken":0,"max_hp_gain":0,"max_hp_loss":0,"event_name":"Living Wall","floor":2,"gold_loss":0,"cards_obtained":["Doom and Gloom"]},{"damage_healed":0,"gold_gain":75,"player_choice":"Gather Gold","damage_taken":11,"max_hp_gain":0,"max_hp_loss":0,"event_name":"World of Goop","floor":3,"gold_loss":0},{"damage_healed":25,"gold_gain":0,"player_choice":"Banana","damage_taken":0,"max_hp_gain":0,"max_hp_loss":0,"event_name":"Big Fish","floor":12,"gold_loss":0},{"damage_healed":0,"gold_gain":0,"player_choice":"Upgraded","damage_taken":0,"max_hp_gain":0,"max_hp_loss":0,"event_name":"Upgrade Shrine","floor":19,"gold_loss":0,"cards_upgraded":["Multi-Cast"]}],"is_beta":false,"boss_relics":[{"not_picked":["Pandora\u0027s Box","Nuclear Battery"],"picked":"Sozu"}],"items_purged_floors":[14],"is_endless":false,"potions_floor_spawned":[5,10,13,21],"killed_by":"Cultist and Chosen","ascension_level":4}