{"gold_per_floor":[109,109,125,136,148,181,181,181,181,194,194,225,242,299,299,398,398,408,419,297,307,321,321,335,335,335,335,335,335,347,363,363,464,464,476,411,109,120,137,137,12,64,91,91,104,104,115,127,127,127],"floor_reached":51,"playtime":7762,"items_purged":["Sucker Punch","Slice","Slice"],"score":822,"play_id":"ed70de20-a3a2-42a3-ab08-6ca680327248","local_time":"20190706230434","is_ascension_mode":true,"campfire_choices":[{"data":"Neutralize","floor":7,"key":"SMITH"},{"floor":11,"key":"REST"},{"data":"Skewer","floor":15,"key":"SMITH"},{"data":"Tactician","floor":23,"key":"SMITH"},{"data":"Malaise","floor":25,"key":"SMITH"},{"data":"Reflex","floor":27,"key":"SMITH"},{"floor":32,"key":"REST"},{"data":"Dodge and Roll","floor":40,"key":"SMITH"},{"data":"Terror","floor":44,"key":"SMITH"},{"floor":46,"key":"REST"},{"data":"Leg Sweep","floor":49,"key":"SMITH"}],"neow_cost":"NONE","seed_source_timestamp":198331110603551,"circlet_count":0,"master_deck":["Survivor","Neutralize+1","Tactician+1","Dodge and Roll+1","Crippling Poison","Storm of Steel","Skewer+1","Backflip","Tools of the Trade+1","Malaise+1","Glass Knife","Well Laid Plans+1","PiercingWail","Die Die Die","Expertise","Reflex+1","Sucker Punch","Terror+1","Dodge and Roll+1","PiercingWail+1","Dagger Throw","Footwork+1","Outmaneuver+1","Well Laid Plans+1","Envenom+1","Dash+1","Leg Sweep+1"],"relics":["Ring of the Snake","Lantern","Mercury Hourglass","Pen Nib","Frozen Egg 2","Centennial Puzzle","Pandora\u0027s Box","Strawberry","Sozu","Mummified Hand","Frozen Eye","Calipers","Ancient Tea Set"],"potions_floor_usage":[6,6,16,21,50,50],"damage_taken":[{"damage":5,"enemies":"Jaw Worm","floor":1,"turns":6},{"damage":0,"enemies":"2 Louse","floor":3,"turns":4},{"damage":1,"enemies":"Small Slimes","floor":4,"turns":4},{"damage":5,"enemies":"Blue Slaver","floor":5,"turns":4},{"damage":24,"enemies":"Lagavulin","floor":6,"turns":7},{"damage":9,"enemies":"Exordium Thugs","floor":10,"turns":5},{"damage":8,"enemies":"3 Sentries","floor":12,"turns":8},{"damage":1,"enemies":"Red Slaver","floor":13,"turns":2},{"damage":27,"enemies":"Gremlin Nob","floor":14,"turns":4},{"damage":12,"enemies":"The Guardian","floor":16,"turns":14},{"damage":0,"enemies":"Spheric Guardian","floor":18,"turns":2},{"damage":0,"enemies":"3 Byrds","floor":19,"turns":4},{"damage":4,"enemies":"Shelled Parasite and Fungi","floor":21,"turns":4},{"damage":0,"enemies":"Centurion and Healer","floor":22,"turns":4},{"damage":3,"enemies":"Snake Plant","floor":24,"turns":3},{"damage":0,"enemies":"Cultist and Chosen","floor":30,"turns":6},{"damage":0,"enemies":"3 Cultists","floor":31,"turns":4},{"damage":45,"enemies":"Automaton","floor":33,"turns":10},{"damage":0,"enemies":"Orb Walker","floor":35,"turns":4},{"damage":0,"enemies":"3 Shapes","floor":38,"turns":5},{"damage":0,"enemies":"Writhing Mass","floor":39,"turns":5},{"damage":6,"enemies":"2 Orb Walkers","floor":42,"turns":6},{"damage":1,"enemies":"3 Darklings","floor":45,"turns":3},{"damage":3,"enemies":"Transient","floor":47,"turns":5},{"damage":1,"enemies":"Writhing Mass","floor":48,"turns":2},{"damage":13,"enemies":"Time Eater","floor":50,"turns":3}],"seed_played":"7556087561369891685","potions_obtained":[{"floor":1,"key":"Poison Potion"},{"floor":4,"key":"Fire Potion"},{"floor":12,"key":"Regen Potion"},{"floor":13,"key":"SpeedPotion"},{"floor":14,"key":"LiquidBronze"},{"floor":19,"key":"Block Potion"},{"floor":29,"key":"SteroidPotion"},{"floor":29,"key":"Energy Potion"}],"is_trial":false,"path_per_floor":["M","?","M","M","M","E","R","T","T","M","R","E","M","?","R","B",null,"M","M","$","M","M","R","M","R","T","R","?","?","M","M","R","B",null,"M","?","$","M","M","R","$","?","T","R","M","R","M","M","R","B",null],"character_chosen":"THE_SILENT","items_purchased":["Dagger Throw","Frozen Eye"],"campfire_rested":3,"item_purchase_floors":[20,37],"current_hp_per_floor":[65,65,65,64,59,35,35,35,35,26,49,41,40,13,13,16,62,62,62,62,58,58,58,55,55,62,62,46,46,46,46,72,27,74,74,74,74,74,74,74,74,68,68,68,67,89,86,85,85,72],"gold":127,"neow_bonus":"TEN_PERCENT_HP_BONUS","is_prod":false,"is_daily":false,"chose_seed":false,"campfire_upgraded":8,"win_rate":0,"timestamp":1562425474,"path_taken":["M","?","M","M","M","E","R","?","T","M","R","E","M","?","R","BOSS","M","M","$","M","M","R","M","R","T","R","?","?","M","?","R","BOSS","M","?","$","M","M","R","?","?","T","R","M","R","M","M","R","BOSS"],"build_version":"2019-07-05","purchased_purges":3,"victory":true,"max_hp_per_floor":[77,77,77,77,77,77,77,77,77,77,77,77,77,77,77,77,77,77,77,77,77,77,77,77,77,84,84,89,89,89,89,89,89,89,89,89,89,89,89,89,89,89,89,89,89,89,89,89,89,89],"card_choices":[{"not_picked":["Accuracy","Concentrate"],"picked":"Slice","floor":1},{"not_picked":["Poisoned Stab","Blade Dance"],"picked":"Sucker Punch","floor":3},{"not_picked":["Outmaneuver","Bane"],"picked":"Dodge and Roll","floor":4},{"not_picked":["Slice","Prepared"],"picked":"Crippling Poison","floor":5},{"not_picked":["PiercingWail","Cloak And Dagger"],"picked":"Storm of Steel","floor":6},{"not_picked":["Prepared","Sucker Punch"],"picked":"Skewer","floor":10},{"not_picked":["Noxious Fumes","Dagger Throw"],"picked":"Backflip","floor":12},{"not_picked":["Prepared","Bane"],"picked":"Tools of the Trade+1","floor":13},{"not_picked":["Bullet Time","Night Terror"],"picked":"Malaise","floor":16},{"not_picked":["Blur+1","Dagger Spray"],"picked":"Dodge and Roll+1","floor":18},{"not_picked":["Flying Knee","Expertise"],"picked":"PiercingWail+1","floor":19},{"not_picked":["Flying Knee+1","Quick Slash"],"picked":"Footwork+1","floor":21},{"not_picked":["Accuracy+1","Flechettes"],"picked":"Outmaneuver+1","floor":22},{"not_picked":["PiercingWail","Backflip"],"picked":"Well Laid Plans+1","floor":24},{"not_picked":["Catalyst","Bane","Sucker Punch"],"picked":"SKIP","floor":30},{"not_picked":["Deadly Poison","Flying Knee+1","Slice"],"picked":"SKIP","floor":31},{"not_picked":["Die Die Die","Doppelganger"],"picked":"Envenom+1","floor":33},{"not_picked":["Endless Agony+1","Bane+1","All Out Attack+1"],"picked":"SKIP","floor":35},{"not_picked":["Bane+1","Crippling Poison+1"],"picked":"Dash+1","floor":38},{"not_picked":["Dagger Spray+1","Poisoned Stab","Underhanded Strike"],"picked":"SKIP","floor":39},{"not_picked":["Dagger Spray","Heel Hook+1","Bane"],"picked":"SKIP","floor":45},{"not_picked":["Bullet Time","Poisoned Stab+1","Finisher+1"],"picked":"SKIP","floor":47},{"not_picked":["Flying Knee+1","Poisoned Stab"],"picked":"Leg Sweep","floor":48}],"player_experience":217017,"relics_obtained":[{"floor":6,"key":"Lantern"},{"floor":8,"key":"Mercury Hourglass"},{"floor":9,"key":"Pen Nib"},{"floor":12,"key":"Frozen Egg 2"},{"floor":14,"key":"Centennial Puzzle"},{"floor":26,"key":"Strawberry"},{"floor":42,"key":"Calipers"},{"floor":43,"key":"Ancient Tea Set"}],"event_choices":[{"damage_healed":0,"gold_gain":0,"cards_transformed":["Strike_G"],"player_choice":"Change","damage_taken":0,"max_hp_gain":0,"max_hp_loss":0,"event_name":"Living Wall","floor":2,"gold_loss":0,"cards_obtained":["Tactician"]},{"damage_healed":0,"gold_gain":30,"player_choice":"Searched \u00273\u0027 times","damage_taken":0,"max_hp_gain":0,"max_hp_loss":0,"event_name":"Dead Adventurer","floor":14,"gold_loss":0},{"damage_healed":0,"gold_gain":0,"player_choice":"Shed Blood","damage_taken":21,"max_hp_gain":5,"max_hp_loss":0,"event_name":"Forgotten Altar","floor":28,"gold_loss":0},{"damage_healed":0,"gold_gain":0,"player_choice":"Got Potions","damage_taken":0,"max_hp_gain":0,"max_hp_loss":0,"event_name":"Lab","floor":29,"gold_loss":0},{"damage_healed":0,"gold_gain":0,"player_choice":"Paid Gold","damage_taken":0,"relics_obtained":["Mummified Hand"],"max_hp_gain":0,"max_hp_loss":0,"event_name":"WeMeetAgain","floor":36,"gold_loss":65},{"damage_healed":0,"gold_gain":0,"player_choice":"Fight","damage_taken":0,"max_hp_gain":0,"max_hp_loss":0,"event_name":"Mysterious Sphere","floor":42,"gold_loss":0}],"is_beta":false,"boss_relics":[{"not_picked":["Orrery","Snecko Eye"],"picked":"Pandora\u0027s Box"},{"not_picked":["White Beast Statue","Black Star"],"picked":"Sozu"}],"items_purged_floors":[20,37,41],"is_endless":false,"potions_floor_spawned":[1,4,12,13,14,19,31,33,35,42,45,47],"ascension_level":6}