{"gold_per_floor":[113,113,113,129,129,129,158,158,185,185,203,203,216,291,291,390,390,402,402,402,415,415,415,450,450,450,252,285,285,285,295,295,394,394,411,422,219,238,252,278,298,323,323,323],"floor_reached":44,"playtime":3146,"items_purged":["Defend_G","Strike_G"],"score":582,"play_id":"21232fa2-a953-4763-8cc6-cacacb250648","local_time":"20190704192026","is_ascension_mode":true,"campfire_choices":[{"data":"Noxious Fumes","floor":6,"key":"SMITH"},{"data":"Neutralize","floor":8,"key":"SMITH"},{"floor":12,"key":"REST"},{"floor":15,"key":"RECALL"},{"data":"After Image","floor":23,"key":"SMITH"},{"floor":25,"key":"REST"},{"data":"Sucker Punch","floor":30,"key":"SMITH"},{"floor":32,"key":"REST"}],"neow_cost":"NONE","seed_source_timestamp":16762607360352,"circlet_count":0,"master_deck":["Strike_G+1","Strike_G+1","Defend_G","Defend_G","Defend_G","Survivor","Neutralize+1","Noxious Fumes+1","Calculated Gamble","Backflip","Poisoned Stab","Leg Sweep+1","After Image+1","Dash","Acrobatics+1","Deadly Poison","Sucker Punch+1","Catalyst","Burst","Deadly Poison","Parasite","Bane+1","Bane"],"relics":["Ring of the Snake","NeowsBlessing","Paper Crane","Smiling Mask","Regal Pillow","Juzu Bracelet","Black Star","Orichalcum","Sundial","Boot","PreservedInsect","Gambling Chip","Bag of Preparation","Sozu","Dream Catcher","Strawberry","Bronze Scales","Mummified Hand","The Courier","Anchor"],"potions_floor_usage":[16,42,44],"damage_taken":[{"damage":0,"enemies":"Cultist","floor":1,"turns":1},{"damage":0,"enemies":"Jaw Worm","floor":4,"turns":1},{"damage":0,"enemies":"Lagavulin","floor":7,"turns":1},{"damage":1,"enemies":"2 Louse","floor":11,"turns":3},{"damage":3,"enemies":"Looter","floor":13,"turns":4},{"damage":16,"enemies":"Hexaghost","floor":16,"turns":9},{"damage":11,"enemies":"Shell Parasite","floor":18,"turns":7},{"damage":4,"enemies":"Chosen","floor":21,"turns":6},{"damage":23,"enemies":"Gremlin Leader","floor":24,"turns":9},{"damage":13,"enemies":"Book of Stabbing","floor":28,"turns":7},{"damage":10,"enemies":"Sentry and Sphere","floor":31,"turns":5},{"damage":60,"enemies":"Champ","floor":33,"turns":14},{"damage":17,"enemies":"3 Shapes","floor":35,"turns":4},{"damage":4,"enemies":"Orb Walker","floor":36,"turns":3},{"damage":7,"enemies":"Maw","floor":38,"turns":7},{"damage":2,"enemies":"Writhing Mass","floor":39,"turns":6},{"damage":24,"enemies":"Reptomancer","floor":40,"turns":6},{"damage":6,"enemies":"Transient","floor":41,"turns":5},{"damage":2,"enemies":"Giant Head","floor":42,"turns":7},{"damage":26,"enemies":"4 Shapes","floor":44,"turns":3}],"seed_played":"2515411352879467770","potions_obtained":[{"floor":1,"key":"LiquidBronze"},{"floor":7,"key":"Poison Potion"},{"floor":13,"key":"SkillPotion"},{"floor":21,"key":"GamblersBrew"},{"floor":28,"key":"Fire Potion"}],"is_trial":false,"path_per_floor":["M","T","?","M","?","R","E","R","T","?","M","R","M","?","R","B",null,"M","?","?","M","?","R","E","R","T","$","E","?","R","M","R","B",null,"M","M","$","M","M","E","M","E","T","M"],"character_chosen":"THE_SILENT","items_purchased":["PreservedInsect","Dream Catcher"],"campfire_rested":3,"item_purchase_floors":[27,37],"current_hp_per_floor":[70,70,70,70,56,56,56,56,56,44,43,70,67,56,56,40,70,59,59,59,55,55,55,32,68,68,68,55,55,55,45,70,10,70,53,49,49,42,40,23,17,15,15,0],"gold":323,"neow_bonus":"THREE_ENEMY_KILL","is_prod":false,"is_daily":false,"chose_seed":false,"campfire_upgraded":4,"win_rate":0,"timestamp":1562239226,"path_taken":["M","?","?","?","?","R","E","R","T","?","M","R","M","?","R","BOSS","M","?","?","M","?","R","E","R","T","$","E","?","R","M","R","BOSS","M","M","$","M","M","E","M","E","T","M"],"build_version":"2019-07-01","purchased_purges":2,"victory":false,"max_hp_per_floor":[70,70,70,70,70,70,70,70,70,70,70,70,70,70,70,70,70,70,70,70,70,70,70,70,70,70,70,70,70,70,70,70,70,70,70,70,70,70,70,77,77,77,77,77],"card_choices":[{"not_picked":["Acrobatics","Dagger Spray"],"picked":"Noxious Fumes","floor":1},{"not_picked":["Outmaneuver","Predator","Cloak And Dagger"],"picked":"SKIP","floor":4},{"not_picked":["Reflex","Skewer"],"picked":"Calculated Gamble","floor":7},{"not_picked":["Choke","Blade Dance"],"picked":"Backflip","floor":11},{"not_picked":["Terror","Skewer"],"picked":"Poisoned Stab","floor":13},{"not_picked":["Escape Plan","Eviscerate"],"picked":"Leg Sweep+1","floor":18},{"not_picked":["Prepared","Blade Dance"],"picked":"Acrobatics+1","floor":21},{"not_picked":["Flying Knee","Setup"],"picked":"Deadly Poison","floor":24},{"not_picked":["Quick Slash","Storm of Steel"],"picked":"Sucker Punch","floor":28},{"not_picked":["Blade Dance+1","Deadly Poison"],"picked":"Catalyst","floor":31},{"not_picked":["Adrenaline","Bullet Time"],"picked":"Burst","floor":33},{"not_picked":["PiercingWail+1","Predator+1"],"picked":"Deadly Poison","floor":35},{"not_picked":["Slice+1","Distraction","Quick Slash+1"],"picked":"SKIP","floor":36},{"not_picked":["PiercingWail","Flechettes+1","All Out Attack+1"],"picked":"SKIP","floor":38},{"not_picked":["Grand Finale","Terror+1"],"picked":"Bane+1","floor":39},{"not_picked":["Underhanded Strike","Heel Hook"],"picked":"Bane","floor":40},{"not_picked":["Backstab+1","Deflect+1","Setup"],"picked":"SKIP","floor":41},{"not_picked":["Reflex+1","Finisher","Expertise"],"picked":"SKIP","floor":42}],"player_experience":137938,"relics_obtained":[{"floor":2,"key":"Paper Crane"},{"floor":7,"key":"Regal Pillow"},{"floor":24,"key":"Orichalcum"},{"floor":24,"key":"Sundial"},{"floor":26,"key":"Boot"},{"floor":28,"key":"Gambling Chip"},{"floor":28,"key":"Bag of Preparation"},{"floor":40,"key":"Strawberry"},{"floor":40,"key":"Bronze Scales"},{"floor":42,"key":"Mummified Hand"},{"floor":42,"key":"The Courier"},{"floor":43,"key":"Anchor"}],"event_choices":[{"damage_healed":0,"gold_gain":0,"player_choice":"Gave Potion","damage_taken":0,"relics_obtained":["Smiling Mask"],"max_hp_gain":0,"max_hp_loss":0,"event_name":"WeMeetAgain","floor":3,"gold_loss":0},{"damage_healed":0,"gold_gain":0,"player_choice":"Entered Light","damage_taken":14,"max_hp_gain":0,"max_hp_loss":0,"event_name":"Shining Light","floor":5,"gold_loss":0,"cards_upgraded":["Strike_G","Strike_G"]},{"damage_healed":0,"gold_gain":0,"player_choice":"Success","damage_taken":12,"relics_obtained":["Juzu Bracelet"],"max_hp_gain":0,"max_hp_loss":0,"event_name":"Scrap Ooze","floor":10,"gold_loss":0},{"damage_healed":0,"gold_gain":75,"player_choice":"Gather Gold","damage_taken":11,"max_hp_gain":0,"max_hp_loss":0,"event_name":"World of Goop","floor":14,"gold_loss":0},{"cards_removed":["Strike_G"],"damage_healed":0,"gold_gain":0,"player_choice":"Elegance","damage_taken":0,"max_hp_gain":0,"max_hp_loss":0,"event_name":"Back to Basics","floor":19,"gold_loss":0},{"damage_healed":0,"gold_gain":0,"cards_transformed":["Defend_G","Strike_G"],"player_choice":"Became Test Subject","damage_taken":0,"max_hp_gain":0,"max_hp_loss":0,"event_name":"Drug Dealer","floor":20,"gold_loss":0,"cards_obtained":["After Image","Dash"]},{"damage_healed":0,"gold_gain":0,"player_choice":"Ignored","damage_taken":0,"max_hp_gain":0,"max_hp_loss":0,"event_name":"Vampires","floor":22,"gold_loss":0},{"damage_healed":0,"gold_gain":0,"player_choice":"Ignored","damage_taken":0,"max_hp_gain":0,"max_hp_loss":0,"event_name":"Ghosts","floor":29,"gold_loss":0}],"is_beta":false,"boss_relics":[{"not_picked":["Velvet Choker","Lizard Tail"],"picked":"Black Star"},{"not_picked":["Astrolabe","Runic Dome"],"picked":"Sozu"}],"items_purged_floors":[27,37],"is_endless":false,"potions_floor_spawned":[1,7,13,21,28,39,41],"killed_by":"4 Shapes","ascension_level":2}