{"gold_per_floor":[162,162,175,198,215,243,243,261,336,336,355,370,396,410,410,506,506,520,533,316,316,327,327,362,362,362,362,380,97,177,177,177,280,280,298,80,94,105,116,116,134,134,134,150,12,24,24,36,36,36],"floor_reached":50,"playtime":3440,"items_purged":["Defend_R","Defend_R"],"score":543,"play_id":"21888c28-ffeb-4b2d-a981-994cffd96be6","local_time":"20190709162932","is_ascension_mode":false,"campfire_choices":[{"floor":7.0,"key":"REST"},{"data":"Flex","floor":10.0,"key":"SMITH"},{"floor":15.0,"key":"REST"},{"floor":23.0,"key":"REST"},{"data":"Flex","floor":27,"key":"SMITH"},{"data":"Offering","floor":32,"key":"SMITH"},{"floor":40,"key":"REST"},{"floor":42,"key":"REST"},{"floor":49,"key":"REST"}],"neow_cost":"NONE","seed_source_timestamp":0,"circlet_count":0,"master_deck":["Strike_R","Strike_R","Strike_R","Strike_R","Strike_R","Defend_R+1","Defend_R","Bash","Dropkick","Fire Breathing","Flex+1","Clash","Hemokinesis","Anger","Flex+1","Twin Strike","Flex","Feed","Thunderclap+1","Thunderclap","Offering+1","Twin Strike","Shockwave","Anger","Rupture+1","Flex","Finesse","Feed","Whirlwind","Panache+1","Armaments","Cleave+1","Pummel+1","Double Tap","Flame Barrier+1","Seeing Red","Impervious","Parasite","Flame Barrier+1","Madness","Madness","Bludgeon"],"special_seed":0,"relics":["Tiny House","Anchor","Regal Pillow","Frozen Egg 2","Self Forming Clay","PreservedInsect","Runic Pyramid","Nunchaku","Bird Faced Urn","Mercury Hourglass","Mummified Hand","NlothsMask","Sozu"],"potions_floor_usage":[],"damage_taken":[{"damage":0.0,"enemies":"2 Louse","floor":1.0,"turns":3.0},{"damage":1.0,"enemies":"Jaw Worm","floor":3.0,"turns":2.0},{"damage":0.0,"enemies":"Cultist","floor":5.0,"turns":2.0},{"damage":26.0,"enemies":"Lagavulin","floor":6.0,"turns":5.0},{"damage":14.0,"enemies":"Exordium Thugs","floor":8.0,"turns":3.0},{"damage":6.0,"enemies":"Red Slaver","floor":11.0,"turns":2.0},{"damage":3.0,"enemies":"3 Louse","floor":12.0,"turns":3.0},{"damage":8.0,"enemies":"Gremlin Gang","floor":14.0,"turns":4.0},{"damage":19.0,"enemies":"Slime Boss","floor":16.0,"turns":8.0},{"damage":13.0,"enemies":"Spheric Guardian","floor":18.0,"turns":3.0},{"damage":11.0,"enemies":"3 Byrds","floor":19.0,"turns":5.0},{"damage":11.0,"enemies":"Centurion and Healer","floor":22.0,"turns":3.0},{"damage":7.0,"enemies":"Slavers","floor":24.0,"turns":3.0},{"damage":3,"enemies":"Chosen and Byrds","floor":28,"turns":4},{"damage":57,"enemies":"Champ","floor":33,"turns":7},{"damage":31,"enemies":"3 Darklings","floor":35,"turns":4},{"damage":17,"enemies":"3 Shapes","floor":37,"turns":4},{"damage":20,"enemies":"Spire Growth","floor":38,"turns":3},{"damage":14,"enemies":"Sphere and 2 Shapes","floor":39,"turns":3},{"damage":8,"enemies":"4 Shapes","floor":41,"turns":2},{"damage":7,"enemies":"Maw","floor":44,"turns":6},{"damage":6,"enemies":"Writhing Mass","floor":46,"turns":2},{"damage":23,"enemies":"3 Darklings","floor":48,"turns":2},{"damage":112,"enemies":"Awakened One","floor":50,"turns":9}],"seed_played":"-1191913542022666874","potions_obtained":[{"floor":0.0,"key":"PowerPotion"},{"floor":1.0,"key":"EssenceOfSteel"},{"floor":5.0,"key":"Fire Potion"},{"floor":8.0,"key":"Weak Potion"},{"floor":14.0,"key":"PowerPotion"},{"floor":19.0,"key":"Regen Potion"},{"floor":33,"key":"GamblersBrew"}],"is_trial":false,"path_per_floor":["M","?","M","T","M","E","R","M","T","R","M","M","T","M","R","B",null,"M","M","$","?","M","R","E","?","T","R","M","$","T","?","R","B",null,"M","$","M","M","M","R","M","R","T","M","$","M","?","M","R","B"],"character_chosen":"IRONCLAD","items_purchased":["Offering","Rupture+1","Flex","Finesse","Panache+1","Armaments","Impervious"],"campfire_rested":6,"item_purchase_floors":[20,29,29,29,36,36,45],"current_hp_per_floor":[85,82,81,81,81,55,85,71,71,71,65,62,62,54,85,66,85,75,67,67,67,56,91,87,87,87,87,86,86,86,86,86,36,97,66,66,49,31,23,67,67,101,101,97,97,93,80,61,104,0],"gold":36,"neow_bonus":"BOSS_RELIC","is_prod":false,"is_daily":false,"chose_seed":false,"campfire_upgraded":3,"win_rate":0.0,"timestamp":1562704172,"path_taken":["M","?","M","?","M","E","R","M","T","R","?","M","?","M","R","BOSS","M","M","$","?","M","R","E","?","T","R","?","$","?","?","R","BOSS","M","$","?","M","M","R","M","R","T","M","$","M","?","M","R","BOSS"],"build_version":"2019-07-05","purchased_purges":2,"victory":false,"max_hp_per_floor":[85,85,85,85,85,85,85,85,85,85,85,85,85,85,85,85,85,88,91,91,91,91,91,94,94,94,94,94,94,94,94,94,97,97,97,97,97,97,97,97,101,101,101,104,104,104,104,104,104,104],"card_choices":[{"not_picked":["Sever Soul","Shrug It Off"],"picked":"Dropkick","floor":0.0},{"not_picked":["Searing Blow","Anger"],"picked":"Fire Breathing","floor":1.0},{"not_picked":["Uppercut","Warcry"],"picked":"Flex","floor":3.0},{"not_picked":["Feel No Pain","True Grit"],"picked":"Clash","floor":5.0},{"not_picked":["Blood for Blood","Dual Wield"],"picked":"Hemokinesis","floor":6.0},{"not_picked":["True Grit","Flame Barrier"],"picked":"Anger","floor":8.0},{"not_picked":["Flame Barrier","Seeing Red"],"picked":"Flex","floor":11.0},{"not_picked":["Shrug It Off","Shockwave"],"picked":"Twin Strike","floor":12.0},{"not_picked":["Fire Breathing+1","Intimidate"],"picked":"Flex","floor":14.0},{"not_picked":["Brutality+1","Barricade+1"],"picked":"Feed","floor":16.0},{"not_picked":["Cleave+1","Armaments"],"picked":"Thunderclap+1","floor":18.0},{"not_picked":["Twin Strike","Sword Boomerang"],"picked":"Thunderclap","floor":19.0},{"not_picked":["Pommel Strike","Burning Pact+1"],"picked":"Twin Strike","floor":22.0},{"not_picked":["Barricade+1","Feel No Pain+1"],"picked":"Shockwave","floor":24},{"not_picked":["Clash","Perfected Strike"],"picked":"Anger","floor":28},{"not_picked":["Juggernaut+1","Barricade+1"],"picked":"Feed","floor":33},{"not_picked":["Intimidate+1","Twin Strike+1"],"picked":"Whirlwind","floor":35},{"not_picked":["Body Slam","Entrench"],"picked":"Cleave+1","floor":37},{"not_picked":["Feel No Pain+1","Whirlwind+1"],"picked":"Pummel+1","floor":38},{"not_picked":["Iron Wave","Shrug It Off"],"picked":"Double Tap","floor":39},{"not_picked":["Warcry+1","Shockwave+1"],"picked":"Flame Barrier+1","floor":41},{"not_picked":["Pommel Strike+1","Body Slam+1"],"picked":"Seeing Red","floor":44},{"not_picked":["Feel No Pain+1","Cleave"],"picked":"Flame Barrier+1","floor":46},{"not_picked":["Armaments+1","Cleave+1"],"picked":"Bludgeon","floor":48}],"player_experience":3275,"relics_obtained":[{"floor":4.0,"key":"Regal Pillow"},{"floor":6.0,"key":"Frozen Egg 2"},{"floor":9.0,"key":"Self Forming Clay"},{"floor":13.0,"key":"PreservedInsect"},{"floor":24,"key":"Nunchaku"},{"floor":26,"key":"Mercury Hourglass"},{"floor":30,"key":"Mummified Hand"}],"event_choices":[{"damage_healed":0.0,"max_hp_gain":0.0,"max_hp_loss":0.0,"gold_gain":0.0,"event_name":"Scrap Ooze","player_choice":"Success","floor":2.0,"gold_loss":0.0,"damage_taken":3.0,"relics_obtained":["Anchor"]},{"damage_healed":0.0,"max_hp_gain":0.0,"max_hp_loss":0.0,"gold_gain":0.0,"event_name":"Ghosts","player_choice":"Ignored","floor":21.0,"gold_loss":0.0,"damage_taken":0.0},{"damage_healed":0,"gold_gain":0,"player_choice":"Gave Potion","damage_taken":0,"relics_obtained":["Bird Faced Urn"],"max_hp_gain":0,"max_hp_loss":0,"event_name":"WeMeetAgain","floor":25,"gold_loss":0},{"damage_healed":0,"gold_gain":0,"player_choice":"Trade","damage_taken":0,"relics_obtained":["NlothsMask"],"max_hp_gain":0,"max_hp_loss":0,"event_name":"FaceTrader","floor":31,"gold_loss":0},{"damage_healed":0,"gold_gain":0,"player_choice":"Embrace Madness","damage_taken":13,"max_hp_gain":0,"max_hp_loss":0,"event_name":"Winding Halls","floor":47,"gold_loss":0,"cards_obtained":["Madness","Madness"]}],"is_beta":false,"boss_relics":[{"not_picked":["Runic Dome","Fusion Hammer"],"picked":"Runic Pyramid"},{"not_picked":["Black Star","Philosopher\u0027s Stone"],"picked":"Sozu"}],"items_purged_floors":[20,29],"is_endless":false,"potions_floor_spawned":[1,5,8,14,19,33,35,44,46,48],"killed_by":"Awakened One","ascension_level":0}