{"gold_per_floor":[114,114,114,114,114,139,151,151,151,171,206,131,148,167,167,167],"floor_reached":16,"playtime":757,"items_purged":["Defend_B"],"score":142,"play_id":"13e36aa3-5204-48f9-a24b-4d2e294f7127","local_time":"20190629191117","is_ascension_mode":true,"campfire_choices":[{"floor":8,"key":"RECALL"},{"floor":15,"key":"REST"}],"neow_cost":"NONE","seed_source_timestamp":544085459619655,"circlet_count":0,"master_deck":["Strike_B","Strike_B","Strike_B+1","Strike_B","Defend_B","Defend_B","Defend_B","Zap","Dualcast","Cold Snap+1","Leap","Leap","Rip and Tear","Defragment","Cold Snap","Static Discharge"],"relics":["Cracked Core","NeowsBlessing","Centennial Puzzle","PreservedInsect","Vajra"],"potions_floor_usage":[],"damage_taken":[{"damage":0,"enemies":"Cultist","floor":1,"turns":1},{"damage":0,"enemies":"Lagavulin","floor":6,"turns":1},{"damage":0,"enemies":"Small Slimes","floor":7,"turns":1},{"damage":0,"enemies":"2 Louse","floor":10,"turns":3},{"damage":14,"enemies":"Gremlin Nob","floor":11,"turns":3},{"damage":8,"enemies":"Looter","floor":13,"turns":2},{"damage":7,"enemies":"Large Slime","floor":14,"turns":4},{"damage":7,"enemies":"The Guardian","floor":16,"turns":5}],"seed_played":"6561263875888153527","potions_obtained":[{"floor":1,"key":"SpeedPotion"},{"floor":10,"key":"SteroidPotion"},{"floor":11,"key":"Block Potion"}],"is_trial":false,"path_per_floor":["M","?","?","?","?","E","M","R","T","M","E","$","M","M","R","B"],"character_chosen":"DEFECT","items_purchased":[],"campfire_rested":1,"item_purchase_floors":[],"current_hp_per_floor":[75,80,77,77,61,61,61,61,61,61,47,47,39,32,56,49],"gold":167,"neow_bonus":"THREE_ENEMY_KILL","is_prod":false,"is_daily":false,"chose_seed":false,"campfire_upgraded":0,"win_rate":0,"timestamp":1561806677,"path_taken":["M","?","?","?","?","E","M","R","T","M","E","?","M","M","R","BOSS"],"build_version":"2019-01-23","purchased_purges":1,"victory":false,"max_hp_per_floor":[75,80,80,80,80,80,80,80,80,80,80,80,80,80,80,80],"card_choices":[{"not_picked":["Doom and Gloom","Sweeping Beam"],"picked":"Cold Snap","floor":1},{"not_picked":["Steam","Beam Cell"],"picked":"Leap","floor":6},{"not_picked":["Streamline","Rebound"],"picked":"Leap","floor":7},{"not_picked":["Undo","All For One"],"picked":"Rip and Tear","floor":10},{"not_picked":["Gash","BootSequence"],"picked":"Defragment","floor":11},{"not_picked":["Redo","Lockon"],"picked":"Cold Snap","floor":13},{"not_picked":["Barrage","Redo"],"picked":"Static Discharge","floor":14}],"player_experience":70430,"relics_obtained":[{"floor":6,"key":"PreservedInsect"},{"floor":11,"key":"Vajra"}],"event_choices":[{"damage_healed":0,"gold_gain":0,"player_choice":"Donut","damage_taken":0,"max_hp_gain":5,"max_hp_loss":0,"event_name":"Big Fish","floor":2,"gold_loss":0},{"damage_healed":0,"gold_gain":0,"player_choice":"Success","damage_taken":3,"relics_obtained":["Centennial Puzzle"],"max_hp_gain":0,"max_hp_loss":0,"event_name":"Scrap Ooze","floor":3,"gold_loss":0},{"damage_healed":0,"gold_gain":0,"player_choice":"Ignored","damage_taken":0,"max_hp_gain":0,"max_hp_loss":0,"event_name":"Liars Game","floor":4,"gold_loss":0},{"damage_healed":0,"gold_gain":0,"player_choice":"Entered Light","damage_taken":16,"max_hp_gain":0,"max_hp_loss":0,"event_name":"Shining Light","floor":5,"gold_loss":0,"cards_upgraded":["Strike_B","Cold Snap"]}],"is_beta":false,"boss_relics":[],"items_purged_floors":[12],"is_endless":false,"potions_floor_spawned":[1,10,11],"killed_by":"The Guardian","ascension_level":1}