{"gold_per_floor":[118,118,136,154,229,229,261,279,332,332,332,347,347,365,365,462,462,476,523,535,535,147,147,159,159],"floor_reached":25,"playtime":1120,"items_purged":["Strike_R"],"score":228,"play_id":"533c7fe2-3427-4f9d-b8be-620e1ab04b2d","local_time":"20181213113805","is_ascension_mode":false,"campfire_choices":[{"data":"Armaments","floor":6,"key":"SMITH"},{"data":"Havoc","floor":11,"key":"SMITH"},{"data":"Dual Wield","floor":15,"key":"SMITH"},{"data":"Dark Embrace","floor":23,"key":"SMITH"}],"neow_cost":"NONE","seed_source_timestamp":10363064463079,"circlet_count":0,"master_deck":["Strike_R","Strike_R","Strike_R","Strike_R","Defend_R","Defend_R+1","Defend_R","Defend_R","Bash","Impatience+1","Armaments+1","Dual Wield+1","Havoc+1","Immolate","Ghostly Armor","Feel No Pain","Parasite","Dark Embrace+1","Shrug It Off","Ghostly","Ghostly","Ghostly","Ghostly","Ghostly","Headbutt"],"relics":["Burning Blood","Letter Opener","War Paint","Lizard Tail","Juzu Bracelet","Tiny Chest","Frozen Eye"],"potions_floor_usage":[7,16,18,18,20],"damage_taken":[{"damage":5,"enemies":"2 Louse","floor":1,"turns":4},{"damage":5,"enemies":"Small Slimes","floor":3,"turns":4},{"damage":6,"enemies":"Jaw Worm","floor":4,"turns":3},{"damage":49,"enemies":"Gremlin Nob","floor":7,"turns":6},{"damage":12,"enemies":"Red Slaver","floor":8,"turns":6},{"damage":12,"enemies":"Blue Slaver","floor":12,"turns":3},{"damage":0,"enemies":"3 Louse","floor":14,"turns":1},{"damage":52,"enemies":"Slime Boss","floor":16,"turns":14},{"damage":27,"enemies":"Spheric Guardian","floor":18,"turns":5},{"damage":23,"enemies":"3 Byrds","floor":20,"turns":6},{"damage":36,"enemies":"Snake Plant","floor":24,"turns":9},{"damage":37,"enemies":"Snecko","floor":25,"turns":8}],"seed_played":"-2464525105312590035","potions_obtained":[{"floor":4,"key":"Energy Potion"},{"floor":7,"key":"Fire Potion"},{"floor":12,"key":"Energy Potion"},{"floor":14,"key":"Regen Potion"},{"floor":16,"key":"Fire Potion"},{"floor":18,"key":"Poison Potion"}],"is_trial":false,"path_per_floor":["M","?","M","M","?","R","E","M","T","?","R","M","?","M","R","B",null,"M","T","M","?","$","R","M","M"],"character_chosen":"IRONCLAD","items_purchased":["Tiny Chest","Frozen Eye"],"campfire_rested":0,"item_purchase_floors":[22,22],"current_hp_per_floor":[80,80,80,80,69,69,26,20,20,20,20,14,34,40,40,9,80,59,59,42,40,40,40,10,0],"gold":159,"neow_bonus":"RANDOM_COLORLESS","is_prod":false,"is_daily":false,"chose_seed":false,"campfire_upgraded":4,"win_rate":0,"timestamp":1544661485,"path_taken":["M","?","M","M","?","R","E","M","T","?","R","M","?","?","R","BOSS","M","?","M","?","$","R","M","M"],"build_version":"2018-12-11","purchased_purges":1,"victory":false,"max_hp_per_floor":[80,80,80,80,80,80,80,80,80,80,80,80,80,80,80,80,80,80,80,80,40,40,40,40,40],"card_choices":[{"not_picked":["Bloodletting","Flex"],"picked":"Armaments","floor":1},{"not_picked":["Metallicize","Hemokinesis"],"picked":"Dual Wield","floor":3},{"not_picked":["Headbutt","Spot Weakness"],"picked":"Havoc","floor":4},{"not_picked":["Battle Trance","Bloodletting"],"picked":"Immolate","floor":7},{"not_picked":["Rupture","Clash"],"picked":"Ghostly Armor","floor":8},{"not_picked":["Iron Wave","Rupture"],"picked":"Feel No Pain","floor":12},{"not_picked":["Searing Blow","Armaments","Twin Strike"],"picked":"SKIP","floor":14},{"not_picked":["Juggernaut","Barricade"],"picked":"Dark Embrace","floor":16},{"not_picked":["Clash+1","Wild Strike+1","Blood for Blood+1"],"picked":"SKIP","floor":18},{"not_picked":["Iron Wave+1","Heavy Blade+1"],"picked":"Shrug It Off","floor":20},{"not_picked":["Body Slam","Twin Strike","Headbutt"],"picked":"SKIP","floor":24},{"not_picked":["Body Slam","Twin Strike"],"picked":"Headbutt","floor":24}],"player_experience":473884,"relics_obtained":[{"floor":7,"key":"Letter Opener"},{"floor":9,"key":"War Paint"},{"floor":19,"key":"Juzu Bracelet"}],"event_choices":[{"damage_healed":0,"gold_gain":0,"player_choice":"Ignored","damage_taken":0,"max_hp_gain":0,"max_hp_loss":0,"event_name":"Liars Game","floor":2,"gold_loss":0},{"damage_healed":0,"gold_gain":75,"player_choice":"Gather Gold","damage_taken":11,"max_hp_gain":0,"max_hp_loss":0,"event_name":"World of Goop","floor":5,"gold_loss":0},{"damage_healed":0,"gold_gain":0,"player_choice":"Searched \u00271\u0027 times","damage_taken":0,"max_hp_gain":0,"max_hp_loss":0,"event_name":"Dead Adventurer","floor":10,"gold_loss":0},{"damage_healed":20,"gold_gain":0,"player_choice":"Healed and dodged fight","damage_taken":0,"max_hp_gain":0,"max_hp_loss":0,"event_name":"Mushrooms","floor":13,"gold_loss":0,"cards_obtained":["Parasite"]},{"damage_healed":0,"gold_gain":0,"player_choice":"Became a Ghost","damage_taken":0,"max_hp_gain":0,"max_hp_loss":40,"event_name":"Ghosts","floor":21,"gold_loss":0,"cards_obtained":["Ghostly","Ghostly","Ghostly","Ghostly","Ghostly"]}],"is_beta":true,"boss_relics":[{"not_picked":["White Beast Statue","Velvet Choker"],"picked":"Lizard Tail"}],"items_purged_floors":[22],"is_endless":false,"potions_floor_spawned":[4,7,12,14,16,18],"killed_by":"Snecko","ascension_level":0}