{"gold_per_floor":[209,227,242,261,271,303,378,396,396,396,429,448,18,37,37,135,135,149,149,159,177,201,228,241,271,271,271,271,271,285,302,302,407,407,420,420,420,1419,578,578,1,17,88,88,106,121,121,141,141,141],"floor_reached":51,"playtime":2720,"items_purged":["Normality"],"score":911,"play_id":"0aaaa1c8-6bdd-4431-9709-d550d2f97872","local_time":"20190721041407","is_ascension_mode":true,"campfire_choices":[{"data":"All Out Attack","floor":10.0,"key":"SMITH"},{"data":"Terror","floor":15.0,"key":"SMITH"},{"data":"After Image","floor":32.0,"key":"SMITH"},{"data":"Bullet Time","floor":40,"key":"SMITH"},{"data":"After Image","floor":44,"key":"SMITH"},{"data":"Accuracy","floor":47,"key":"SMITH"},{"data":"Tools of the Trade","floor":49,"key":"SMITH"}],"neow_cost":"NONE","seed_source_timestamp":0,"circlet_count":0,"master_deck":["Strike_G+1","Strike_G+1","Defend_G+1","Defend_G+1","Defend_G+1","Defend_G+1","Defend_G+1","Survivor","Neutralize","Outmaneuver","Reflex","Flying Knee","PiercingWail","All Out Attack+1","Dash","Well Laid Plans","Calculated Gamble","Underhanded Strike+1","Dagger Spray+1","Footwork","Terror+1","Footwork","Dash+1","Tools of the Trade+1","Cloak And Dagger+1","Finisher+1","Blade Dance+1","Predator+1","Backflip","Cloak And Dagger+1","After Image+1","Backflip+1","Setup+1","Leg Sweep","PiercingWail+1","Acrobatics","After Image+1","Accuracy+1","Madness","Madness","Normality","Dodge and Roll","Dodge and Roll","Crippling Poison","Blade Dance","Blade Dance","Crippling Poison","Deflect","Dodge and Roll","Calculated Gamble","Noxious Fumes","Caltrops","Reflex","Cloak And Dagger","Calculated Gamble","Blur","PiercingWail","Blade Dance","Cloak And Dagger","Bullet Time+1","Dodge and Roll","Calculated Gamble","Calculated Gamble","Blur","Blade Dance","Catalyst","Dodge and Roll","Prepared","Crippling Poison","Escape Plan","Backflip","Setup","Deadly Poison","Blade Dance","Outmaneuver","Calculated Gamble","Leg Sweep","Acrobatics","Deadly Poison","Prepared","Bouncing Flask","Well Laid Plans","Acrobatics","Deflect","Cloak And Dagger","Terror","Acrobatics","Escape Plan","Blade Dance+1","Cloak And Dagger+1","Glass Knife+1","Acrobatics+1"],"special_seed":0,"relics":["Ring of the Snake","The Courier","PreservedInsect","Anchor","Membership Card","Blood Vial","Molten Egg 2","Astrolabe","War Paint","Happy Flower","Kunai","Snake Skull","Sozu","Lee\u0027s Waffle","Matryoshka","Bag of Preparation","Juzu Bracelet","Sundial"],"potions_floor_usage":[50],"damage_taken":[{"damage":0.0,"enemies":"Small Slimes","floor":1.0,"turns":3.0},{"damage":5.0,"enemies":"Jaw Worm","floor":2.0,"turns":7.0},{"damage":2.0,"enemies":"Cultist","floor":3.0,"turns":5.0},{"damage":2.0,"enemies":"Blue Slaver","floor":4.0,"turns":5.0},{"damage":0.0,"enemies":"3 Louse","floor":5.0,"turns":5.0},{"damage":5.0,"enemies":"Lagavulin","floor":6.0,"turns":9.0},{"damage":0.0,"enemies":"Large Slime","floor":8.0,"turns":6.0},{"damage":18.0,"enemies":"Gremlin Nob","floor":11.0,"turns":4.0},{"damage":7.0,"enemies":"Exordium Wildlife","floor":12.0,"turns":6.0},{"damage":1.0,"enemies":"Lots of Slimes","floor":14.0,"turns":4.0},{"damage":1.0,"enemies":"Hexaghost","floor":16.0,"turns":9.0},{"damage":0.0,"enemies":"Spheric Guardian","floor":18.0,"turns":2.0},{"damage":10.0,"enemies":"2 Thieves","floor":20.0,"turns":5.0},{"damage":4.0,"enemies":"Snecko","floor":21.0,"turns":4.0},{"damage":9.0,"enemies":"Gremlin Leader","floor":23.0,"turns":7.0},{"damage":3.0,"enemies":"Chosen and Byrds","floor":24.0,"turns":9.0},{"damage":6.0,"enemies":"Book of Stabbing","floor":25.0,"turns":4.0},{"damage":0.0,"enemies":"Snake Plant","floor":30.0,"turns":5.0},{"damage":7.0,"enemies":"Centurion and Healer","floor":31.0,"turns":8.0},{"damage":15.0,"enemies":"Collector","floor":33.0,"turns":11.0},{"damage":8.0,"enemies":"3 Shapes","floor":35.0,"turns":5.0},{"damage":0,"enemies":"Orb Walker","floor":42,"turns":4},{"damage":0,"enemies":"4 Shapes","floor":45,"turns":8},{"damage":0,"enemies":"Maw","floor":46,"turns":12},{"damage":0,"enemies":"Spire Growth","floor":48,"turns":6},{"damage":2,"enemies":"Time Eater","floor":50,"turns":21}],"seed_played":"9092864519539314820","potions_obtained":[{"floor":1.0,"key":"SteroidPotion"},{"floor":3.0,"key":"Block Potion"},{"floor":4.0,"key":"SkillPotion"},{"floor":14.0,"key":"Weak Potion"},{"floor":20.0,"key":"EssenceOfSteel"},{"floor":21.0,"key":"SmokeBomb"},{"floor":33.0,"key":"EssenceOfSteel"}],"is_trial":false,"path_per_floor":["M","M","M","M","M","E","?","M","T","R","E","M","$","M","R","B",null,"M","?","M","M","T","E","M","E","T","?","?","?","M","M","R","B",null,"M","?","?","?","$","R","$","M","T","R","M","M","R","M","R","B",null],"character_chosen":"THE_SILENT","items_purchased":["Membership Card","Blood Vial","Molten Egg 2","Underhanded Strike+1","Dagger Spray+1","Footwork","Terror","Footwork","Lee\u0027s Waffle","Matryoshka","Dodge and Roll","Dodge and Roll","Crippling Poison","Blade Dance","Blade Dance","Crippling Poison","Deflect","Dodge and Roll","Calculated Gamble","Noxious Fumes","Caltrops","Reflex","Cloak And Dagger","Calculated Gamble","Blur","PiercingWail","Blade Dance","Cloak And Dagger","Bullet Time","Dodge and Roll","Calculated Gamble","Calculated Gamble","Bag of Preparation","Blur","Blade Dance","Catalyst","Dodge and Roll","Prepared","Crippling Poison","Escape Plan","Backflip","Setup","Deadly Poison","Blade Dance","Outmaneuver","Calculated Gamble","Leg Sweep","Acrobatics","Deadly Poison","Prepared","Bouncing Flask","Well Laid Plans","Acrobatics","Deflect","Cloak And Dagger","Terror","Acrobatics","Escape Plan"],"campfire_rested":0,"item_purchase_floors":[13,13,13,13,13,13,13,13,39,39,39,39,39,39,39,39,39,39,39,39,39,39,39,39,39,39,39,39,39,39,39,39,39,41,41,41,41,41,41,41,41,41,41,41,41,41,41,41,41,41,41,41,41,41,41,41,41,41],"current_hp_per_floor":[70,65,63,61,61,56,45,45,45,45,27,20,20,21,21,22,70,70,70,60,58,58,51,50,46,46,46,46,46,48,43,43,30,70,62,53,53,53,77,77,77,77,77,77,77,77,77,77,77,75],"gold":141,"neow_bonus":"HUNDRED_GOLD","is_prod":false,"is_daily":false,"chose_seed":false,"campfire_upgraded":7,"win_rate":0,"timestamp":1563650047,"path_taken":["M","M","M","M","M","E","?","M","T","R","E","M","$","M","R","BOSS","M","?","M","M","?","E","?","E","T","?","?","?","M","M","R","BOSS","M","?","?","?","$","R","$","M","T","R","M","M","R","M","R","BOSS"],"build_version":"2019-07-17","purchased_purges":1,"victory":true,"max_hp_per_floor":[70,70,70,70,70,70,70,70,70,70,70,70,70,70,70,70,70,70,70,70,70,70,70,70,70,70,70,70,70,70,70,70,70,70,70,70,70,70,77,77,77,77,77,77,77,77,77,77,77,77],"card_choices":[{"not_picked":["Setup","Endless Agony"],"picked":"Outmaneuver","floor":1.0},{"not_picked":["Quick Slash","Setup"],"picked":"Reflex","floor":2.0},{"not_picked":["Slice","Bane"],"picked":"Flying Knee","floor":3.0},{"not_picked":["Slice","Infinite Blades"],"picked":"PiercingWail","floor":4.0},{"not_picked":["Blade Dance","Bane"],"picked":"All Out Attack","floor":5.0},{"not_picked":["Finisher","Escape Plan"],"picked":"Dash","floor":6.0},{"not_picked":["Dash","Slice","Underhanded Strike"],"picked":"SKIP","floor":8.0},{"not_picked":["Dodge and Roll","Acrobatics"],"picked":"Well Laid Plans","floor":11.0},{"not_picked":["Wraith Form v2","Dash"],"picked":"Calculated Gamble","floor":12.0},{"not_picked":["Endless Agony+1","Deadly Poison"],"picked":"Dash+1","floor":14.0},{"not_picked":["Night Terror","Doppelganger"],"picked":"Tools of the Trade","floor":16.0},{"not_picked":["Well Laid Plans","Slice+1"],"picked":"Predator+1","floor":18.0},{"not_picked":["Deadly Poison","Quick Slash+1"],"picked":"Cloak And Dagger","floor":20.0},{"not_picked":["Blur","Bane+1"],"picked":"After Image","floor":21.0},{"not_picked":["Well Laid Plans","Flying Knee+1"],"picked":"Backflip+1","floor":23.0},{"not_picked":["Backstab+1","Distraction"],"picked":"Setup+1","floor":24.0},{"not_picked":["All Out Attack+1","Underhanded Strike+1"],"picked":"Leg Sweep","floor":25.0},{"not_picked":["Acrobatics","Slice+1"],"picked":"PiercingWail+1","floor":30.0},{"not_picked":["Quick Slash+1","Sucker Punch+1"],"picked":"Acrobatics","floor":31.0},{"not_picked":["Tools of the Trade","Wraith Form v2"],"picked":"After Image","floor":33.0},{"not_picked":["Slice+1","Outmaneuver"],"picked":"Accuracy","floor":35.0},{"not_picked":["Crippling Poison","Noxious Fumes"],"picked":"Blade Dance+1","floor":42},{"not_picked":["PiercingWail","Deadly Poison"],"picked":"Cloak And Dagger+1","floor":45},{"not_picked":["Poisoned Stab+1","Dagger Throw+1"],"picked":"Glass Knife+1","floor":46},{"not_picked":["Underhanded Strike+1","Calculated Gamble+1"],"picked":"Acrobatics+1","floor":48}],"player_experience":1029771,"relics_obtained":[{"floor":6.0,"key":"The Courier"},{"floor":9.0,"key":"PreservedInsect"},{"floor":11.0,"key":"Anchor"},{"floor":22.0,"key":"War Paint"},{"floor":23.0,"key":"Happy Flower"},{"floor":25.0,"key":"Kunai"},{"floor":43,"key":"Juzu Bracelet"},{"floor":43,"key":"Sundial"}],"event_choices":[{"damage_healed":0.0,"max_hp_gain":0.0,"max_hp_loss":0.0,"gold_gain":75.0,"event_name":"World of Goop","player_choice":"Gather Gold","floor":7.0,"gold_loss":0.0,"damage_taken":11.0},{"damage_healed":0.0,"max_hp_gain":0.0,"max_hp_loss":0.0,"gold_gain":0.0,"event_name":"The Library","player_choice":"Read","floor":19.0,"gold_loss":0.0,"damage_taken":0.0,"cards_obtained":["Backflip"]},{"damage_healed":0.0,"max_hp_gain":0.0,"max_hp_loss":0.0,"gold_gain":0.0,"event_name":"Beggar","player_choice":"Ignored","floor":27.0,"gold_loss":0.0,"damage_taken":0.0},{"damage_healed":0.0,"max_hp_gain":0.0,"max_hp_loss":0.0,"gold_gain":0.0,"event_name":"Back to Basics","player_choice":"Simplicity","floor":28.0,"gold_loss":0.0,"damage_taken":0.0,"cards_upgraded":["Strike_G","Strike_G","Defend_G","Defend_G","Defend_G","Defend_G"]},{"damage_healed":0.0,"max_hp_gain":0.0,"max_hp_loss":0.0,"gold_gain":0.0,"event_name":"The Mausoleum","player_choice":"Opened","floor":29.0,"gold_loss":0.0,"damage_taken":0.0,"relics_obtained":["Snake Skull"]},{"damage_healed":0.0,"max_hp_gain":0.0,"max_hp_loss":0.0,"gold_gain":0.0,"event_name":"Winding Halls","player_choice":"Embrace Madness","floor":36.0,"gold_loss":0.0,"damage_taken":9.0,"cards_obtained":["Madness","Madness"]},{"damage_healed":0.0,"max_hp_gain":0.0,"max_hp_loss":0.0,"gold_gain":0.0,"event_name":"Tomb of Lord Red Mask","player_choice":"Ignored","floor":37.0,"gold_loss":0.0,"damage_taken":0.0},{"damage_healed":0.0,"max_hp_gain":0.0,"max_hp_loss":0.0,"gold_gain":999.0,"event_name":"MindBloom","player_choice":"Gold","floor":38.0,"gold_loss":0.0,"damage_taken":0.0,"cards_obtained":["Normality","Normality"]}],"is_beta":false,"boss_relics":[{"not_picked":["Empty Cage","Eternal Feather"],"picked":"Astrolabe"},{"not_picked":["Busted Crown","HoveringKite"],"picked":"Sozu"}],"items_purged_floors":[39],"is_endless":false,"potions_floor_spawned":[1,3,4,14,20,21,33,42,48],"ascension_level":1}