{"gold_per_floor":[109,5,16,26,45,70,70,105,131,142,53,53,64,64,64,141,141,160,170,182,14,25,25],"floor_reached":23,"playtime":1239,"items_purged":[],"score":400,"play_id":"81a1d4ae-bee4-4ea7-a0c3-eb5c0f7f1667","local_time":"20190701111655","is_ascension_mode":true,"campfire_choices":[{"floor":7,"key":"REST"},{"floor":12,"key":"REST"},{"floor":15,"key":"REST"}],"neow_cost":"TEN_PERCENT_HP_LOSS","seed_source_timestamp":244631803107022,"circlet_count":0,"master_deck":["AscendersBane","Survivor","Neutralize","Panache","Trip","Dagger Spray","Bouncing Flask","Quick Slash","Masterful Stab","Backflip","Well Laid Plans","Sucker Punch","PiercingWail","Slice","Leg Sweep","Corpse Explosion","Accuracy","Dash","Expertise","PiercingWail","Storm of Steel","Phantasmal Killer","Backstab","Accuracy","Underhanded Strike","Night Terror","Backflip","Bouncing Flask","Prepared+1","After Image"],"relics":["Ring of the Snake","Matryoshka","Lantern","Bag of Marbles","Art of War","Pandora\u0027s Box"],"potions_floor_usage":[8,8,20],"damage_taken":[{"damage":7,"enemies":"Cultist","floor":1,"turns":4},{"damage":0,"enemies":"Small Slimes","floor":3,"turns":2},{"damage":0,"enemies":"Jaw Worm","floor":4,"turns":3},{"damage":17,"enemies":"3 Louse","floor":5,"turns":3},{"damage":31,"enemies":"Gremlin Nob","floor":6,"turns":4},{"damage":9,"enemies":"Lagavulin","floor":8,"turns":5},{"damage":0,"enemies":"2 Fungi Beasts","floor":10,"turns":2},{"damage":14,"enemies":"Large Slime","floor":13,"turns":7},{"damage":12,"enemies":"The Guardian","floor":16,"turns":11},{"damage":1,"enemies":"Chosen","floor":18,"turns":4},{"damage":6,"enemies":"3 Byrds","floor":19,"turns":2},{"damage":18,"enemies":"Centurion and Healer","floor":20,"turns":5},{"damage":0,"enemies":"3 Cultists","floor":22,"turns":4},{"damage":38,"enemies":"Masked Bandits","floor":23,"turns":3}],"seed_played":"8310539932269391265","potions_obtained":[{"floor":5,"key":"Dexterity Potion"},{"floor":6,"key":"EssenceOfSteel"},{"floor":10,"key":"GhostInAJar"}],"is_trial":false,"path_per_floor":["M","$","M","M","M","E","R","E","T","M","$","R","M","?","R","B",null,"M","M","M","$","M","?"],"character_chosen":"THE_SILENT","items_purchased":["Bouncing Flask","Quick Slash","Leg Sweep","After Image"],"campfire_rested":3,"item_purchase_floors":[2,2,11,21],"current_hp_per_floor":[52,52,52,52,35,4,22,13,13,13,13,31,17,17,35,23,51,50,44,26,26,26,0],"gold":25,"neow_bonus":"RANDOM_COLORLESS_2","is_prod":false,"is_daily":false,"chose_seed":false,"campfire_upgraded":0,"win_rate":0,"timestamp":1561943815,"path_taken":["M","$","?","M","M","E","R","E","T","M","$","R","M","?","R","BOSS","M","M","M","$","M","?"],"build_version":"2019-01-23","purchased_purges":0,"victory":false,"max_hp_per_floor":[60,60,60,60,60,60,60,60,60,60,60,60,60,60,60,60,60,60,60,60,60,60,60],"card_choices":[{"not_picked":["Blade Dance","Leg Sweep"],"picked":"Dagger Spray","floor":1},{"not_picked":["Backflip","Underhanded Strike"],"picked":"Masterful Stab","floor":3},{"not_picked":["Calculated Gamble","Bane"],"picked":"Backflip","floor":4},{"not_picked":["Distraction","Catalyst"],"picked":"Well Laid Plans","floor":5},{"not_picked":["Prepared","Slice"],"picked":"Sucker Punch","floor":6},{"not_picked":["Escape Plan","Poisoned Stab"],"picked":"PiercingWail","floor":8},{"not_picked":["Dodge and Roll","Envenom"],"picked":"Slice","floor":10},{"not_picked":["Reflex","Poisoned Stab","Dodge and Roll"],"picked":"SKIP","floor":13},{"not_picked":["Tools of the Trade","Malaise"],"picked":"Corpse Explosion","floor":16},{"not_picked":["Deadly Poison","Underhanded Strike"],"picked":"Backflip","floor":18},{"not_picked":["Sucker Punch","Crippling Poison"],"picked":"Bouncing Flask","floor":19},{"not_picked":["Dagger Spray","Dagger Throw"],"picked":"Prepared+1","floor":20},{"not_picked":["Masterful Stab+1","Poisoned Stab","Bouncing Flask"],"picked":"SKIP","floor":22}],"player_experience":588493,"relics_obtained":[{"floor":6,"key":"Matryoshka"},{"floor":8,"key":"Lantern"},{"floor":9,"key":"Bag of Marbles"},{"floor":9,"key":"Art of War"}],"event_choices":[{"damage_healed":0,"gold_gain":0,"player_choice":"Fled","damage_taken":0,"max_hp_gain":0,"max_hp_loss":0,"event_name":"Scrap Ooze","floor":14,"gold_loss":0},{"damage_healed":0,"gold_gain":0,"player_choice":"Fought Bandits","damage_taken":0,"max_hp_gain":0,"max_hp_loss":0,"event_name":"Masked Bandits","floor":23,"gold_loss":0}],"is_beta":false,"boss_relics":[{"not_picked":["Ring of the Serpent","Sozu"],"picked":"Pandora\u0027s Box"}],"items_purged_floors":[],"is_endless":false,"potions_floor_spawned":[5,6,10],"killed_by":"Masked Bandits","ascension_level":19}