{"gold_per_floor":[217,217,15,15,15,50,50,63,63,63,106,119,119],"floor_reached":13,"playtime":194,"items_purged":[],"score":96,"play_id":"12be49db-414e-41e4-a666-c475fca6109f","local_time":"20190710000343","is_ascension_mode":true,"campfire_choices":[{"data":"Perfected Strike","floor":7.0,"key":"SMITH"},{"data":"Perfected Strike","floor":10.0,"key":"SMITH"}],"neow_cost":"NONE","seed_source_timestamp":2341619603600776,"circlet_count":0,"master_deck":["Strike_R","Strike_R","Strike_R","Strike_R","Strike_R","Defend_R+1","Defend_R+1","Defend_R","Defend_R","Bash","Perfected Strike+1","Perfected Strike+1","Regret","Twin Strike","Perfected Strike","Pommel Strike"],"special_seed":0,"relics":["Burning Blood","Question Card","War Paint","Turnip","Golden Idol","Dream Catcher","Regal Pillow","Art of War"],"potions_floor_usage":[13],"damage_taken":[{"damage":5.0,"enemies":"Small Slimes","floor":1.0,"turns":4.0},{"damage":33.0,"enemies":"3 Sentries","floor":6.0,"turns":8.0},{"damage":6.0,"enemies":"Jaw Worm","floor":8.0,"turns":2.0},{"damage":8.0,"enemies":"Gremlin Nob","floor":11.0,"turns":3.0},{"damage":0.0,"enemies":"Cultist","floor":12.0,"turns":2.0},{"damage":22,"enemies":"Lagavulin","floor":13,"turns":3}],"seed_played":"-4158774975967784210","potions_obtained":[{"floor":1.0,"key":"Ancient Potion"},{"floor":11.0,"key":"PowerPotion"}],"is_trial":false,"path_per_floor":["M","?","$","?","?","E","R","M","T","R","E","M","E"],"character_chosen":"IRONCLAD","items_purchased":["Perfected Strike","War Paint"],"campfire_rested":0,"item_purchase_floors":[3,3],"current_hp_per_floor":[80,62,62,62,42,15,15,15,15,15,13,19,0],"gold":119,"neow_bonus":"HUNDRED_GOLD","is_prod":false,"is_daily":false,"chose_seed":false,"campfire_upgraded":2,"win_rate":0,"timestamp":1562709823,"path_taken":["M","?","$","?","?","E","R","M","T","R","E","?","E"],"build_version":"2019-07-05","purchased_purges":0,"victory":false,"max_hp_per_floor":[80,80,80,80,80,80,80,80,80,80,80,80,80],"card_choices":[{"not_picked":["Reckless Charge","Heavy Blade"],"picked":"Perfected Strike","floor":1.0},{"not_picked":["Headbutt","Havoc","Ghostly Armor"],"picked":"Twin Strike","floor":6.0},{"not_picked":["Armaments","Dual Wield","Feel No Pain","Sword Boomerang"],"picked":"SKIP","floor":8.0},{"not_picked":["Sentinel","Ghostly Armor","Inflame"],"picked":"Perfected Strike","floor":11.0},{"not_picked":["Sentinel","Shockwave","Searing Blow"],"picked":"Pommel Strike","floor":12.0}],"player_experience":617037,"relics_obtained":[{"floor":6.0,"key":"Dream Catcher"},{"floor":9.0,"key":"Regal Pillow"},{"floor":11.0,"key":"Art of War"}],"event_choices":[{"damage_healed":0.0,"max_hp_gain":0.0,"max_hp_loss":0.0,"gold_gain":0.0,"event_name":"Scrap Ooze","player_choice":"Success","floor":2.0,"gold_loss":0.0,"damage_taken":18.0,"relics_obtained":["Question Card"]},{"damage_healed":0.0,"max_hp_gain":0.0,"max_hp_loss":0.0,"gold_gain":0.0,"event_name":"Big Fish","player_choice":"Box","floor":4.0,"gold_loss":0.0,"damage_taken":0.0,"relics_obtained":["Turnip"],"cards_obtained":["Regret"]},{"damage_healed":0.0,"max_hp_gain":0.0,"max_hp_loss":0.0,"gold_gain":0.0,"event_name":"Golden Idol","player_choice":"Take Damage","floor":5.0,"gold_loss":0.0,"damage_taken":20.0,"relics_obtained":["Golden Idol"]}],"is_beta":false,"boss_relics":[],"items_purged_floors":[],"is_endless":false,"potions_floor_spawned":[1,11],"killed_by":"Lagavulin","ascension_level":1}