{"gold_per_floor":[217,233,79,98,74,74,105,105,175,175,203,203,229,239,239,336,336,351,351,364,72,88,88,122,132,158,177,193,212,243,243,243,347,347,358,375,101,120,465,465,498,513,513,513,513,513,533,545,545,545,545,545,140,169,169],"floor_reached":56,"playtime":4866,"items_purged":["Strike_G","Eviscerate","Concentrate+1"],"score":1900,"play_id":"ec6725c5-bb3e-46e8-91df-2a67d52df362","local_time":"20190719210331","is_ascension_mode":true,"campfire_choices":[{"data":"Footwork","floor":6,"key":"SMITH"},{"data":"Skewer","floor":10,"key":"SMITH"},{"floor":12,"key":"REST"},{"data":"Noxious Fumes","floor":15,"key":"SMITH"},{"data":"Neutralize","floor":23,"key":"SMITH"},{"floor":32,"key":"REST"},{"data":"Noxious Fumes","floor":40,"key":"SMITH"},{"data":"A Thousand Cuts","floor":44,"key":"SMITH"},{"floor":46,"key":"RECALL"},{"data":"Cloak And Dagger","floor":49,"key":"SMITH"},{"floor":52,"key":"REST"}],"neow_cost":"NONE","seed_source_timestamp":14276627288843,"circlet_count":0,"master_deck":["Survivor","Neutralize+1","Heel Hook","Skewer+1","Footwork+1","Quick Slash","Cloak And Dagger+1","Noxious Fumes+1","Dash+1","Terror+1","Cloak And Dagger+1","Corpse Explosion+1","Catalyst+1","Storm of Steel+1","Crippling Poison+1","Crippling Poison+1","A Thousand Cuts+1","Catalyst+1","Catalyst+1","Dodge and Roll+1","Acrobatics+1","Blur+1","Noxious Fumes+1","Leg Sweep+1","Leg Sweep+1","Cloak And Dagger+1","Escape Plan+1","Adrenaline+1","Dodge and Roll+1","Dodge and Roll+1","Cloak And Dagger+1","Dodge and Roll+1","Escape Plan+1","Dodge and Roll+1","Well Laid Plans","PiercingWail+1"],"relics":["Ring of the Snake","Happy Flower","Pear","Bottled Tornado","Toxic Egg 2","Lantern","Pandora\u0027s Box","Letter Opener","StoneCalendar","Question Card","Busted Crown","Oddly Smooth Stone","Old Coin","Ice Cream","Darkstone Periapt","Ninja Scroll"],"potions_floor_usage":[7,13,24,42,50,55,55],"damage_taken":[{"damage":0,"enemies":"Cultist","floor":1,"turns":5},{"damage":0,"enemies":"2 Louse","floor":2,"turns":3},{"damage":0,"enemies":"Jaw Worm","floor":4,"turns":4},{"damage":22,"enemies":"Lagavulin","floor":7,"turns":7},{"damage":28,"enemies":"Gremlin Nob","floor":11,"turns":4},{"damage":5,"enemies":"3 Sentries","floor":13,"turns":7},{"damage":0,"enemies":"3 Louse","floor":14,"turns":3},{"damage":0,"enemies":"Slime Boss","floor":16,"turns":5},{"damage":8,"enemies":"Chosen","floor":18,"turns":2},{"damage":6,"enemies":"3 Byrds","floor":20,"turns":2},{"damage":6,"enemies":"Sentry and Sphere","floor":22,"turns":4},{"damage":16,"enemies":"Book of Stabbing","floor":24,"turns":4},{"damage":1,"enemies":"Centurion and Healer","floor":25,"turns":3},{"damage":2,"enemies":"Snecko","floor":27,"turns":3},{"damage":16,"enemies":"Sentry and Sphere","floor":28,"turns":4},{"damage":5,"enemies":"Shelled Parasite and Fungi","floor":29,"turns":5},{"damage":30,"enemies":"Gremlin Leader","floor":30,"turns":7},{"damage":0,"enemies":"Champ","floor":33,"turns":7},{"damage":0,"enemies":"3 Shapes","floor":35,"turns":2},{"damage":3,"enemies":"3 Darklings","floor":36,"turns":3},{"damage":0,"enemies":"Writhing Mass","floor":38,"turns":4},{"damage":21,"enemies":"2 Orb Walkers","floor":39,"turns":3},{"damage":0,"enemies":"Giant Head","floor":41,"turns":6},{"damage":0,"enemies":"Spire Growth","floor":42,"turns":5},{"damage":0,"enemies":"4 Shapes","floor":47,"turns":3},{"damage":0,"enemies":"Writhing Mass","floor":48,"turns":3},{"damage":21,"enemies":"Awakened One","floor":50,"turns":11},{"damage":0,"enemies":"Shield and Spear","floor":54,"turns":5},{"damage":54,"enemies":"The Heart","floor":55,"turns":7}],"seed_played":"1559738349020741833","potions_obtained":[{"floor":2,"key":"Explosive Potion"},{"floor":4,"key":"PowerPotion"},{"floor":7,"key":"Dexterity Potion"},{"floor":14,"key":"Weak Potion"},{"floor":22,"key":"SneckoOil"},{"floor":25,"key":"LiquidBronze"},{"floor":35,"key":"Explosive Potion"},{"floor":39,"key":"Dexterity Potion"},{"floor":41,"key":"Swift Potion"}],"is_trial":false,"path_per_floor":["M","M","$","M","$","R","E","?","T","R","E","R","E","M","R","B",null,"M","?","M","$","M","R","E","M","T","M","M","M","E","?","R","B",null,"M","M","$","M","?","R","E","M","T","R","?","R","M","M","R","B",null,"R","$","E","B",null],"character_chosen":"THE_SILENT","items_purchased":["Footwork","Cloak And Dagger","Letter Opener","Acrobatics+1","Oddly Smooth Stone","Dodge and Roll+1","Escape Plan+1","Dodge and Roll+1","SkillPotion","GamblersBrew","Well Laid Plans"],"campfire_rested":3,"item_purchase_floors":[3,5,21,21,37,37,53,53,53,53,53],"current_hp_per_floor":[63,63,63,63,63,63,41,39,39,39,11,35,30,30,30,30,68,60,90,84,84,78,78,62,61,61,59,43,38,8,8,35,35,76,76,73,73,73,52,52,52,52,52,52,52,52,52,52,52,31,75,90,90,90,36],"gold":169,"neow_bonus":"HUNDRED_GOLD","is_prod":false,"is_daily":false,"chose_seed":false,"campfire_upgraded":7,"win_rate":0,"timestamp":1563541411,"path_taken":["M","M","$","M","$","R","E","?","T","R","E","R","E","M","R","BOSS","M","?","M","$","M","R","E","M","T","M","M","?","E","?","R","BOSS","M","M","$","M","?","R","E","M","T","R","?","R","M","?","R","BOSS","R","$","E","BOSS"],"build_version":"2019-07-17","purchased_purges":3,"victory":true,"max_hp_per_floor":[70,70,70,70,70,70,70,80,80,80,80,80,80,80,80,80,80,80,90,90,90,90,90,90,90,90,90,90,90,90,90,90,90,90,90,90,90,90,90,90,90,90,90,90,90,90,90,90,90,90,90,90,90,90,90],"card_choices":[{"not_picked":["Dodge and Roll","Underhanded Strike"],"picked":"Heel Hook","floor":1},{"not_picked":["Flying Knee","Deflect"],"picked":"Skewer","floor":2},{"not_picked":["Slice","Concentrate"],"picked":"Quick Slash","floor":4},{"not_picked":["Acrobatics","Endless Agony"],"picked":"Noxious Fumes","floor":7},{"not_picked":["Sucker Punch","PiercingWail"],"picked":"Dash","floor":11},{"not_picked":["Poisoned Stab","Dagger Throw"],"picked":"Terror+1","floor":13},{"not_picked":["Poisoned Stab","Doppelganger+1"],"picked":"Cloak And Dagger+1","floor":14},{"not_picked":["Grand Finale","Tools of the Trade"],"picked":"Corpse Explosion+1","floor":16},{"not_picked":["Deflect+1","Acrobatics+1"],"picked":"Catalyst+1","floor":18},{"not_picked":["Backflip+1","Choke"],"picked":"Dodge and Roll+1","floor":20},{"not_picked":["Blade Dance+1","Flying Knee","Expertise+1"],"picked":"SKIP","floor":22},{"not_picked":["Dagger Throw","Blade Dance+1"],"picked":"Blur+1","floor":24},{"not_picked":["Accuracy","Blade Dance+1"],"picked":"Noxious Fumes","floor":25},{"not_picked":["Reflex+1","Deadly Poison+1"],"picked":"Leg Sweep+1","floor":27},{"not_picked":["Tactician+1","Quick Slash+1"],"picked":"Leg Sweep+1","floor":28},{"not_picked":["Outmaneuver+1","Riddle With Holes"],"picked":"Cloak And Dagger+1","floor":29},{"not_picked":["Accuracy","Flying Knee+1"],"picked":"Escape Plan+1","floor":30},{"not_picked":["Grand Finale","Glass Knife","Bullet Time+1"],"picked":"Adrenaline+1","floor":33},{"not_picked":["All Out Attack+1","Poisoned Stab"],"picked":"SKIP","floor":35},{"not_picked":["Prepared+1"],"picked":"Dodge and Roll+1","floor":36},{"not_picked":["Dash+1","Reflex+1"],"picked":"SKIP","floor":38},{"not_picked":["Distraction+1","Blade Dance+1"],"picked":"SKIP","floor":41},{"not_picked":["Corpse Explosion+1"],"picked":"Cloak And Dagger+1","floor":42},{"not_picked":["Quick Slash"],"picked":"Dodge and Roll+1","floor":47},{"not_picked":["Dash","Finisher+1"],"picked":"SKIP","floor":48},{"not_picked":["Acrobatics+1"],"picked":"PiercingWail+1","floor":54}],"player_experience":248016,"relics_obtained":[{"floor":7,"key":"Happy Flower"},{"floor":9,"key":"Bottled Tornado"},{"floor":11,"key":"Toxic Egg 2"},{"floor":13,"key":"Lantern"},{"floor":24,"key":"StoneCalendar"},{"floor":30,"key":"Question Card"},{"floor":39,"key":"Old Coin"},{"floor":41,"key":"Ice Cream"},{"floor":43,"key":"Darkstone Periapt"},{"floor":54,"key":"Ninja Scroll"}],"event_choices":[{"damage_healed":0,"gold_gain":0,"player_choice":"Success","damage_taken":12,"relics_obtained":["Pear"],"max_hp_gain":0,"max_hp_loss":0,"event_name":"Scrap Ooze","floor":8,"gold_loss":0},{"cards_removed":["Unload"],"damage_healed":20,"gold_gain":0,"player_choice":"Offered Rare","damage_taken":0,"max_hp_gain":10,"max_hp_loss":0,"event_name":"Bonfire Elementals","floor":19,"gold_loss":0},{"damage_healed":0,"gold_gain":0,"player_choice":"Ignored","damage_taken":0,"max_hp_gain":0,"max_hp_loss":0,"event_name":"Cursed Tome","floor":31,"gold_loss":0},{"damage_healed":0,"gold_gain":0,"player_choice":"Fight","damage_taken":0,"max_hp_gain":0,"max_hp_loss":0,"event_name":"Mysterious Sphere","floor":39,"gold_loss":0},{"damage_healed":0,"gold_gain":0,"player_choice":"Forge","damage_taken":0,"max_hp_gain":0,"max_hp_loss":0,"event_name":"Accursed Blacksmith","floor":45,"gold_loss":0,"cards_upgraded":["Dash"]}],"is_beta":false,"boss_relics":[{"not_picked":["HoveringKite","Coffee Dripper"],"picked":"Pandora\u0027s Box"},{"not_picked":["Ring of the Serpent","Orrery"],"picked":"Busted Crown"}],"items_purged_floors":[3,37,53],"is_endless":false,"potions_floor_spawned":[2,4,7,14,22,25,29,35,39,41],"ascension_level":8}