{"gold_per_floor":[113,113,113,126,136,162,176,176,176,194,214,214,72,82,82,183,183,148,148,148],"floor_reached":20,"playtime":3798,"items_purged":["Defend_R"],"score":185,"play_id":"afac6f33-3941-4e08-9b58-fb1fee941f9b","local_time":"20190720002747","is_ascension_mode":true,"campfire_choices":[{"floor":8,"key":"RECALL"},{"data":"Entrench","floor":12,"key":"SMITH"},{"data":"Dark Embrace","floor":15,"key":"SMITH"}],"neow_cost":"TEN_PERCENT_HP_LOSS","seed_source_timestamp":868334820204008,"circlet_count":0,"master_deck":["Strike_R","Defend_R","Defend_R","Bash","Clothesline","Dark Embrace+1","Carnage","Feel No Pain","Shrug It Off","Iron Wave","Rampage","Entrench+1","Burning Pact","Inflame","Fiend Fire","Warcry+1"],"relics":["Burning Blood","Bottled Tornado","Red Skull","Empty Cage"],"potions_floor_usage":[6,6,16,18],"damage_taken":[{"damage":0,"enemies":"2 Louse","floor":1,"turns":2},{"damage":6,"enemies":"Jaw Worm","floor":4,"turns":3},{"damage":0,"enemies":"Cultist","floor":5,"turns":3},{"damage":15,"enemies":"Gremlin Nob","floor":6,"turns":4},{"damage":16,"enemies":"Gremlin Gang","floor":7,"turns":6},{"damage":4,"enemies":"Looter","floor":10,"turns":3},{"damage":0,"enemies":"Large Slime","floor":11,"turns":5},{"damage":5,"enemies":"3 Louse","floor":14,"turns":4},{"damage":55,"enemies":"Slime Boss","floor":16,"turns":12},{"damage":45,"enemies":"2 Thieves","floor":18,"turns":5},{"damage":34,"enemies":"3 Byrds","floor":20,"turns":3}],"seed_played":"-3223574972248838556","potions_obtained":[{"floor":1,"key":"PowerPotion"},{"floor":4,"key":"FearPotion"},{"floor":11,"key":"Strength Potion"},{"floor":16,"key":"LiquidBronze"}],"is_trial":false,"path_per_floor":["M","?","T","M","M","E","M","R","T","M","M","R","$","M","R","B",null,"M","?","M"],"character_chosen":"IRONCLAD","items_purchased":["Burning Pact"],"campfire_rested":0,"item_purchase_floors":[13],"current_hp_per_floor":[72,65,65,65,71,62,52,52,52,54,60,60,60,61,61,12,72,33,33,0],"gold":148,"neow_bonus":"TRANSFORM_TWO_CARDS","is_prod":false,"is_daily":false,"chose_seed":false,"campfire_upgraded":2,"win_rate":0,"timestamp":1563596867,"path_taken":["M","?","?","M","?","E","?","R","T","?","M","R","$","M","R","BOSS","M","?","M"],"build_version":"2019-06-28","purchased_purges":1,"victory":false,"max_hp_per_floor":[72,72,72,72,72,72,72,72,72,72,72,72,72,72,72,72,72,72,72,72],"card_choices":[{"not_picked":["Body Slam","True Grit"],"picked":"Carnage","floor":1},{"not_picked":["True Grit","Heavy Blade"],"picked":"Feel No Pain","floor":4},{"not_picked":["Headbutt","Sword Boomerang"],"picked":"Shrug It Off","floor":5},{"not_picked":["Metallicize","Anger"],"picked":"Iron Wave","floor":6},{"not_picked":["Anger","Iron Wave"],"picked":"Rampage","floor":7},{"not_picked":["Body Slam","Searing Blow","Perfected Strike"],"picked":"SKIP","floor":10},{"not_picked":["Offering","True Grit"],"picked":"Entrench","floor":11},{"not_picked":["Twin Strike","Clash"],"picked":"Inflame","floor":14},{"not_picked":["Brutality","Double Tap"],"picked":"Fiend Fire","floor":16},{"not_picked":["Headbutt+1","Blood for Blood+1"],"picked":"Warcry+1","floor":18}],"player_experience":82135,"relics_obtained":[{"floor":3,"key":"Bottled Tornado"},{"floor":6,"key":"Red Skull"}],"event_choices":[{"cards_removed":["Strike_R"],"damage_healed":0,"gold_gain":0,"player_choice":"Card Removal","damage_taken":7,"max_hp_gain":0,"max_hp_loss":0,"event_name":"Golden Wing","floor":2,"gold_loss":0},{"damage_healed":0,"gold_gain":0,"player_choice":"Ignored","damage_taken":0,"max_hp_gain":0,"max_hp_loss":0,"event_name":"Beggar","floor":19,"gold_loss":0}],"is_beta":true,"boss_relics":[{"not_picked":["Runic Dome","Ectoplasm"],"picked":"Empty Cage"}],"items_purged_floors":[13],"is_endless":false,"potions_floor_spawned":[1,4,11,16],"killed_by":"3 Byrds","ascension_level":1}