{"gold_per_floor":[118,134,145,145,158,158,158,158,184,184,219,229,229,247,247,352,352,363,50,150,168,179,179,195,294,294,305,318,334,334,334,334,429,429,439,539,539,559,11,11,42,42,42,42,94,94,94,94,94,94],"floor_reached":51,"playtime":4298,"items_purged":["Strike_B","Strike_B"],"score":656,"play_id":"7e99711f-1418-4f8b-968a-7635e448400f","local_time":"20190629220528","is_ascension_mode":true,"campfire_choices":[{"data":"Seek","floor":6,"key":"SMITH"},{"floor":8,"key":"REST"},{"data":"Seek","floor":13,"key":"SMITH"},{"data":"Static Discharge","floor":15,"key":"SMITH"},{"floor":23,"key":"REST"},{"floor":30,"key":"REST"},{"floor":32,"key":"REST"},{"floor":40,"key":"RECALL"},{"floor":44,"key":"REST"},{"floor":49,"key":"REST"}],"neow_cost":"PERCENT_DAMAGE","seed_source_timestamp":550989076539489,"circlet_count":0,"master_deck":["Strike_B","Defend_B","Defend_B+1","Zap+1","Dualcast","Core Surge","Seek+1","Static Discharge+1","Conserve Battery","Conserve Battery","Chill","Compile Driver","Seek+1","Compile Driver","Machine Learning","Ball Lightning","Shame","Seek","Panache","Impatience","Writhe","Panache","Zap"],"relics":["Cracked Core","Bag of Marbles","Happy Flower","Anchor","Ginger","Sozu","Letter Opener","Girya","Matryoshka","Juzu Bracelet","Boot","Lizard Tail","Gambling Chip","Bottled Tornado","Lee\u0027s Waffle","Bottled Lightning","Darkstone Periapt","FossilizedHelix","Peace Pipe"],"potions_floor_usage":[20,33],"damage_taken":[{"damage":2,"enemies":"Jaw Worm","floor":1,"turns":4},{"damage":0,"enemies":"2 Louse","floor":2,"turns":3},{"damage":0,"enemies":"Cultist","floor":3,"turns":3},{"damage":0,"enemies":"2 Fungi Beasts","floor":5,"turns":4},{"damage":8,"enemies":"Lagavulin","floor":11,"turns":6},{"damage":0,"enemies":"Blue Slaver","floor":12,"turns":3},{"damage":0,"enemies":"3 Louse","floor":14,"turns":3},{"damage":12,"enemies":"Slime Boss","floor":16,"turns":10},{"damage":2,"enemies":"Spheric Guardian","floor":18,"turns":4},{"damage":1,"enemies":"Colosseum Slavers","floor":20,"turns":4},{"damage":50,"enemies":"Colosseum Nobs","floor":20,"turns":4},{"damage":4,"enemies":"Shell Parasite","floor":21,"turns":4},{"damage":8,"enemies":"Snake Plant","floor":22,"turns":3},{"damage":0,"enemies":"Sentry and Sphere","floor":24,"turns":6},{"damage":6,"enemies":"Centurion and Healer","floor":27,"turns":4},{"damage":6,"enemies":"Snake Plant","floor":28,"turns":3},{"damage":4,"enemies":"Shelled Parasite and Fungi","floor":29,"turns":4},{"damage":53,"enemies":"Collector","floor":33,"turns":10},{"damage":10,"enemies":"3 Darklings","floor":35,"turns":5},{"damage":19,"enemies":"Mind Bloom Boss Battle","floor":36,"turns":5},{"damage":11,"enemies":"3 Shapes","floor":38,"turns":6},{"damage":25,"enemies":"Reptomancer","floor":41,"turns":5},{"damage":30,"enemies":"2 Orb Walkers","floor":45,"turns":4},{"damage":73,"enemies":"Donu and Deca","floor":50,"turns":6}],"seed_played":"337110926993584254","potions_obtained":[{"floor":1,"key":"Regen Potion"},{"floor":3,"key":"PowerPotion"},{"floor":5,"key":"PowerPotion"},{"floor":16,"key":"SmokeBomb"}],"is_trial":false,"path_per_floor":["M","M","M","?","M","R","?","R","T","?","E","M","R","M","R","B",null,"M","$","?","M","M","R","M","?","T","M","M","M","R","?","R","B",null,"M","?","?","M","$","R","E","?","T","R","?","?","?","?","R","B",null],"character_chosen":"DEFECT","items_purchased":["Letter Opener","Bottled Tornado","Lee\u0027s Waffle"],"campfire_rested":6,"item_purchase_floors":[19,39,39],"current_hp_per_floor":[52,52,52,37,37,37,37,59,59,59,51,51,51,51,51,39,75,73,73,22,18,10,32,32,32,32,26,20,16,38,38,60,7,75,65,46,46,35,82,82,57,47,47,71,41,68,68,68,88,15],"gold":94,"neow_bonus":"TRANSFORM_TWO_CARDS","is_prod":false,"is_daily":false,"chose_seed":false,"campfire_upgraded":3,"win_rate":0,"timestamp":1561817128,"path_taken":["M","M","M","?","M","R","?","R","T","?","E","?","R","M","R","BOSS","M","$","?","M","M","R","M","?","T","M","M","M","R","?","R","BOSS","M","?","?","M","$","R","E","?","T","R","?","?","?","?","R","BOSS"],"build_version":"2019-01-23","purchased_purges":2,"victory":true,"max_hp_per_floor":[75,75,75,75,75,75,75,75,75,75,75,75,75,75,75,75,75,75,75,75,75,75,75,75,75,75,75,75,75,75,75,75,75,75,75,75,75,75,82,82,82,82,82,82,82,88,88,88,88,88],"card_choices":[{"not_picked":["Reprogram","Reinforced Body"],"picked":"Static Discharge","floor":1},{"not_picked":["Reinforced Body","Blizzard"],"picked":"Conserve Battery","floor":2},{"not_picked":["Gash","Rebound"],"picked":"Conserve Battery","floor":3},{"not_picked":["Ball Lightning","Hologram"],"picked":"Chill","floor":5},{"not_picked":["Capacitor","Sunder"],"picked":"Compile Driver","floor":11},{"not_picked":["Leap","Steam Power"],"picked":"Seek","floor":12},{"not_picked":["Static Discharge","Barrage"],"picked":"Compile Driver","floor":14},{"not_picked":["All For One","Hyperbeam"],"picked":"Machine Learning","floor":16},{"not_picked":["Conserve Battery","Compile Driver","Rip and Tear"],"picked":"SKIP","floor":18},{"not_picked":["Streamline","Redo","Beam Cell"],"picked":"SKIP","floor":21},{"not_picked":["Compile Driver+1","Reboot","BootSequence"],"picked":"SKIP","floor":22},{"not_picked":["FTL","Sunder","Redo"],"picked":"SKIP","floor":24},{"not_picked":["Streamline","Gash"],"picked":"Ball Lightning","floor":27},{"not_picked":["Barrage","Compile Driver","BootSequence"],"picked":"SKIP","floor":28},{"not_picked":["Redo","Sweeping Beam+1","Stack+1"],"picked":"SKIP","floor":29},{"not_picked":["Reboot","Amplify"],"picked":"Seek","floor":33},{"not_picked":["Steam Power","Redo","Stack"],"picked":"SKIP","floor":35},{"not_picked":["Fusion","Hello World","Cold Snap"],"picked":"SKIP","floor":38},{"not_picked":["Reprogram","Redo+1","Rip and Tear"],"picked":"SKIP","floor":41},{"not_picked":["Dark Shackles","Enlightenment"],"picked":"Panache","floor":42},{"not_picked":["Dramatic Entrance","Purity"],"picked":"Impatience","floor":42}],"player_experience":76576,"relics_obtained":[{"floor":9,"key":"Happy Flower"},{"floor":11,"key":"Ginger"},{"floor":20,"key":"Girya"},{"floor":20,"key":"Matryoshka"},{"floor":26,"key":"Juzu Bracelet"},{"floor":36,"key":"Gambling Chip"},{"floor":41,"key":"Bottled Lightning"},{"floor":43,"key":"Darkstone Periapt"},{"floor":43,"key":"FossilizedHelix"},{"floor":45,"key":"Peace Pipe"}],"event_choices":[{"damage_healed":0,"gold_gain":0,"player_choice":"Entered Light","damage_taken":15,"max_hp_gain":0,"max_hp_loss":0,"event_name":"Shining Light","floor":4,"gold_loss":0,"cards_upgraded":["Defend_B","Zap"]},{"damage_healed":0,"gold_gain":0,"player_choice":"Searched \u00272\u0027 times","damage_taken":0,"relics_obtained":["Bag of Marbles"],"max_hp_gain":0,"max_hp_loss":0,"event_name":"Dead Adventurer","floor":7,"gold_loss":0},{"damage_healed":0,"gold_gain":0,"player_choice":"Gave Potion","damage_taken":0,"relics_obtained":["Anchor"],"max_hp_gain":0,"max_hp_loss":0,"event_name":"WeMeetAgain","floor":10,"gold_loss":0},{"damage_healed":0,"gold_gain":0,"player_choice":"Fight","damage_taken":0,"max_hp_gain":0,"max_hp_loss":0,"event_name":"Colosseum","floor":20,"gold_loss":0},{"damage_healed":0,"gold_gain":0,"player_choice":"Fought Nobs","damage_taken":0,"max_hp_gain":0,"max_hp_loss":0,"event_name":"Colosseum","floor":20,"gold_loss":0},{"damage_healed":0,"gold_gain":99,"player_choice":"Stole From Cult","damage_taken":0,"max_hp_gain":0,"max_hp_loss":0,"event_name":"Nest","floor":25,"gold_loss":0},{"damage_healed":0,"gold_gain":0,"player_choice":"Stole Relic","damage_taken":0,"relics_obtained":["Boot"],"max_hp_gain":0,"max_hp_loss":0,"event_name":"Addict","floor":31,"gold_loss":0,"cards_obtained":["Shame"]},{"damage_healed":0,"gold_gain":0,"player_choice":"Fight","damage_taken":0,"max_hp_gain":0,"max_hp_loss":0,"event_name":"MindBloom","floor":36,"gold_loss":0},{"cards_removed":["Defend_B"],"damage_healed":0,"gold_gain":0,"player_choice":"Offered Basic","damage_taken":0,"max_hp_gain":0,"max_hp_loss":0,"event_name":"Bonfire Elementals","floor":37,"gold_loss":0},{"damage_healed":0,"gold_gain":0,"player_choice":"Memory 3","damage_taken":10,"max_hp_gain":0,"max_hp_loss":0,"event_name":"SensoryStone","floor":42,"gold_loss":0},{"damage_healed":0,"gold_gain":0,"player_choice":"Fight","damage_taken":0,"max_hp_gain":0,"max_hp_loss":0,"event_name":"Mysterious Sphere","floor":45,"gold_loss":0},{"damage_healed":21,"gold_gain":0,"player_choice":"Writhe","damage_taken":0,"max_hp_gain":0,"max_hp_loss":0,"event_name":"Winding Halls","floor":46,"gold_loss":0,"cards_obtained":["Writhe"]},{"damage_healed":0,"gold_gain":0,"player_choice":"Copied","damage_taken":0,"max_hp_gain":0,"max_hp_loss":0,"event_name":"Duplicator","floor":47,"gold_loss":0,"cards_obtained":["Panache"]},{"damage_healed":0,"gold_gain":0,"player_choice":"1 cards matched","damage_taken":0,"max_hp_gain":0,"max_hp_loss":0,"event_name":"Match and Keep!","floor":48,"gold_loss":0,"cards_obtained":["Zap"]}],"is_beta":false,"boss_relics":[{"not_picked":["Black Star","Orrery"],"picked":"Sozu"},{"not_picked":["Busted Crown","Runic Dome"],"picked":"Lizard Tail"}],"items_purged_floors":[19,39],"is_endless":false,"potions_floor_spawned":[1,3,5,16,20,20,22,27,28,29,36,38],"ascension_level":1}