{"gold_per_floor":[117,135,53,67,67,67,99,99,99,134,149,72,72,102,102,199,199,217,217,73,93,18,18,47,47,47,59,59,59,59,59,59,158,158,171,26,0,13,27,27,27,27,27,53,53,82,82,82,82,82],"floor_reached":51,"playtime":2301,"items_purged":["Strike_G"],"score":1228,"play_id":"86932ae6-6c28-4874-b863-a919aed392b8","local_time":"20181104193237","is_ascension_mode":true,"campfire_choices":[{"data":"Noxious Fumes","floor":6,"key":"SMITH"},{"data":"Neutralize","floor":8,"key":"SMITH"},{"data":"Footwork","floor":15,"key":"SMITH"},{"data":"Noxious Fumes","floor":23,"key":"SMITH"},{"floor":29,"key":"REST"},{"data":"Blade Dance","floor":32,"key":"SMITH"},{"floor":40,"key":"REST"},{"floor":45,"key":"RECALL"},{"floor":47,"key":"REST"},{"floor":49,"key":"REST"}],"neow_cost":"NONE","seed_source_timestamp":108487243748233,"circlet_count":0,"master_deck":["AscendersBane","Defend_G","Defend_G","Defend_G","Defend_G+1","Strike_G","Strike_G","Survivor","Neutralize+1","Dagger Throw+1","Well Laid Plans+1","Blade Dance+1","Dash+1","Noxious Fumes+1","Cloak And Dagger+1","Noxious Fumes+1","Footwork+1","Backflip","A Thousand Cuts+1","Poisoned Stab+1","Blade Dance+1","Acrobatics+1"],"relics":["Astrolabe","Thread and Needle","StoneCalendar","Bottled Flame","Frozen Egg 2","Cursed Key","Snake Skull","Incense Burner","Fusion Hammer","PreservedInsect","Red Mask","Omamori","Boot"],"potions_floor_usage":[7,10,24,39,50,50,50,50,50,50],"damage_taken":[{"damage":0,"enemies":"Small Slimes","floor":1,"turns":3},{"damage":0,"enemies":"Cultist","floor":2,"turns":4},{"damage":2,"enemies":"Jaw Worm","floor":4,"turns":4},{"damage":5,"enemies":"3 Sentries","floor":7,"turns":7},{"damage":20,"enemies":"Gremlin Nob","floor":10,"turns":5},{"damage":0,"enemies":"Looter","floor":11,"turns":4},{"damage":3,"enemies":"3 Sentries","floor":14,"turns":7},{"damage":0,"enemies":"Hexaghost","floor":16,"turns":9},{"damage":7,"enemies":"2 Thieves","floor":18,"turns":5},{"damage":0,"enemies":"Chosen","floor":21,"turns":4},{"damage":27,"enemies":"Gremlin Leader","floor":24,"turns":5},{"damage":1,"enemies":"Centurion and Healer","floor":27,"turns":5},{"damage":8,"enemies":"Champ","floor":33,"turns":10},{"damage":2,"enemies":"3 Shapes","floor":35,"turns":5},{"damage":0,"enemies":"Orb Walker","floor":38,"turns":4},{"damage":16,"enemies":"Jaw Worm Horde","floor":39,"turns":3},{"damage":0,"enemies":"Nemesis","floor":44,"turns":6},{"damage":0,"enemies":"Reptomancer","floor":46,"turns":5},{"damage":40,"enemies":"Awakened One","floor":50,"turns":13}],"seed_played":"-7068126840127332577","potions_obtained":[{"floor":2,"key":"SteroidPotion"},{"floor":4,"key":"Weak Potion"},{"floor":7,"key":"Explosive Potion"},{"floor":16,"key":"EntropicBrew"},{"floor":21,"key":"Strength Potion"},{"floor":33,"key":"SpeedPotion"},{"floor":38,"key":"Regen Potion"},{"floor":39,"key":"FearPotion"},{"floor":44,"key":"Block Potion"}],"is_trial":false,"path_per_floor":["M","M","$","M","?","R","E","R","T","E","M","$","?","E","R","B",null,"M","?","$","M","$","R","E","?","T","M","$","R","?","$","R","B",null,"M","$","?","M","M","R","$","?","T","E","R","E","R","?","R","B",null],"character_chosen":"THE_SILENT","items_purchased":["Dash","Footwork","Snake Skull","PreservedInsect"],"campfire_rested":4,"item_purchase_floors":[3,12,20,36],"current_hp_per_floor":[63,63,63,61,47,47,42,42,42,22,22,22,22,19,19,19,57,50,50,50,50,50,50,23,23,23,22,22,43,43,43,43,35,61,59,59,59,59,55,70,70,70,70,70,70,70,70,66,66,26],"gold":82,"neow_bonus":"BOSS_RELIC","is_prod":false,"is_daily":false,"chose_seed":false,"campfire_upgraded":5,"win_rate":0,"timestamp":1541320357,"path_taken":["M","M","$","M","?","R","E","R","T","E","M","$","?","E","R","BOSS","M","?","?","?","$","R","E","?","T","M","$","R","?","?","R","BOSS","M","$","?","M","M","R","$","?","T","E","R","E","R","?","R","BOSS"],"build_version":"2018-11-02","purchased_purges":1,"victory":true,"max_hp_per_floor":[70,70,70,70,70,70,70,70,70,70,70,70,70,70,70,70,70,70,70,70,70,70,70,70,70,70,70,70,70,70,70,70,70,70,70,70,70,70,70,70,70,70,70,70,70,70,70,66,66,66],"card_choices":[{"not_picked":["Flying Knee","Dagger Spray","Outmaneuver"],"picked":"SKIP","floor":1},{"not_picked":["Riddle With Holes","Dagger Throw","Bouncing Flask"],"picked":"SKIP","floor":2},{"not_picked":["Deflect","PiercingWail"],"picked":"Noxious Fumes","floor":4},{"not_picked":["Escape Plan","Dagger Throw"],"picked":"Cloak And Dagger","floor":7},{"not_picked":["Slice","Prepared","Cloak And Dagger"],"picked":"SKIP","floor":10},{"not_picked":["Dodge and Roll","Deadly Poison"],"picked":"Noxious Fumes","floor":11},{"not_picked":["Flying Knee","PiercingWail"],"picked":"Backflip","floor":14},{"not_picked":["Unload","Bullet Time"],"picked":"A Thousand Cuts+1","floor":16},{"not_picked":["Slice","Crippling Poison+1"],"picked":"Poisoned Stab+1","floor":18},{"not_picked":["Slice","PiercingWail","Quick Slash"],"picked":"SKIP","floor":21},{"not_picked":["Dodge and Roll+1","Endless Agony+1","Bane"],"picked":"SKIP","floor":24},{"not_picked":["Poisoned Stab","Underhanded Strike"],"picked":"Blade Dance","floor":27},{"not_picked":["Crippling Poison+1","Outmaneuver+1"],"picked":"Acrobatics+1","floor":35},{"not_picked":["Escape Plan+1","Prepared+1","Underhanded Strike"],"picked":"SKIP","floor":38},{"not_picked":["Underhanded Strike","Acrobatics","Crippling Poison"],"picked":"SKIP","floor":39},{"not_picked":["Prepared","Deflect+1","Slice"],"picked":"SKIP","floor":44},{"not_picked":["Night Terror","Bouncing Flask+1","PiercingWail"],"picked":"SKIP","floor":46}],"player_experience":420071,"relics_obtained":[{"floor":7,"key":"Thread and Needle"},{"floor":9,"key":"StoneCalendar"},{"floor":10,"key":"Bottled Flame"},{"floor":14,"key":"Frozen Egg 2"},{"floor":24,"key":"Incense Burner"},{"floor":44,"key":"Omamori"},{"floor":46,"key":"Boot"}],"event_choices":[{"damage_healed":0,"gold_gain":0,"player_choice":"Entered Light","damage_taken":14,"max_hp_gain":0,"max_hp_loss":0,"event_name":"Shining Light","floor":5,"gold_loss":0,"cards_upgraded":["Defend_G","Dash"]},{"damage_healed":0,"gold_gain":0,"player_choice":"Fled","damage_taken":0,"max_hp_gain":0,"max_hp_loss":0,"event_name":"Scrap Ooze","floor":13,"gold_loss":0},{"damage_healed":0,"gold_gain":0,"player_choice":"Forge","damage_taken":0,"max_hp_gain":0,"max_hp_loss":0,"event_name":"Accursed Blacksmith","floor":19,"gold_loss":0,"cards_upgraded":["Cloak And Dagger"]},{"damage_healed":0,"gold_gain":0,"player_choice":"Ignored","damage_taken":0,"max_hp_gain":0,"max_hp_loss":0,"event_name":"Beggar","floor":25,"gold_loss":0},{"damage_healed":0,"gold_gain":0,"player_choice":"Ignored","damage_taken":0,"max_hp_gain":0,"max_hp_loss":0,"event_name":"The Mausoleum","floor":30,"gold_loss":0},{"damage_healed":0,"gold_gain":0,"player_choice":"Paid","damage_taken":0,"relics_obtained":["Red Mask"],"max_hp_gain":0,"max_hp_loss":0,"event_name":"Tomb of Lord Red Mask","floor":37,"gold_loss":26},{"damage_healed":0,"gold_gain":0,"player_choice":"Memory 1","damage_taken":0,"max_hp_gain":0,"max_hp_loss":0,"event_name":"SensoryStone","floor":42,"gold_loss":0},{"damage_healed":0,"gold_gain":0,"player_choice":"Max HP","damage_taken":0,"max_hp_gain":0,"max_hp_loss":4,"event_name":"Winding Halls","floor":48,"gold_loss":0}],"is_beta":true,"boss_relics":[{"not_picked":["Sozu","Velvet Choker"],"picked":"Cursed Key"},{"not_picked":["Snecko Eye","Pandora\u0027s Box"],"picked":"Fusion Hammer"}],"items_purged_floors":[22],"is_endless":false,"potions_floor_spawned":[2,4,7,16,21,33,38,39,44],"ascension_level":10}