{"gold_per_floor":[118,118,118,132,132,164,181,181,181,191,16,42,42,60,60,158,158,173,186,186,186,211,211,246,119,166,166,184,184,77,91,91,189,239,251,251,251,251,271,305,305,305,305,305,305,305,318,336,336,336],"floor_reached":50,"playtime":3650,"items_purged":[],"score":598,"play_id":"751a4ab7-6a36-4870-aff8-9a09bfa0e610","local_time":"20190713205424","is_ascension_mode":true,"campfire_choices":[{"floor":8.0,"key":"REST"},{"floor":15.0,"key":"REST"},{"floor":23.0,"key":"REST"},{"floor":27.0,"key":"REST"},{"floor":32.0,"key":"REST"},{"floor":42.0,"key":"REST"},{"floor":44.0,"key":"REST"},{"floor":49.0,"key":"RECALL"}],"neow_cost":"NONE","seed_source_timestamp":292724955419846,"circlet_count":0,"master_deck":["Strike_G+1","Strike_G+1","Strike_G+1","Strike_G+1","Defend_G+1","Defend_G+1","Defend_G+1","Defend_G+1","Defend_G+1","Survivor","Neutralize+1","Dagger Throw","PiercingWail","Burst","Bouncing Flask","Poisoned Stab","PiercingWail+1","Cloak And Dagger","Deflect","A Thousand Cuts+1","Dodge and Roll+1","Poisoned Stab","Well Laid Plans+1","Cloak And Dagger+1","Dash+1","Caltrops+1","Quick Slash","Acrobatics","Expertise+1","Die Die Die+1","Dash","Backflip+1","Dark Shackles","Backflip+1","Envenom+1","Sucker Punch+1"],"special_seed":0,"relics":["Lizard Tail","Letter Opener","Boot","Bag of Preparation","Strawberry","Frozen Egg 2","WristBlade","Red Mask","Happy Flower","Mercury Hourglass","Nunchaku","Tiny House","War Paint","Vajra","Snake Skull"],"potions_floor_usage":[50,50],"damage_taken":[{"damage":4.0,"enemies":"Jaw Worm","floor":1.0,"turns":5.0},{"damage":4.0,"enemies":"Small Slimes","floor":4.0,"turns":3.0},{"damage":22.0,"enemies":"3 Sentries","floor":6.0,"turns":12.0},{"damage":0.0,"enemies":"Cultist","floor":7.0,"turns":4.0},{"damage":14.0,"enemies":"Large Slime","floor":10.0,"turns":6.0},{"damage":42.0,"enemies":"Gremlin Nob","floor":12.0,"turns":5.0},{"damage":0.0,"enemies":"2 Fungi Beasts","floor":14.0,"turns":3.0},{"damage":3.0,"enemies":"Hexaghost","floor":16.0,"turns":10.0},{"damage":6.0,"enemies":"Shell Parasite","floor":18.0,"turns":7.0},{"damage":0.0,"enemies":"Chosen","floor":19.0,"turns":4.0},{"damage":40.0,"enemies":"Masked Bandits","floor":22.0,"turns":6.0},{"damage":10.0,"enemies":"Book of Stabbing","floor":24.0,"turns":9.0},{"damage":0.0,"enemies":"Snake Plant","floor":28.0,"turns":5.0},{"damage":10.0,"enemies":"Snecko","floor":31.0,"turns":5.0},{"damage":57.0,"enemies":"Collector","floor":33.0,"turns":14.0},{"damage":36.0,"enemies":"3 Darklings","floor":35.0,"turns":4.0},{"damage":12.0,"enemies":"3 Shapes","floor":39.0,"turns":4.0},{"damage":21.0,"enemies":"Nemesis","floor":40.0,"turns":8.0},{"damage":0.0,"enemies":"Transient","floor":41.0,"turns":1.0},{"damage":14.0,"enemies":"Spire Growth","floor":47.0,"turns":5.0},{"damage":4.0,"enemies":"Jaw Worm Horde","floor":48.0,"turns":3.0},{"damage":101,"enemies":"Donu and Deca","floor":50,"turns":10}],"seed_played":"6925406690514784330","potions_obtained":[{"floor":6.0,"key":"SpeedPotion"},{"floor":10.0,"key":"SneckoOil"},{"floor":14.0,"key":"AttackPotion"},{"floor":16.0,"key":"Energy Potion"},{"floor":18.0,"key":"Block Potion"},{"floor":34.0,"key":"Regen Potion"},{"floor":35.0,"key":"SmokeBomb"},{"floor":39.0,"key":"EntropicBrew"}],"is_trial":false,"path_per_floor":["M","?","?","M","?","E","M","R","T","M","$","E","?","M","R","B",null,"M","M","?","?","?","R","E","$","T","R","M","T","?","M","R","B",null,"M","?","?","?","M","E","M","R","T","R","T","?","M","M","R","B"],"character_chosen":"THE_SILENT","items_purchased":["PiercingWail","Strawberry","Caltrops+1","Quick Slash"],"campfire_rested":7,"item_purchase_floors":[11,11,25,25],"current_hp_per_floor":[66,66,66,62,59,37,37,58,58,44,51,9,9,9,32,29,77,71,71,71,71,31,54,44,44,44,67,67,67,67,57,77,20,82,53,53,53,53,41,20,20,44,44,68,68,68,54,50,50,0],"gold":336,"neow_bonus":"BOSS_RELIC","is_prod":false,"is_daily":false,"chose_seed":false,"campfire_upgraded":0,"win_rate":0,"timestamp":1563065664,"path_taken":["M","?","?","?","?","E","M","R","T","M","$","E","?","M","R","BOSS","M","M","?","?","?","R","E","$","T","R","M","?","?","M","R","BOSS","M","?","?","?","?","E","M","R","T","R","?","?","M","M","R","BOSS"],"build_version":"2019-07-05","purchased_purges":0,"victory":false,"max_hp_per_floor":[70,70,70,70,70,70,70,70,70,70,77,77,77,77,77,77,77,77,77,77,77,77,77,77,77,77,77,77,77,77,77,77,77,82,82,82,82,82,82,82,82,82,82,82,82,78,78,78,78,78],"card_choices":[{"not_picked":["Backflip","Noxious Fumes"],"picked":"Dagger Throw","floor":1.0},{"not_picked":["Dodge and Roll","Reflex"],"picked":"PiercingWail","floor":4.0},{"not_picked":["Endless Agony","Catalyst"],"picked":"Burst","floor":6.0},{"not_picked":["Deflect","Flying Knee"],"picked":"Bouncing Flask","floor":7.0},{"not_picked":["Terror","Calculated Gamble"],"picked":"Poisoned Stab","floor":10.0},{"not_picked":["Bane","Acrobatics"],"picked":"Cloak And Dagger","floor":12.0},{"not_picked":["Blade Dance","Acrobatics"],"picked":"Deflect","floor":14.0},{"not_picked":["Grand Finale","Storm of Steel"],"picked":"A Thousand Cuts+1","floor":16.0},{"not_picked":["Deadly Poison+1","Quick Slash"],"picked":"Dodge and Roll+1","floor":18.0},{"not_picked":["Slice","Tactician"],"picked":"Poisoned Stab","floor":19.0},{"not_picked":["Eviscerate","Storm of Steel"],"picked":"Cloak And Dagger","floor":22.0},{"not_picked":["Dagger Spray","Expertise"],"picked":"Dash+1","floor":24.0},{"not_picked":["Deflect","Eviscerate"],"picked":"Acrobatics","floor":28.0},{"not_picked":["Poisoned Stab","Night Terror"],"picked":"Expertise+1","floor":31.0},{"not_picked":["Wraith Form v2+1","Venomology"],"picked":"Die Die Die","floor":33.0},{"not_picked":["Prepared","Dagger Throw+1"],"picked":"Dash","floor":34.0},{"not_picked":["Deadly Poison+1","Blade Dance"],"picked":"Backflip+1","floor":35.0},{"not_picked":["Magnetism+1","Mind Blast"],"picked":"Dark Shackles","floor":36.0},{"not_picked":["Outmaneuver+1","Bouncing Flask+1"],"picked":"Backflip+1","floor":39.0},{"not_picked":["Reflex","Calculated Gamble"],"picked":"Envenom+1","floor":40.0},{"not_picked":["Bane","Flying Knee+1","Tactician+1"],"picked":"SKIP","floor":47.0},{"not_picked":["Riddle With Holes+1","Blade Dance"],"picked":"Sucker Punch+1","floor":48.0}],"player_experience":128256,"relics_obtained":[{"floor":6.0,"key":"Boot"},{"floor":9.0,"key":"Bag of Preparation"},{"floor":12.0,"key":"Frozen Egg 2"},{"floor":22.0,"key":"Red Mask"},{"floor":24.0,"key":"Happy Flower"},{"floor":29.0,"key":"Mercury Hourglass"},{"floor":40.0,"key":"War Paint"},{"floor":43.0,"key":"Vajra"},{"floor":45.0,"key":"Snake Skull"}],"event_choices":[{"damage_healed":0.0,"max_hp_gain":0.0,"max_hp_loss":0.0,"gold_gain":0.0,"event_name":"Living Wall","player_choice":"Grow","floor":2.0,"gold_loss":0.0,"damage_taken":0.0,"cards_upgraded":["Neutralize"]},{"damage_healed":0.0,"max_hp_gain":0.0,"max_hp_loss":0.0,"gold_gain":0.0,"event_name":"Transmorgrifier","player_choice":"Ignored","floor":3.0,"gold_loss":0.0,"damage_taken":0.0},{"damage_healed":0.0,"max_hp_gain":0.0,"max_hp_loss":0.0,"gold_gain":0.0,"event_name":"Scrap Ooze","player_choice":"Success","floor":5.0,"gold_loss":0.0,"damage_taken":3.0,"relics_obtained":["Letter Opener"]},{"damage_healed":0.0,"max_hp_gain":0.0,"max_hp_loss":0.0,"gold_gain":0.0,"event_name":"Shining Light","player_choice":"Ignored","floor":13.0,"gold_loss":0.0,"damage_taken":0.0},{"damage_healed":0.0,"max_hp_gain":0.0,"max_hp_loss":0.0,"gold_gain":0.0,"event_name":"Back to Basics","player_choice":"Simplicity","floor":20.0,"gold_loss":0.0,"damage_taken":0.0,"cards_upgraded":["Strike_G","Strike_G","Strike_G","Strike_G","Strike_G","Defend_G","Defend_G","Defend_G","Defend_G","Defend_G"]},{"damage_healed":0.0,"max_hp_gain":0.0,"max_hp_loss":0.0,"gold_gain":0.0,"event_name":"The Library","player_choice":"Read","floor":21.0,"gold_loss":0.0,"damage_taken":0.0,"cards_obtained":["Well Laid Plans"]},{"damage_healed":0.0,"max_hp_gain":0.0,"max_hp_loss":0.0,"gold_gain":0.0,"event_name":"Masked Bandits","player_choice":"Fought Bandits","floor":22.0,"gold_loss":0.0,"damage_taken":0.0},{"damage_healed":0.0,"max_hp_gain":0.0,"max_hp_loss":0.0,"gold_gain":0.0,"event_name":"WeMeetAgain","player_choice":"Paid Gold","floor":30.0,"gold_loss":107.0,"damage_taken":0.0,"relics_obtained":["Nunchaku"]},{"damage_healed":0.0,"max_hp_gain":0.0,"max_hp_loss":0.0,"gold_gain":0.0,"event_name":"SensoryStone","player_choice":"Memory 1","floor":36.0,"gold_loss":0.0,"damage_taken":0.0},{"cards_removed":["Strike_G"],"damage_healed":0.0,"max_hp_gain":0.0,"max_hp_loss":0.0,"gold_gain":0.0,"event_name":"Falling","player_choice":"Removed Attack","floor":37.0,"gold_loss":0.0,"damage_taken":0.0},{"damage_healed":0.0,"max_hp_gain":0.0,"max_hp_loss":0.0,"gold_gain":0.0,"event_name":"Transmorgrifier","player_choice":"Ignored","floor":38.0,"gold_loss":0.0,"damage_taken":0.0},{"damage_healed":0.0,"max_hp_gain":0.0,"max_hp_loss":4.0,"gold_gain":0.0,"event_name":"Winding Halls","player_choice":"Max HP","floor":46.0,"gold_loss":0.0,"damage_taken":0.0}],"is_beta":false,"boss_relics":[{"not_picked":["Busted Crown","Runic Dome"],"picked":"WristBlade"},{"not_picked":["Velvet Choker","Astrolabe"],"picked":"Tiny House"}],"items_purged_floors":[],"is_endless":false,"potions_floor_spawned":[6,10,14,16,18,35,39,48],"killed_by":"Donu and Deca","ascension_level":2}