{"gold_per_floor":[109,120,120,120,136,170,170,201,227,227,240,240,255,180,180,284,284,295,315,315,327,339,339,339,339,339,339,354,354,386,386,386,386],"floor_reached":33,"playtime":2762,"items_purged":["Defend_G"],"score":289,"play_id":"c9d668da-252c-401f-8255-42ed0ac1c2e3","local_time":"20190704163809","is_ascension_mode":true,"campfire_choices":[{"data":"Tactician","floor":7,"key":"SMITH"},{"floor":10,"key":"REST"},{"floor":12,"key":"REST"},{"data":"Acrobatics","floor":15,"key":"SMITH"},{"floor":23,"key":"REST"},{"data":"Adrenaline","floor":25,"key":"SMITH"},{"floor":27,"key":"REST"},{"floor":32,"key":"REST"}],"neow_cost":"NONE","seed_source_timestamp":7407997837700,"circlet_count":0,"master_deck":["Strike_G","Strike_G","Defend_G","Defend_G","Defend_G","Defend_G","Survivor","Neutralize+1","Backstab","Flying Knee","Tactician+1","Flying Knee","Infinite Blades","Underhanded Strike","PiercingWail","Acrobatics+1","Adrenaline+1","Quick Slash+1","Acrobatics+1","Eviscerate","Underhanded Strike","Dagger Throw","Adrenaline","Skewer","Accuracy"],"relics":["Ring of the Snake","Bronze Scales","Omamori","Sozu","Torii","Meat on the Bone","Potion Belt"],"potions_floor_usage":[16,22,33],"damage_taken":[{"damage":7,"enemies":"Small Slimes","floor":1,"turns":4},{"damage":0,"enemies":"Jaw Worm","floor":2,"turns":3},{"damage":0,"enemies":"Cultist","floor":5,"turns":4},{"damage":16,"enemies":"Lagavulin","floor":6,"turns":9},{"damage":13,"enemies":"3 Sentries","floor":8,"turns":8},{"damage":8,"enemies":"Lots of Slimes","floor":11,"turns":4},{"damage":3,"enemies":"Looter","floor":13,"turns":2},{"damage":24,"enemies":"The Guardian","floor":16,"turns":12},{"damage":6,"enemies":"Shell Parasite","floor":18,"turns":5},{"damage":5,"enemies":"Chosen","floor":19,"turns":3},{"damage":8,"enemies":"Shelled Parasite and Fungi","floor":21,"turns":5},{"damage":35,"enemies":"Sentry and Sphere","floor":22,"turns":6},{"damage":8,"enemies":"Snake Plant","floor":28,"turns":4},{"damage":34,"enemies":"Gremlin Leader","floor":30,"turns":9},{"damage":65,"enemies":"Champ","floor":33,"turns":9}],"seed_played":"7377327156536731852","potions_obtained":[{"floor":1,"key":"Fire Potion"},{"floor":6,"key":"Block Potion"},{"floor":11,"key":"Weak Potion"}],"is_trial":false,"path_per_floor":["M","M","?","?","M","E","R","E","T","R","M","R","M","$","R","B",null,"M","M","T","M","M","R","?","R","T","R","M","?","E","?","R","B"],"character_chosen":"THE_SILENT","items_purchased":[],"campfire_rested":5,"item_purchase_floors":[],"current_hp_per_floor":[63,63,63,68,68,52,52,39,39,61,53,75,72,72,72,48,75,69,64,64,56,21,43,43,43,43,65,57,57,35,35,57,0],"gold":386,"neow_bonus":"UPGRADE_CARD","is_prod":false,"is_daily":false,"chose_seed":false,"campfire_upgraded":3,"win_rate":0,"timestamp":1562229489,"path_taken":["M","M","?","?","M","E","R","E","T","R","M","R","M","?","R","BOSS","M","M","?","M","?","R","?","R","T","R","M","?","E","?","R","BOSS"],"build_version":"2019-07-01","purchased_purges":1,"victory":false,"max_hp_per_floor":[70,70,70,75,75,75,75,75,75,75,75,75,75,75,75,75,75,75,75,75,75,75,75,75,75,75,75,75,75,75,75,75,75],"card_choices":[{"not_picked":["Endless Agony","Dodge and Roll"],"picked":"Backstab","floor":1},{"not_picked":["Blade Dance","Backstab"],"picked":"Flying Knee","floor":2},{"not_picked":["Poisoned Stab","Flechettes"],"picked":"Flying Knee","floor":5},{"not_picked":["Slice","Deflect"],"picked":"Infinite Blades","floor":6},{"not_picked":["Quick Slash","Caltrops"],"picked":"Underhanded Strike","floor":8},{"not_picked":["Outmaneuver","Wraith Form v2"],"picked":"PiercingWail","floor":11},{"not_picked":["Footwork","Outmaneuver"],"picked":"Acrobatics","floor":13},{"not_picked":["Grand Finale","Malaise"],"picked":"Adrenaline","floor":16},{"not_picked":["Dash","Backflip"],"picked":"Quick Slash+1","floor":18},{"not_picked":["Dash","Deflect"],"picked":"Acrobatics+1","floor":19},{"not_picked":["Outmaneuver","Flying Knee+1"],"picked":"Eviscerate","floor":21},{"not_picked":["Bane","Catalyst+1","Slice+1"],"picked":"SKIP","floor":22},{"not_picked":["Backstab","Eviscerate+1"],"picked":"Underhanded Strike","floor":28},{"not_picked":["Grand Finale","Accuracy+1"],"picked":"Adrenaline","floor":30}],"player_experience":128695,"relics_obtained":[{"floor":6,"key":"Bronze Scales"},{"floor":8,"key":"Omamori"},{"floor":20,"key":"Torii"},{"floor":26,"key":"Meat on the Bone"},{"floor":30,"key":"Potion Belt"}],"event_choices":[{"damage_healed":0,"gold_gain":0,"cards_transformed":["Strike_G"],"player_choice":"Change","damage_taken":0,"max_hp_gain":0,"max_hp_loss":0,"event_name":"Living Wall","floor":3,"gold_loss":0,"cards_obtained":["Tactician"]},{"damage_healed":0,"gold_gain":0,"player_choice":"Donut","damage_taken":0,"max_hp_gain":5,"max_hp_loss":0,"event_name":"Big Fish","floor":4,"gold_loss":0},{"damage_healed":0,"gold_gain":0,"player_choice":"Ignored","damage_taken":0,"max_hp_gain":0,"max_hp_loss":0,"event_name":"Ghosts","floor":24,"gold_loss":0},{"damage_healed":0,"gold_gain":0,"player_choice":"Read","damage_taken":0,"max_hp_gain":0,"max_hp_loss":0,"event_name":"The Library","floor":29,"gold_loss":0,"cards_obtained":["Dagger Throw"]},{"damage_healed":0,"gold_gain":0,"cards_transformed":["Strike_G","Strike_G"],"player_choice":"Became Test Subject","damage_taken":0,"max_hp_gain":0,"max_hp_loss":0,"event_name":"Drug Dealer","floor":31,"gold_loss":0,"cards_obtained":["Skewer","Accuracy"]}],"is_beta":false,"boss_relics":[{"not_picked":["Tiny House","Busted Crown"],"picked":"Sozu"}],"items_purged_floors":[14],"is_endless":false,"potions_floor_spawned":[1,6,11,19,22,30],"killed_by":"Champ","ascension_level":1}