{"gold_per_floor":[112,90,105,118,118,118,152,152,152,152,172,172,172,172,172,267,267,287,144,158,174,187,187,187,200,200,200,215,235,235,150,162,174],"floor_reached":33,"playtime":4370,"items_purged":["Strike_G"],"score":247,"play_id":"886af21d-f353-41d9-9169-041ff26e42df","local_time":"20190716225004","is_ascension_mode":false,"campfire_choices":[{"data":"Dash","floor":6,"key":"SMITH"},{"data":"Dagger Spray","floor":8,"key":"SMITH"},{"floor":13,"key":"REST"},{"data":"Caltrops","floor":15,"key":"SMITH"},{"floor":23,"key":"REST"},{"floor":27,"key":"REST"},{"floor":30,"key":"REST"},{"data":"Doppelganger","floor":32,"key":"SMITH"}],"neow_cost":"NONE","seed_source_timestamp":602701219732855,"circlet_count":0,"master_deck":["Strike_G","Strike_G+1","Strike_G","Defend_G","Defend_G","Defend_G","Defend_G","Defend_G","Survivor+1","Neutralize","Dagger Spray+1","Quick Slash","Dash+1","Flying Knee","Slice","Caltrops+1","Bullet Time","Doppelganger+1","Prepared+1","Footwork","Backstab","Backflip+1","Outmaneuver","Sucker Punch+1","Envenom"],"relics":["Ring of the Snake","NeowsBlessing","Ornamental Fan","Calipers","WristBlade","Nilry\u0027s Codex","Sundial","MawBank"],"potions_floor_usage":[7,16,29,33,33],"damage_taken":[{"damage":0,"enemies":"Cultist","floor":1,"turns":1},{"damage":0,"enemies":"Jaw Worm","floor":3,"turns":1},{"damage":0,"enemies":"2 Louse","floor":4,"turns":1},{"damage":21,"enemies":"3 Sentries","floor":7,"turns":8},{"damage":2,"enemies":"Lots of Slimes","floor":11,"turns":3},{"damage":34,"enemies":"Slime Boss","floor":16,"turns":9},{"damage":13,"enemies":"Spheric Guardian","floor":18,"turns":3},{"damage":6,"enemies":"Chosen","floor":20,"turns":4},{"damage":25,"enemies":"Centurion and Healer","floor":21,"turns":7},{"damage":20,"enemies":"Sentry and Sphere","floor":22,"turns":6},{"damage":5,"enemies":"3 Cultists","floor":25,"turns":5},{"damage":10,"enemies":"Cultist and Chosen","floor":28,"turns":5},{"damage":3,"enemies":"Centurion and Healer","floor":29,"turns":6},{"damage":47,"enemies":"Automaton","floor":33,"turns":6}],"seed_played":"-4512634695932679880","potions_obtained":[{"floor":3,"key":"AttackPotion"},{"floor":11,"key":"PowerPotion"},{"floor":18,"key":"GamblersBrew"},{"floor":22,"key":"Explosive Potion"},{"floor":28,"key":"GamblersBrew"}],"is_trial":false,"path_per_floor":["M","$","M","M","?","R","E","R","T","?","M","?","R","?","R","B",null,"M","$","M","M","M","R","?","M","T","R","M","M","R","?","R","B"],"character_chosen":"THE_SILENT","items_purchased":["Quick Slash","Footwork"],"campfire_rested":4,"item_purchase_floors":[2,19],"current_hp_per_floor":[70,70,70,70,75,75,54,54,54,39,37,37,59,59,59,25,75,62,62,56,31,11,33,17,12,12,34,24,21,43,43,43,0],"gold":174,"neow_bonus":"THREE_ENEMY_KILL","is_prod":false,"is_daily":false,"chose_seed":false,"campfire_upgraded":4,"win_rate":0.0,"timestamp":1563331804,"path_taken":["M","$","?","M","?","R","E","R","T","?","M","?","R","?","R","BOSS","M","$","?","M","M","R","?","M","T","R","M","M","R","?","R","BOSS"],"build_version":"2019-06-28","purchased_purges":1,"victory":false,"max_hp_per_floor":[70,70,70,70,75,75,75,75,75,75,75,75,75,75,75,75,75,75,75,75,75,75,75,75,75,75,75,75,75,75,75,75,75],"card_choices":[{"not_picked":["Sucker Punch","Acrobatics"],"picked":"Dagger Spray","floor":1},{"not_picked":["Underhanded Strike","Blade Dance"],"picked":"Dash","floor":3},{"not_picked":["Finisher","Dagger Spray"],"picked":"Flying Knee","floor":4},{"not_picked":["Skewer","Acrobatics"],"picked":"Slice","floor":7},{"not_picked":["Deflect","Dagger Throw"],"picked":"Caltrops","floor":11},{"not_picked":["Burst","Unload"],"picked":"Doppelganger","floor":16},{"not_picked":["Acrobatics+1","Dodge and Roll+1"],"picked":"Prepared+1","floor":18},{"not_picked":["Dagger Throw","Sucker Punch"],"picked":"Backstab","floor":20},{"not_picked":["Dagger Spray","Burst"],"picked":"Backflip+1","floor":21},{"not_picked":["PiercingWail","Acrobatics"],"picked":"Outmaneuver","floor":22},{"not_picked":["PiercingWail","Dagger Spray"],"picked":"Sucker Punch+1","floor":25},{"not_picked":["Underhanded Strike","Backflip"],"picked":"Envenom","floor":28},{"not_picked":["Dagger Spray","Escape Plan","Bouncing Flask"],"picked":"SKIP","floor":29}],"player_experience":9831,"relics_obtained":[{"floor":7,"key":"Ornamental Fan"},{"floor":9,"key":"Calipers"},{"floor":24,"key":"Nilry\u0027s Codex"},{"floor":26,"key":"Sundial"}],"event_choices":[{"damage_healed":0,"gold_gain":0,"player_choice":"Donut","damage_taken":0,"max_hp_gain":5,"max_hp_loss":0,"event_name":"Big Fish","floor":5,"gold_loss":0},{"damage_healed":0,"gold_gain":0,"player_choice":"Entered Light","damage_taken":15,"max_hp_gain":0,"max_hp_loss":0,"event_name":"Shining Light","floor":10,"gold_loss":0,"cards_upgraded":["Strike_G","Survivor"]},{"damage_healed":0,"gold_gain":0,"player_choice":"Fled","damage_taken":0,"max_hp_gain":0,"max_hp_loss":0,"event_name":"Scrap Ooze","floor":12,"gold_loss":0},{"damage_healed":0,"gold_gain":0,"cards_transformed":["Strike_G"],"player_choice":"Transformed","damage_taken":0,"max_hp_gain":0,"max_hp_loss":0,"event_name":"Transmorgrifier","floor":14,"gold_loss":0,"cards_obtained":["Bullet Time"]},{"damage_healed":0,"gold_gain":0,"player_choice":"Obtained Book","damage_taken":16,"max_hp_gain":0,"max_hp_loss":0,"event_name":"Cursed Tome","floor":24,"gold_loss":0},{"damage_healed":0,"gold_gain":0,"player_choice":"Obtained Relic","damage_taken":0,"relics_obtained":["MawBank"],"max_hp_gain":0,"max_hp_loss":0,"event_name":"Addict","floor":31,"gold_loss":85}],"is_beta":true,"boss_relics":[{"not_picked":["Coffee Dripper","Cursed Key"],"picked":"WristBlade"}],"items_purged_floors":[19],"is_endless":false,"potions_floor_spawned":[3,11,18,22,28],"killed_by":"Automaton","ascension_level":0}