{"gold_per_floor":[111,111,35,48,66,66,86,86,109,22,36,55,55,78,78,78],"floor_reached":16,"playtime":3097,"items_purged":[],"score":94,"play_id":"ce4c0b5c-86ca-4118-a5d4-44f44097288d","local_time":"20190716010253","is_ascension_mode":false,"campfire_choices":[{"data":"Armaments","floor":6,"key":"SMITH"},{"floor":8,"key":"REST"},{"data":"Iron Wave","floor":13,"key":"SMITH"},{"floor":15,"key":"REST"}],"neow_cost":"","seed_source_timestamp":525545523971736,"circlet_count":0,"master_deck":["Strike_R","Strike_R","Strike_R","Strike_R","Strike_R","Defend_R","Defend_R","Defend_R","Defend_R","Bash","Metallicize","Armaments+1","Sword Boomerang","Dual Wield","Body Slam","Headbutt","Good Instincts","Dropkick","Iron Wave+1","Flame Barrier"],"relics":["Burning Blood","Golden Idol","Juzu Bracelet"],"potions_floor_usage":[],"damage_taken":[{"damage":1,"enemies":"2 Louse","floor":1,"turns":3},{"damage":16,"enemies":"Jaw Worm","floor":4,"turns":4},{"damage":10,"enemies":"Small Slimes","floor":5,"turns":4},{"damage":4,"enemies":"2 Fungi Beasts","floor":7,"turns":4},{"damage":9,"enemies":"Blue Slaver","floor":11,"turns":3},{"damage":10,"enemies":"Large Slime","floor":12,"turns":6},{"damage":13,"enemies":"Gremlin Gang","floor":14,"turns":5},{"damage":94,"enemies":"The Guardian","floor":16,"turns":14}],"seed_played":"-2108982033604804910","potions_obtained":[{"floor":1,"key":"SpeedPotion"},{"floor":4,"key":"AttackPotion"},{"floor":5,"key":"Block Potion"},{"floor":14,"key":"Ancient Potion"}],"is_trial":false,"path_per_floor":["M","?","$","M","M","R","M","R","T","$","M","M","R","M","R","B"],"character_chosen":"IRONCLAD","items_purchased":["Armaments","Sword Boomerang","Good Instincts"],"campfire_rested":2,"item_purchase_floors":[3,3,10],"current_hp_per_floor":[80,74,74,64,60,60,62,74,74,74,71,67,67,60,74,0],"gold":78,"neow_bonus":"","is_prod":false,"is_daily":false,"chose_seed":false,"campfire_upgraded":2,"win_rate":0.0,"timestamp":1563253373,"path_taken":["M","?","$","M","M","R","M","R","T","$","M","M","R","M","R","BOSS"],"build_version":"2019-06-28","purchased_purges":0,"victory":false,"max_hp_per_floor":[80,74,74,74,74,74,74,74,74,74,74,74,74,74,74,74],"card_choices":[{"not_picked":["Perfected Strike","Flex"],"picked":"Metallicize","floor":1},{"not_picked":["Feel No Pain","Iron Wave"],"picked":"Dual Wield","floor":4},{"not_picked":["Perfected Strike","Warcry"],"picked":"Body Slam","floor":5},{"not_picked":["Searing Blow","Sword Boomerang"],"picked":"Headbutt","floor":7},{"not_picked":["Shockwave","Barricade"],"picked":"Dropkick","floor":11},{"not_picked":["Clash","Clothesline"],"picked":"Iron Wave","floor":12},{"not_picked":["Body Slam","Corruption"],"picked":"Flame Barrier","floor":14}],"player_experience":0,"relics_obtained":[{"floor":9,"key":"Juzu Bracelet"}],"event_choices":[{"damage_healed":0,"gold_gain":0,"player_choice":"Lose Max HP","damage_taken":0,"relics_obtained":["Golden Idol"],"max_hp_gain":0,"max_hp_loss":6,"event_name":"Golden Idol","floor":2,"gold_loss":0}],"is_beta":true,"boss_relics":[],"items_purged_floors":[],"is_endless":false,"potions_floor_spawned":[1,4,5,7,14],"killed_by":"The Guardian","ascension_level":0}