{"gold_per_floor":[211,224,242,258,276,276,306,306,386,396,396,410,422,453,453,557,557,574,499,511,546,112,112,130,130,184,184,8,8,8,8,8,110,110,124,141,151,91,65,65,83,83,83,117,131,6,6,25,25,25,25,25,25,51,51],"floor_reached":55,"playtime":8772,"items_purged":["Strike_G","Strike_G","Strike_G"],"score":758,"play_id":"8cd1c607-9cd6-40c5-8a36-d1c7f9377a92","local_time":"20190706010541","is_ascension_mode":true,"campfire_choices":[{"data":"Neutralize","floor":6.0,"key":"SMITH"},{"data":"Skewer","floor":8.0,"key":"SMITH"},{"data":"Terror","floor":11.0,"key":"SMITH"},{"floor":15.0,"key":"REST"},{"data":"Adrenaline","floor":23.0,"key":"SMITH"},{"data":"Envenom","floor":25.0,"key":"SMITH"},{"data":"Noxious Fumes","floor":27.0,"key":"SMITH"},{"data":"Footwork","floor":29.0,"key":"SMITH"},{"data":"Cloak And Dagger","floor":32.0,"key":"SMITH"},{"data":"Doppelganger","floor":40.0,"key":"SMITH"},{"data":"Leg Sweep","floor":42,"key":"SMITH"},{"floor":47,"key":"RECALL"},{"floor":49,"key":"REST"},{"data":"Cloak And Dagger","floor":52,"key":"SMITH"}],"neow_cost":"NONE","seed_source_timestamp":0,"circlet_count":0,"master_deck":["Strike_G","Defend_G","Defend_G","Defend_G","Defend_G","Survivor","Neutralize+1","Sucker Punch","PiercingWail","Dagger Spray","Terror+1","Sucker Punch","Skewer+1","Heel Hook","Unload","Leg Sweep+1","Envenom+1","All Out Attack+1","Adrenaline+1","Noxious Fumes+1","Footwork+1","Cloak And Dagger+1","Doppelganger+1","Well Laid Plans+1","Bane+1","Cloak And Dagger+1","Dodge and Roll+1","Dodge and Roll+1","Calculated Gamble"],"special_seed":0,"relics":["Ring of the Serpent","Bronze Scales","Question Card","Bird Faced Urn","White Beast Statue","Red Mask","Toy Ornithopter","Centennial Puzzle","Happy Flower","Letter Opener","Orichalcum"],"potions_floor_usage":[44,45,45,50,50,50,55],"damage_taken":[{"damage":0.0,"enemies":"2 Louse","floor":1.0,"turns":2.0},{"damage":0.0,"enemies":"Small Slimes","floor":2.0,"turns":3.0},{"damage":0.0,"enemies":"Cultist","floor":3.0,"turns":4.0},{"damage":6.0,"enemies":"3 Louse","floor":4.0,"turns":3.0},{"damage":7.0,"enemies":"Large Slime","floor":5.0,"turns":6.0},{"damage":11.0,"enemies":"3 Sentries","floor":7.0,"turns":7.0},{"damage":4.0,"enemies":"Lots of Slimes","floor":10.0,"turns":2.0},{"damage":1.0,"enemies":"Exordium Wildlife","floor":12.0,"turns":2.0},{"damage":0.0,"enemies":"3 Louse","floor":13.0,"turns":2.0},{"damage":24.0,"enemies":"Gremlin Nob","floor":14.0,"turns":4.0},{"damage":7.0,"enemies":"Hexaghost","floor":16.0,"turns":9.0},{"damage":30.0,"enemies":"Spheric Guardian","floor":18.0,"turns":7.0},{"damage":0.0,"enemies":"Chosen","floor":20.0,"turns":4.0},{"damage":0.0,"enemies":"Masked Bandits","floor":21.0,"turns":2.0},{"damage":7.0,"enemies":"Snake Plant","floor":24.0,"turns":4.0},{"damage":46.0,"enemies":"Collector","floor":33.0,"turns":7.0},{"damage":15.0,"enemies":"3 Darklings","floor":35.0,"turns":4.0},{"damage":9.0,"enemies":"3 Shapes","floor":36.0,"turns":3.0},{"damage":9.0,"enemies":"Sphere and 2 Shapes","floor":37.0,"turns":5.0},{"damage":10.0,"enemies":"Maw","floor":41.0,"turns":6.0},{"damage":35,"enemies":"Giant Head","floor":44,"turns":9},{"damage":5,"enemies":"Transient","floor":45,"turns":5},{"damage":14,"enemies":"Jaw Worm Horde","floor":48,"turns":3},{"damage":50,"enemies":"Awakened One","floor":50,"turns":17},{"damage":35,"enemies":"Shield and Spear","floor":54,"turns":9},{"damage":56,"enemies":"The Heart","floor":55,"turns":6}],"seed_played":"-9203284816424158222","potions_obtained":[{"floor":2.0,"key":"GhostInAJar"},{"floor":4.0,"key":"Swift Potion"},{"floor":7.0,"key":"GamblersBrew"},{"floor":13.0,"key":"Explosive Potion"},{"floor":18.0,"key":"AttackPotion"},{"floor":20.0,"key":"EssenceOfSteel"},{"floor":21.0,"key":"PowerPotion"},{"floor":24.0,"key":"EssenceOfSteel"},{"floor":33.0,"key":"Poison Potion"},{"floor":35.0,"key":"Fire Potion"},{"floor":36.0,"key":"FearPotion"},{"floor":37.0,"key":"Poison Potion"},{"floor":41.0,"key":"Dexterity Potion"},{"floor":44,"key":"Regen Potion"},{"floor":45,"key":"Poison Potion"},{"floor":48,"key":"Fire Potion"},{"floor":54,"key":"Poison Potion"}],"is_trial":false,"path_per_floor":["M","M","M","M","M","R","E","R","T","M","R","M","M","E","R","B",null,"M","?","M","?","$","R","M","R","T","R","$","R","?","?","R","B",null,"M","M","M","?","$","R","M","R","T","E","M","$","R","M","R","B",null,"R","$","E","B"],"character_chosen":"THE_SILENT","items_purchased":["Toy Ornithopter","Adrenaline","Footwork","Cloak And Dagger"],"campfire_rested":2,"item_purchase_floors":[22,22,28,39],"current_hp_per_floor":[70,70,70,64,57,57,46,46,46,42,42,41,41,17,38,31,70,40,40,40,42,42,42,42,42,42,42,42,42,42,42,42,9,70,59,63,64,64,64,64,60,60,60,38,64,64,64,54,70,38,70,70,70,39,0],"gold":51,"neow_bonus":"HUNDRED_GOLD","is_prod":false,"is_daily":false,"chose_seed":false,"campfire_upgraded":11,"win_rate":0,"timestamp":1562346341,"path_taken":["M","M","M","M","M","R","E","R","T","M","R","M","M","E","R","BOSS","M","?","M","?","$","R","M","R","T","R","$","R","?","?","R","BOSS","M","M","M","?","?","R","M","R","T","E","M","$","R","M","R","BOSS","R","$","E","BOSS"],"build_version":"2019-07-01","purchased_purges":3,"victory":false,"max_hp_per_floor":[70,70,70,70,70,70,70,70,70,70,70,70,70,70,70,70,70,70,70,70,70,70,70,70,70,70,70,70,70,70,70,70,70,70,70,70,70,70,70,70,70,70,70,70,70,70,70,70,70,70,70,70,70,70,70],"card_choices":[{"not_picked":["Deflect","Choke"],"picked":"Sucker Punch","floor":1.0},{"not_picked":["Deflect","Sucker Punch"],"picked":"PiercingWail","floor":2.0},{"not_picked":["Underhanded Strike","Reflex"],"picked":"Dagger Spray","floor":3.0},{"not_picked":["Deadly Poison","Footwork"],"picked":"Terror","floor":4.0},{"not_picked":["Quick Slash","Caltrops"],"picked":"Sucker Punch","floor":5.0},{"not_picked":["Infinite Blades","Dagger Throw"],"picked":"Skewer","floor":7.0},{"not_picked":["Predator","Deadly Poison","Poisoned Stab"],"picked":"Heel Hook","floor":10.0},{"not_picked":["Dodge and Roll","Escape Plan","Poisoned Stab"],"picked":"Unload","floor":12.0},{"not_picked":["Concentrate","Slice","Dodge and Roll","Tactician"],"picked":"SKIP","floor":13.0},{"not_picked":["Predator","Setup","Underhanded Strike"],"picked":"Leg Sweep","floor":14.0},{"not_picked":["Corpse Explosion","Glass Knife","Night Terror"],"picked":"Envenom","floor":16.0},{"not_picked":["Quick Slash","PiercingWail+1","Bane+1"],"picked":"All Out Attack+1","floor":18.0},{"not_picked":["Choke","Sucker Punch+1","Predator","Slice"],"picked":"SKIP","floor":20.0},{"not_picked":["Deflect+1","Dagger Throw","Blade Dance"],"picked":"Noxious Fumes","floor":24.0},{"not_picked":["Storm of Steel","Corpse Explosion","Die Die Die"],"picked":"Doppelganger","floor":33.0},{"not_picked":["Slice+1","Outmaneuver+1","Footwork+1"],"picked":"Well Laid Plans+1","floor":35.0},{"not_picked":["Blade Dance","Slice","Poisoned Stab","Underhanded Strike"],"picked":"SKIP","floor":36.0},{"not_picked":["Setup+1","Predator+1","Infinite Blades+1"],"picked":"Bane+1","floor":37.0},{"not_picked":["Cloak And Dagger+1","Infinite Blades+1","Sucker Punch"],"picked":"Dodge and Roll+1","floor":41.0},{"not_picked":["Tactician","Bouncing Flask+1","Caltrops+1","Sucker Punch+1"],"picked":"SKIP","floor":44},{"not_picked":["Backflip+1","Riddle With Holes+1","Dash","PiercingWail+1"],"picked":"SKIP","floor":45},{"not_picked":["Well Laid Plans+1","Underhanded Strike+1","Phantasmal Killer"],"picked":"Dodge and Roll+1","floor":48},{"not_picked":["Dagger Throw+1","Cloak And Dagger","Acrobatics+1"],"picked":"Calculated Gamble","floor":54}],"player_experience":181315,"relics_obtained":[{"floor":7.0,"key":"Bronze Scales"},{"floor":9.0,"key":"Question Card"},{"floor":14.0,"key":"Bird Faced Urn"},{"floor":21.0,"key":"Red Mask"},{"floor":26.0,"key":"Centennial Puzzle"},{"floor":44,"key":"Letter Opener"},{"floor":54,"key":"Orichalcum"}],"event_choices":[{"cards_removed":["Strike_G"],"damage_healed":0.0,"max_hp_gain":0.0,"max_hp_loss":0.0,"gold_gain":0.0,"event_name":"Beggar","player_choice":"Gave Gold","floor":19.0,"gold_loss":75.0,"damage_taken":0.0},{"damage_healed":0.0,"max_hp_gain":0.0,"max_hp_loss":0.0,"gold_gain":0.0,"event_name":"Masked Bandits","player_choice":"Fought Bandits","floor":21.0,"gold_loss":0.0,"damage_taken":0.0},{"damage_healed":0.0,"max_hp_gain":0.0,"max_hp_loss":0.0,"gold_gain":0.0,"event_name":"The Library","player_choice":"Read","floor":30.0,"gold_loss":0.0,"damage_taken":0.0,"cards_obtained":["Cloak And Dagger"]},{"damage_healed":0.0,"max_hp_gain":0.0,"max_hp_loss":0.0,"gold_gain":0.0,"event_name":"The Mausoleum","player_choice":"Opened","floor":31.0,"gold_loss":0.0,"damage_taken":0.0,"relics_obtained":["Happy Flower"]},{"cards_removed":["Defend_G"],"damage_healed":0.0,"max_hp_gain":0.0,"max_hp_loss":0.0,"gold_gain":0.0,"event_name":"Designer","player_choice":"Single Remove","floor":38.0,"gold_loss":60.0,"damage_taken":0.0}],"is_beta":false,"boss_relics":[{"not_picked":["Tiny House","Lizard Tail"],"picked":"White Beast Statue"},{"not_picked":["Busted Crown","Eternal Feather"],"picked":"Ring of the Serpent"}],"items_purged_floors":[22,28,46],"is_endless":false,"potions_floor_spawned":[2,4,7,13,18,20,21,24,33,35,36,37,41,44,45,48,54],"killed_by":"The Heart","ascension_level":3}