{"gold_per_floor":[112,92,108,127,127,127,156,170,170,202,221,221,252,263,263,263],"floor_reached":16,"playtime":899,"items_purged":[],"score":159,"play_id":"edbaff32-fd1d-461d-add8-f2f333650dc1","local_time":"20190720133445","is_ascension_mode":true,"campfire_choices":[{"data":"Infinite Blades","floor":6,"key":"SMITH"},{"floor":12,"key":"REST"},{"floor":15,"key":"REST"}],"neow_cost":"NONE","seed_source_timestamp":874377581382223,"circlet_count":0,"master_deck":["Strike_G","Strike_G","Strike_G","Strike_G","Strike_G","Defend_G","Defend_G","Defend_G","Defend_G","Defend_G","Survivor","Neutralize","Caltrops","Infinite Blades+1","Poisoned Stab","Quick Slash","Cloak And Dagger","Corpse Explosion","Dodge and Roll","Sucker Punch","Backflip"],"relics":["Ring of the Snake","Centennial Puzzle","Calipers","Tingsha","FossilizedHelix","Omamori"],"potions_floor_usage":[10,11,13],"damage_taken":[{"damage":0,"enemies":"2 Louse","floor":1,"turns":4},{"damage":0,"enemies":"Cultist","floor":3,"turns":4},{"damage":0,"enemies":"Small Slimes","floor":4,"turns":4},{"damage":22,"enemies":"3 Sentries","floor":7,"turns":10},{"damage":15,"enemies":"3 Louse","floor":8,"turns":4},{"damage":18,"enemies":"Gremlin Nob","floor":10,"turns":4},{"damage":5,"enemies":"Exordium Thugs","floor":11,"turns":6},{"damage":10,"enemies":"3 Sentries","floor":13,"turns":3},{"damage":0,"enemies":"2 Fungi Beasts","floor":14,"turns":4},{"damage":35,"enemies":"Slime Boss","floor":16,"turns":9}],"seed_played":"5394798424306809533","potions_obtained":[{"floor":1,"key":"Swift Potion"},{"floor":2,"key":"Ancient Potion"},{"floor":7,"key":"Strength Potion"},{"floor":11,"key":"FearPotion"}],"is_trial":false,"path_per_floor":["M","?","M","M","$","R","E","M","T","E","M","R","E","M","R","B"],"character_chosen":"THE_SILENT","items_purchased":[],"campfire_rested":2,"item_purchase_floors":[],"current_hp_per_floor":[63,63,63,63,63,63,41,26,26,8,3,24,14,14,35,0],"gold":263,"neow_bonus":"RANDOM_COMMON_RELIC","is_prod":false,"is_daily":false,"chose_seed":false,"campfire_upgraded":1,"win_rate":0,"timestamp":1563644085,"path_taken":["M","?","M","M","?","R","E","M","T","E","M","R","E","M","R","BOSS"],"build_version":"2019-07-17","purchased_purges":0,"victory":false,"max_hp_per_floor":[70,70,70,70,70,70,70,70,70,70,70,70,70,70,70,70],"card_choices":[{"not_picked":["Expertise","Blade Dance"],"picked":"Caltrops","floor":1},{"not_picked":["Sucker Punch","Accuracy"],"picked":"Infinite Blades","floor":3},{"not_picked":["Deflect","Underhanded Strike"],"picked":"Poisoned Stab","floor":4},{"not_picked":["Prepared","Envenom"],"picked":"Quick Slash","floor":7},{"not_picked":["Flying Knee","PiercingWail"],"picked":"Cloak And Dagger","floor":8},{"not_picked":["Flying Knee","Deflect"],"picked":"Corpse Explosion","floor":10},{"not_picked":["Flying Knee","Tactician"],"picked":"Dodge and Roll","floor":11},{"not_picked":["Accuracy","Deflect"],"picked":"Sucker Punch","floor":13},{"not_picked":["Quick Slash","Skewer"],"picked":"Backflip","floor":14}],"player_experience":229940,"relics_obtained":[{"floor":7,"key":"Calipers"},{"floor":9,"key":"Tingsha"},{"floor":10,"key":"FossilizedHelix"},{"floor":13,"key":"Omamori"}],"event_choices":[{"damage_healed":0,"gold_gain":0,"player_choice":"Bought 1 Potion","damage_taken":0,"max_hp_gain":0,"max_hp_loss":0,"event_name":"The Woman in Blue","floor":2,"gold_loss":0}],"is_beta":false,"boss_relics":[],"items_purged_floors":[],"is_endless":false,"potions_floor_spawned":[1,7,11],"killed_by":"Slime Boss","ascension_level":6}