{"gold_per_floor":[19,19,30,40,50,50,81,81,81,181,198,216,216],"floor_reached":13,"playtime":627,"items_purged":[],"score":96,"play_id":"df8c04a5-8a6b-43ba-8621-30512f1d7b5f","local_time":"20190629221807","is_ascension_mode":true,"campfire_choices":[{"data":"Capacitor","floor":6,"key":"SMITH"},{"floor":8,"key":"REST"}],"neow_cost":"NO_GOLD","seed_source_timestamp":555425350811075,"circlet_count":0,"master_deck":["Strike_B","Strike_B","Strike_B","Strike_B","Defend_B","Defend_B","Defend_B","Defend_B","Zap","Dualcast","Capacitor+1","Leap","Compile Driver","Sweeping Beam","Ball Lightning","Ball Lightning"],"relics":["Cracked Core","Ice Cream","Juzu Bracelet","Centennial Puzzle"],"potions_floor_usage":[],"damage_taken":[{"damage":0,"enemies":"Small Slimes","floor":1,"turns":3},{"damage":1,"enemies":"Cultist","floor":3,"turns":3},{"damage":6,"enemies":"2 Louse","floor":4,"turns":2},{"damage":9,"enemies":"Large Slime","floor":5,"turns":7},{"damage":30,"enemies":"Gremlin Nob","floor":7,"turns":4},{"damage":3,"enemies":"Blue Slaver","floor":11,"turns":3},{"damage":4,"enemies":"Red Slaver","floor":12,"turns":3}],"seed_played":"4796883744528584154","potions_obtained":[{"floor":1,"key":"Block Potion"},{"floor":4,"key":"Strength Potion"},{"floor":5,"key":"LiquidBronze"}],"is_trial":false,"path_per_floor":["M","$","M","M","M","R","E","R","T","?","M","M","$"],"character_chosen":"DEFECT","items_purchased":[],"campfire_rested":1,"item_purchase_floors":[],"current_hp_per_floor":[75,75,74,68,59,59,29,51,51,51,48,44,44],"gold":216,"neow_bonus":"ONE_RARE_RELIC","is_prod":false,"is_daily":false,"chose_seed":false,"campfire_upgraded":1,"win_rate":0,"timestamp":1561817887,"path_taken":["M","$","M","M","M","R","E","R","T","?","M","M","?"],"build_version":"2019-01-23","purchased_purges":0,"victory":false,"max_hp_per_floor":[75,75,75,75,75,75,75,75,75,75,75,75,75],"card_choices":[{"not_picked":["Reinforced Body","Fusion"],"picked":"Capacitor","floor":1},{"not_picked":["Hologram","Stack"],"picked":"Leap","floor":3},{"not_picked":["Beam Cell","Conserve Battery"],"picked":"Compile Driver","floor":4},{"not_picked":["Scrape","Leap"],"picked":"Sweeping Beam","floor":5},{"not_picked":["Sweeping Beam","Sunder"],"picked":"Ball Lightning","floor":7},{"not_picked":["Consume","Sweeping Beam"],"picked":"Ball Lightning","floor":11},{"not_picked":["Gash","Hologram","Streamline"],"picked":"SKIP","floor":12}],"player_experience":80874,"relics_obtained":[{"floor":7,"key":"Juzu Bracelet"},{"floor":9,"key":"Centennial Puzzle"}],"event_choices":[{"damage_healed":0,"gold_gain":100,"player_choice":"Pray","damage_taken":0,"max_hp_gain":0,"max_hp_loss":0,"event_name":"Golden Shrine","floor":10,"gold_loss":0}],"is_beta":false,"boss_relics":[],"items_purged_floors":[],"is_endless":false,"potions_floor_spawned":[1,4,5],"ascension_level":2}