{"gold_per_floor":[11,31,31,31,41,41,66,66,66,66],"floor_reached":10,"playtime":459,"items_purged":[],"score":116,"play_id":"f8fa5d2c-f561-4a46-858a-2594c339cc4b","local_time":"20181217161217","is_ascension_mode":true,"campfire_choices":[{"data":"Neutralize","floor":6,"key":"SMITH"}],"neow_cost":"NO_GOLD","seed_source_timestamp":150118292604121,"circlet_count":0,"master_deck":["AscendersBane","Defend_G","Defend_G","Defend_G","Defend_G","Defend_G","Strike_G","Strike_G","Strike_G","Strike_G","Strike_G","Survivor","Neutralize+1","Quick Slash","Crippling Poison","Malaise","Footwork"],"relics":["Ring of the Snake","Gambling Chip","Lantern","Question Card"],"potions_floor_usage":[10],"damage_taken":[{"damage":1,"enemies":"Cultist","floor":1,"turns":5},{"damage":0,"enemies":"2 Louse","floor":2,"turns":3},{"damage":0,"enemies":"Small Slimes","floor":5,"turns":3},{"damage":32,"enemies":"3 Sentries","floor":7,"turns":16},{"damage":37,"enemies":"Gremlin Nob","floor":10,"turns":4}],"seed_played":"-8392857537116916856","potions_obtained":[{"floor":1,"key":"LiquidBronze"},{"floor":2,"key":"Regen Potion"}],"is_trial":false,"path_per_floor":["M","M","$","?","M","R","E","$","T","?"],"character_chosen":"THE_SILENT","items_purchased":[],"campfire_rested":0,"item_purchase_floors":[],"current_hp_per_floor":[58,58,58,58,58,58,26,26,26,0],"gold":66,"neow_bonus":"ONE_RARE_RELIC","is_prod":false,"is_daily":false,"chose_seed":false,"campfire_upgraded":1,"win_rate":0,"timestamp":1545023537,"path_taken":["M","M","$","?","M","R","E","?","T","?"],"build_version":"2018-12-13","purchased_purges":0,"victory":false,"max_hp_per_floor":[66,66,66,66,66,66,66,66,66,66],"card_choices":[{"not_picked":["Eviscerate","Poisoned Stab"],"picked":"Quick Slash","floor":1},{"not_picked":["Quick Slash","Crippling Poison","Infinite Blades"],"picked":"SKIP","floor":2},{"not_picked":["Quick Slash","Infinite Blades"],"picked":"Crippling Poison","floor":2},{"not_picked":["PiercingWail","Deflect","Underhanded Strike"],"picked":"SKIP","floor":5},{"not_picked":["Unload","Poisoned Stab"],"picked":"Footwork","floor":7}],"player_experience":487056,"relics_obtained":[{"floor":7,"key":"Lantern"},{"floor":9,"key":"Question Card"}],"event_choices":[{"damage_healed":0,"gold_gain":0,"player_choice":"1 cards matched","damage_taken":0,"max_hp_gain":0,"max_hp_loss":0,"event_name":"Match and Keep!","floor":4,"gold_loss":0,"cards_obtained":["Malaise"]},{"damage_healed":0,"gold_gain":0,"player_choice":"Searched \u00271\u0027 times","damage_taken":0,"max_hp_gain":0,"max_hp_loss":0,"event_name":"Dead Adventurer","floor":10,"gold_loss":0}],"is_beta":true,"boss_relics":[],"items_purged_floors":[],"is_endless":false,"potions_floor_spawned":[1,2],"killed_by":"Gremlin Nob","ascension_level":15}