{"gold_per_floor":[113,113,113,38,53,87,87,113,113,125,125,141,153,153,153,248,248],"floor_reached":17,"playtime":1144,"items_purged":["Strike_B"],"score":173,"play_id":"fd03b9d7-4f5a-4180-96d2-db76cd91f4b0","local_time":"20190629193031","is_ascension_mode":true,"campfire_choices":[{"floor":7,"key":"RECALL"},{"floor":11,"key":"REST"},{"data":"Static Discharge","floor":15,"key":"SMITH"}],"neow_cost":"NONE","seed_source_timestamp":544852361529710,"circlet_count":0,"master_deck":["Zap","Dualcast","Dramatic Entrance","Barrage","Electrodynamics","Rebound","Cold Snap","Core Surge","Static Discharge+1","Rebound","Biased Cognition"],"relics":["Cracked Core","Ornamental Fan","Meat on the Bone","Anchor","Pandora\u0027s Box"],"potions_floor_usage":[16,16],"damage_taken":[{"damage":0,"enemies":"2 Louse","floor":1,"turns":2},{"damage":2,"enemies":"Small Slimes","floor":5,"turns":3},{"damage":17,"enemies":"3 Sentries","floor":6,"turns":3},{"damage":18,"enemies":"Lagavulin","floor":8,"turns":5},{"damage":0,"enemies":"Cultist","floor":10,"turns":3},{"damage":4,"enemies":"Exordium Thugs","floor":12,"turns":3},{"damage":2,"enemies":"Exordium Wildlife","floor":13,"turns":2},{"damage":22,"enemies":"Hexaghost","floor":16,"turns":6}],"seed_played":"-274553775792805136","potions_obtained":[{"floor":5,"key":"GamblersBrew"},{"floor":12,"key":"Block Potion"},{"floor":13,"key":"SpeedPotion"}],"is_trial":false,"path_per_floor":["M","?","?","$","M","E","R","E","T","M","R","M","M","?","R","B",null],"character_chosen":"DEFECT","items_purchased":[],"campfire_rested":1,"item_purchase_floors":[],"current_hp_per_floor":[75,75,80,80,78,61,61,43,43,43,67,63,61,61,61,51,51],"gold":248,"neow_bonus":"RANDOM_COLORLESS","is_prod":false,"is_daily":false,"chose_seed":false,"campfire_upgraded":1,"win_rate":0,"timestamp":1561807831,"path_taken":["M","?","?","$","M","E","R","E","T","M","R","M","M","?","R","BOSS"],"build_version":"2019-01-23","purchased_purges":1,"victory":false,"max_hp_per_floor":[75,75,80,80,80,80,80,80,80,80,80,80,80,80,80,80,80],"card_choices":[{"not_picked":["Stack","Sweeping Beam"],"picked":"Barrage","floor":1},{"not_picked":["Blizzard","Gash"],"picked":"Rebound","floor":5},{"not_picked":["Sweeping Beam","Chaos"],"picked":"Cold Snap","floor":6},{"not_picked":["Steam Power","Coolheaded"],"picked":"Core Surge","floor":8},{"not_picked":["Hello World","Capacitor"],"picked":"Static Discharge","floor":10},{"not_picked":["Gash","Conserve Battery"],"picked":"Rebound","floor":12},{"not_picked":["Rebound","Redo","Aggregate"],"picked":"SKIP","floor":13},{"not_picked":["Machine Learning","Hyperbeam"],"picked":"Biased Cognition","floor":16}],"player_experience":71187,"relics_obtained":[{"floor":6,"key":"Ornamental Fan"},{"floor":8,"key":"Meat on the Bone"},{"floor":9,"key":"Anchor"}],"event_choices":[{"damage_healed":0,"gold_gain":0,"cards_transformed":["Defend_B"],"player_choice":"Change","damage_taken":0,"max_hp_gain":0,"max_hp_loss":0,"event_name":"Living Wall","floor":2,"gold_loss":0,"cards_obtained":["Electrodynamics"]},{"damage_healed":0,"gold_gain":0,"player_choice":"Donut","damage_taken":0,"max_hp_gain":5,"max_hp_loss":0,"event_name":"Big Fish","floor":3,"gold_loss":0},{"damage_healed":0,"gold_gain":0,"player_choice":"Ignored","damage_taken":0,"max_hp_gain":0,"max_hp_loss":0,"event_name":"Liars Game","floor":14,"gold_loss":0}],"is_beta":false,"boss_relics":[{"not_picked":["Busted Crown","Philosopher\u0027s Stone"],"picked":"Pandora\u0027s Box"}],"items_purged_floors":[4],"is_endless":false,"potions_floor_spawned":[5,12,13],"ascension_level":1}