{"gold_per_floor":[115,135,155,155,172,172,199,199,224,242,242,242,259,272,272,371,371,391,268,249,267,88,88,103,118,118,118,118,133,133,58,58,58],"floor_reached":33,"playtime":1262,"items_purged":["Strike_G","Prepared"],"score":427,"play_id":"b1fdf5b0-2d29-49ae-921f-35f0a3dc7e3a","local_time":"20181211212255","is_ascension_mode":true,"campfire_choices":[{"data":"Neutralize","floor":6,"key":"SMITH"},{"data":"Leg Sweep","floor":8,"key":"SMITH"},{"data":"Cloak And Dagger","floor":11,"key":"SMITH"},{"floor":15,"key":"REST"},{"data":"Footwork","floor":23,"key":"SMITH"},{"data":"Noxious Fumes","floor":28,"key":"SMITH"},{"data":"Cloak And Dagger","floor":32,"key":"SMITH"}],"neow_cost":"NONE","seed_source_timestamp":310096065911395,"circlet_count":0,"master_deck":["AscendersBane","Defend_G","Defend_G","Defend_G","Strike_G","Strike_G","Survivor","Neutralize+1","Noxious Fumes+1","Leg Sweep+1","Bane","Glass Knife","Cloak And Dagger+1","Poisoned Stab","Backstab","After Image","Cloak And Dagger+1","Backflip","PiercingWail","Footwork+1","Quick Slash","Noxious Fumes+1","Backflip"],"relics":["Philosopher\u0027s Stone","Juzu Bracelet","Strawberry","Coffee Dripper","Mango"],"potions_floor_usage":[18,24],"damage_taken":[{"damage":7,"enemies":"Jaw Worm","floor":1,"turns":4},{"damage":0,"enemies":"Cultist","floor":2,"turns":5},{"damage":10,"enemies":"Small Slimes","floor":3,"turns":5},{"damage":2,"enemies":"Blue Slaver","floor":5,"turns":5},{"damage":10,"enemies":"3 Sentries","floor":7,"turns":7},{"damage":6,"enemies":"Looter","floor":10,"turns":3},{"damage":9,"enemies":"3 Louse","floor":13,"turns":2},{"damage":12,"enemies":"Exordium Thugs","floor":14,"turns":4},{"damage":20,"enemies":"The Guardian","floor":16,"turns":12},{"damage":7,"enemies":"3 Byrds","floor":18,"turns":5},{"damage":14,"enemies":"2 Thieves","floor":20,"turns":4},{"damage":15,"enemies":"Snake Plant","floor":21,"turns":5},{"damage":14,"enemies":"3 Cultists","floor":24,"turns":8},{"damage":4,"enemies":"Shelled Parasite and Fungi","floor":25,"turns":7},{"damage":6,"enemies":"Snake Plant","floor":29,"turns":4},{"damage":20,"enemies":"Collector","floor":33,"turns":3}],"seed_played":"-4721551550193942060","potions_obtained":[{"floor":1,"key":"Explosive Potion"},{"floor":3,"key":"Block Potion"},{"floor":18,"key":"Swift Potion"},{"floor":24,"key":"Fire Potion"}],"is_trial":false,"path_per_floor":["M","M","M","?","M","R","E","R","T","M","R","?","M","M","R","B",null,"M","$","M","M","$","R","M","M","T","?","R","M","?","?","R","B"],"character_chosen":"THE_SILENT","items_purchased":["Backflip","Footwork"],"campfire_rested":1,"item_purchase_floors":[19,22],"current_hp_per_floor":[56,56,46,46,44,44,34,34,41,35,35,35,26,14,37,17,62,55,55,41,26,26,26,12,8,22,22,22,16,16,16,16,0],"gold":58,"neow_bonus":"BOSS_RELIC","is_prod":false,"is_daily":false,"chose_seed":false,"campfire_upgraded":6,"win_rate":0,"timestamp":1544523775,"path_taken":["M","M","M","?","?","R","E","R","T","M","R","?","M","M","R","BOSS","M","$","M","M","$","R","M","M","T","?","R","M","?","?","R","BOSS"],"build_version":"2018-12-10","purchased_purges":2,"victory":false,"max_hp_per_floor":[70,70,70,70,70,70,70,70,77,77,77,77,77,77,77,77,77,77,77,77,77,77,77,77,77,91,91,91,91,91,91,91,91],"card_choices":[{"not_picked":["Predator","Deadly Poison"],"picked":"Noxious Fumes","floor":1},{"not_picked":["Tactician","Deflect"],"picked":"Leg Sweep","floor":2},{"not_picked":["Acrobatics","Bouncing Flask"],"picked":"Bane","floor":3},{"not_picked":["Acrobatics","Eviscerate"],"picked":"Glass Knife","floor":5},{"not_picked":["Dagger Throw","Flying Knee","Eviscerate"],"picked":"SKIP","floor":7},{"not_picked":["Bane","Backflip"],"picked":"Cloak And Dagger","floor":10},{"not_picked":["Predator","Eviscerate"],"picked":"Poisoned Stab","floor":13},{"not_picked":["Prepared","Flechettes"],"picked":"Backstab","floor":14},{"not_picked":["Envenom","Adrenaline"],"picked":"After Image","floor":16},{"not_picked":["Choke","Dagger Spray"],"picked":"Cloak And Dagger","floor":18},{"not_picked":["Deflect","Underhanded Strike+1","Prepared"],"picked":"SKIP","floor":20},{"not_picked":["Underhanded Strike","Blade Dance"],"picked":"PiercingWail","floor":21},{"not_picked":["Blade Dance","Distraction"],"picked":"Quick Slash","floor":24},{"not_picked":["Skewer","Calculated Gamble"],"picked":"Noxious Fumes","floor":25},{"not_picked":["Underhanded Strike","Cloak And Dagger"],"picked":"Backflip","floor":29}],"player_experience":456000,"relics_obtained":[{"floor":7,"key":"Juzu Bracelet"},{"floor":9,"key":"Strawberry"},{"floor":26,"key":"Mango"}],"event_choices":[{"damage_healed":0,"gold_gain":0,"player_choice":"Forge","damage_taken":0,"max_hp_gain":0,"max_hp_loss":0,"event_name":"Accursed Blacksmith","floor":4,"gold_loss":0,"cards_upgraded":["Noxious Fumes"]},{"damage_healed":0,"gold_gain":0,"cards_transformed":["Strike_G"],"player_choice":"Transformed","damage_taken":0,"max_hp_gain":0,"max_hp_loss":0,"event_name":"Transmorgrifier","floor":12,"gold_loss":0,"cards_obtained":["Prepared"]},{"cards_removed":["Defend_G"],"damage_healed":0,"gold_gain":0,"player_choice":"Card Removal","damage_taken":0,"max_hp_gain":0,"max_hp_loss":0,"event_name":"Wheel of Change","floor":27,"gold_loss":0},{"cards_removed":["Defend_G"],"damage_healed":0,"gold_gain":0,"player_choice":"Elegance","damage_taken":0,"max_hp_gain":0,"max_hp_loss":0,"event_name":"Back to Basics","floor":30,"gold_loss":0},{"cards_removed":["Strike_G"],"damage_healed":0,"gold_gain":0,"player_choice":"Gave Gold","damage_taken":0,"max_hp_gain":0,"max_hp_loss":0,"event_name":"Beggar","floor":31,"gold_loss":75}],"is_beta":true,"boss_relics":[{"not_picked":["Pandora\u0027s Box","Snecko Eye"],"picked":"Coffee Dripper"}],"items_purged_floors":[19,22],"is_endless":false,"potions_floor_spawned":[1,3,7,18,24,25],"killed_by":"Collector","ascension_level":12}