{"gold_per_floor":[19,294,25,42,57,57,57,57,80,115,130,152,181,181],"floor_reached":14,"playtime":653,"items_purged":["Regret"],"score":98,"play_id":"11a0aa78-15e1-4a6a-af34-ade992a1002e","local_time":"20181102201835","is_ascension_mode":false,"campfire_choices":[{"data":"Uppercut","floor":6.0,"key":"SMITH"},{"data":"Magnetism","floor":8.0,"key":"SMITH"}],"neow_cost":"NO_GOLD","seed_source_timestamp":518036872259694,"circlet_count":0,"master_deck":["Strike_R","Strike_R","Strike_R","Strike_R+1","Strike_R+1","Defend_R","Defend_R","Defend_R","Defend_R","Bash","Magnetism+1","Forethought","Uppercut+1","Feel No Pain","Backflip","Purity","Uppercut"],"special_seed":0,"relics":["Burning Blood","PrismaticShard","Potion Belt","Omamori","Odd Mushroom","Juzu Bracelet"],"potions_floor_usage":[14],"damage_taken":[{"damage":7.0,"enemies":"Cultist","floor":1.0,"turns":5.0},{"damage":6.0,"enemies":"Jaw Worm","floor":4.0,"turns":4.0},{"damage":1.0,"enemies":"2 Louse","floor":5.0,"turns":2.0},{"damage":16.0,"enemies":"Lagavulin","floor":10.0,"turns":6.0},{"damage":21.0,"enemies":"Exordium Thugs","floor":11.0,"turns":5.0},{"damage":17.0,"enemies":"The Mushroom Lair","floor":12.0,"turns":6.0},{"damage":23.0,"enemies":"Gremlin Nob","floor":13.0,"turns":5.0},{"damage":13,"enemies":"Lots of Slimes","floor":14,"turns":3}],"seed_played":"3709504990016953716","potions_obtained":[{"floor":10.0,"key":"Swift Potion"},{"floor":11.0,"key":"PowerPotion"}],"is_trial":false,"path_per_floor":["M","?","$","M","M","R","?","R","T","E","M","?","E","M"],"character_chosen":"IRONCLAD","items_purchased":["PrismaticShard"],"campfire_rested":0,"item_purchase_floors":[3],"current_hp_per_floor":[79,79,79,79,80,80,64,64,64,54,39,28,11,0],"gold":181,"neow_bonus":"RANDOM_COLORLESS_2","is_prod":false,"is_daily":false,"chose_seed":false,"campfire_upgraded":2,"win_rate":0,"timestamp":1541150315,"path_taken":["M","?","$","M","?","R","?","R","T","E","M","?","E","M"],"build_version":"2018-11-01v2","purchased_purges":1,"victory":false,"max_hp_per_floor":[80,80,80,80,80,80,80,80,80,80,80,80,80,80],"card_choices":[{"not_picked":["Shockwave","Cleave"],"picked":"Uppercut","floor":1.0},{"not_picked":["Dodge and Roll","Reckless Charge"],"picked":"Feel No Pain","floor":4.0},{"not_picked":["Coolheaded","Steam Power"],"picked":"Backflip","floor":5.0},{"not_picked":["Anger","Entrench","Dodge and Roll"],"picked":"SKIP","floor":10.0},{"not_picked":["Stack","True Grit"],"picked":"Purity","floor":11.0},{"not_picked":["Dodge and Roll","Cold Snap"],"picked":"Uppercut","floor":12.0},{"not_picked":["Thunderclap","Dropkick","Glacier"],"picked":"SKIP","floor":13.0}],"player_experience":405579,"relics_obtained":[{"floor":9.0,"key":"Potion Belt"},{"floor":10.0,"key":"Omamori"},{"floor":12.0,"key":"Odd Mushroom"},{"floor":13.0,"key":"Juzu Bracelet"}],"event_choices":[{"damage_healed":0.0,"max_hp_gain":0.0,"max_hp_loss":0.0,"gold_gain":275.0,"event_name":"Golden Shrine","player_choice":"Desecrate","floor":2.0,"gold_loss":0.0,"damage_taken":0.0,"cards_obtained":["Regret"]},{"damage_healed":0.0,"max_hp_gain":0.0,"max_hp_loss":0.0,"gold_gain":0.0,"event_name":"Shining Light","player_choice":"Entered Light","floor":7.0,"gold_loss":0.0,"damage_taken":16.0,"cards_upgraded":["Strike_R","Strike_R"]},{"damage_healed":0.0,"max_hp_gain":0.0,"max_hp_loss":0.0,"gold_gain":0.0,"event_name":"Mushrooms","player_choice":"Fought Mushrooms","floor":12.0,"gold_loss":0.0,"damage_taken":0.0}],"is_beta":true,"boss_relics":[],"items_purged_floors":[3],"is_endless":false,"potions_floor_spawned":[10,11],"killed_by":"Lots of Slimes","ascension_level":0}