{"gold_per_floor":[117,117,5,5,18,43,14,33,33,43,69,344,378,397,397,397],"floor_reached":16,"playtime":505,"items_purged":["Defend_R"],"score":290,"play_id":"a925be18-e763-4cd4-a8b4-ca5e004a5034","local_time":"20190707125206","is_ascension_mode":true,"campfire_choices":[{"data":"Rampage","floor":15,"key":"SMITH"}],"neow_cost":"NONE","seed_source_timestamp":2128262755329930,"circlet_count":0,"master_deck":["AscendersBane","Strike_R","Strike_R","Strike_R","Strike_R","Strike_R","Defend_R","Defend_R","Defend_R","Bash","Clash","Metallicize","Pummel","Warcry","Shrug It Off","Cleave","Regret","Rampage+1"],"relics":["Burning Blood","NeowsBlessing","Singing Bowl","Dodecahedron","Self Forming Clay","Happy Flower","Potion Belt"],"potions_floor_usage":[11,13,13,13,16],"damage_taken":[{"damage":0,"enemies":"Cultist","floor":1,"turns":1},{"damage":0,"enemies":"2 Louse","floor":5,"turns":1},{"damage":0,"enemies":"Gremlin Nob","floor":6,"turns":1},{"damage":7,"enemies":"Jaw Worm","floor":8,"turns":3},{"damage":14,"enemies":"Lots of Slimes","floor":10,"turns":6},{"damage":34,"enemies":"Lagavulin","floor":11,"turns":7},{"damage":23,"enemies":"3 Sentries","floor":13,"turns":9},{"damage":13,"enemies":"Looter","floor":14,"turns":4},{"damage":42,"enemies":"Hexaghost","floor":16,"turns":9}],"seed_played":"4798657755474915940","potions_obtained":[{"floor":1,"key":"Explosive Potion"},{"floor":4,"key":"EntropicBrew"},{"floor":4,"key":"BloodPotion"},{"floor":11,"key":"AttackPotion"}],"is_trial":false,"path_per_floor":["M","?","$","?","M","E","$","M","T","M","E","?","E","M","R","B"],"character_chosen":"IRONCLAD","items_purchased":["Metallicize","Warcry"],"campfire_rested":0,"item_purchase_floors":[3,7],"current_hp_per_floor":[74,63,63,63,71,77,77,78,78,70,61,61,46,39,39,0],"gold":397,"neow_bonus":"THREE_ENEMY_KILL","is_prod":false,"is_daily":false,"chose_seed":false,"campfire_upgraded":1,"win_rate":0,"timestamp":1562496726,"path_taken":["M","?","$","?","?","E","?","?","T","M","E","?","E","M","R","BOSS"],"build_version":"2019-07-05","purchased_purges":1,"victory":false,"max_hp_per_floor":[75,75,75,75,77,77,77,79,79,79,79,79,81,81,81,81],"card_choices":[{"not_picked":["Seeing Red","Second Wind"],"picked":"Clash","floor":1},{"not_picked":["Rage","Iron Wave","Thunderclap"],"picked":"Singing Bowl","floor":5},{"not_picked":["Burning Pact","Flex"],"picked":"Pummel","floor":6},{"not_picked":["Anger","Heavy Blade","Dual Wield"],"picked":"Singing Bowl","floor":8},{"not_picked":["Pommel Strike","Combust"],"picked":"Shrug It Off","floor":10},{"not_picked":["Anger","Exhume"],"picked":"Cleave","floor":11},{"not_picked":["Perfected Strike","Thunderclap","Searing Blow"],"picked":"Singing Bowl","floor":13},{"not_picked":["Pummel","Wild Strike"],"picked":"Rampage","floor":14}],"player_experience":611598,"relics_obtained":[{"floor":6,"key":"Dodecahedron"},{"floor":9,"key":"Self Forming Clay"},{"floor":11,"key":"Happy Flower"},{"floor":13,"key":"Potion Belt"}],"event_choices":[{"damage_healed":0,"gold_gain":0,"player_choice":"Success","damage_taken":11,"relics_obtained":["Singing Bowl"],"max_hp_gain":0,"max_hp_loss":0,"event_name":"Scrap Ooze","floor":2,"gold_loss":0},{"damage_healed":0,"gold_gain":0,"player_choice":"Got Potions","damage_taken":0,"max_hp_gain":0,"max_hp_loss":0,"event_name":"Lab","floor":4,"gold_loss":0},{"damage_healed":0,"gold_gain":275,"player_choice":"Desecrate","damage_taken":0,"max_hp_gain":0,"max_hp_loss":0,"event_name":"Golden Shrine","floor":12,"gold_loss":0,"cards_obtained":["Regret"]}],"is_beta":false,"boss_relics":[],"items_purged_floors":[3],"is_endless":false,"potions_floor_spawned":[1,5,6,11],"killed_by":"Hexaghost","ascension_level":20}