{"gold_per_floor":[17,36,36,51,68,68,99,111,111,138,138,148,26,38,38,133,133,133,73,73,73,73,73,73,73,73,73,73,73,73,73,73,73,73,73,73,73,73,73,73,73,73,73,73,73,73,73,73,73,73],"floor_reached":51,"playtime":2703,"items_purged":["Strike_R"],"score":859,"play_id":"bd113291-33fc-493c-b5c6-1a9b09ee5eae","local_time":"20190703143449","is_ascension_mode":true,"campfire_choices":[{"data":"Rampage","floor":6,"key":"SMITH"},{"data":"Metallicize","floor":11,"key":"SMITH"},{"data":"Juggernaut","floor":15,"key":"SMITH"},{"data":"Body Slam","floor":23,"key":"SMITH"},{"data":"Pommel Strike","floor":25,"key":"SMITH"},{"data":"Armaments","floor":27,"key":"SMITH"},{"data":"Armaments","floor":32,"key":"SMITH"},{"data":"Barricade","floor":40,"key":"SMITH"},{"data":"Secret Technique","floor":42,"key":"SMITH"},{"data":"Uppercut","floor":49,"key":"SMITH"}],"neow_cost":"NO_GOLD","seed_source_timestamp":427862466494490,"circlet_count":0,"master_deck":["Strike_R","Defend_R","Defend_R","Defend_R","Defend_R+1","Bash","Secret Technique+1","Metamorphosis+1","Rampage+1","Ghostly Armor","Cleave","Pommel Strike+1","Metallicize+1","Headbutt","Battle Trance","Armaments+1","Juggernaut+1","Barricade+1","Body Slam+1","Shrug It Off+1","True Grit+1","Armaments+1","Reaper","Immolate","Battle Trance","Shrug It Off","Shrug It Off+1","Juggernaut+1","Uppercut+1","Warcry+1"],"relics":["Burning Blood","Bird Faced Urn","PreservedInsect","War Paint","Ectoplasm","Boot","Mark of Pain","Ornamental Fan","Ancient Tea Set"],"potions_floor_usage":[10,20,39,45,47,50,50,50],"damage_taken":[{"damage":0,"enemies":"Cultist","floor":1,"turns":3},{"damage":7,"enemies":"2 Louse","floor":2,"turns":3},{"damage":4,"enemies":"Jaw Worm","floor":4,"turns":3},{"damage":0,"enemies":"2 Fungi Beasts","floor":5,"turns":3},{"damage":0,"enemies":"Gremlin Nob","floor":7,"turns":3},{"damage":17,"enemies":"3 Louse","floor":8,"turns":2},{"damage":10,"enemies":"3 Sentries","floor":10,"turns":3},{"damage":4,"enemies":"Large Slime","floor":12,"turns":6},{"damage":0,"enemies":"Red Slaver","floor":14,"turns":4},{"damage":28,"enemies":"The Guardian","floor":16,"turns":9},{"damage":24,"enemies":"Shell Parasite","floor":18,"turns":5},{"damage":23,"enemies":"2 Thieves","floor":19,"turns":5},{"damage":14,"enemies":"3 Cultists","floor":20,"turns":4},{"damage":9,"enemies":"Centurion and Healer","floor":24,"turns":6},{"damage":3,"enemies":"Shelled Parasite and Fungi","floor":28,"turns":4},{"damage":0,"enemies":"Snecko","floor":29,"turns":5},{"damage":30,"enemies":"Automaton","floor":33,"turns":9},{"damage":11,"enemies":"3 Darklings","floor":35,"turns":6},{"damage":5,"enemies":"Orb Walker","floor":36,"turns":3},{"damage":19,"enemies":"Sphere and 2 Shapes","floor":37,"turns":5},{"damage":10,"enemies":"Writhing Mass","floor":39,"turns":5},{"damage":49,"enemies":"Reptomancer","floor":41,"turns":5},{"damage":26,"enemies":"Transient","floor":45,"turns":5},{"damage":0,"enemies":"Maw","floor":46,"turns":6},{"damage":33,"enemies":"Writhing Mass","floor":48,"turns":5},{"damage":42,"enemies":"Awakened One","floor":50,"turns":10}],"seed_played":"-4374328496600951979","potions_obtained":[{"floor":1,"key":"BloodPotion"},{"floor":4,"key":"Explosive Potion"},{"floor":8,"key":"Weak Potion"},{"floor":12,"key":"Dexterity Potion"},{"floor":20,"key":"Poison Potion"},{"floor":36,"key":"GamblersBrew"},{"floor":39,"key":"FairyPotion"},{"floor":41,"key":"BloodPotion"},{"floor":46,"key":"Dexterity Potion"},{"floor":47,"key":"Fruit Juice"},{"floor":47,"key":"BloodPotion"}],"is_trial":false,"path_per_floor":["M","M","?","M","M","R","E","M","T","E","R","M","$","M","R","B",null,"M","M","M","?","?","R","M","R","T","R","M","M","?","?","R","B",null,"M","M","M","?","M","R","E","R","T","$","M","M","?","M","R","B",null],"character_chosen":"IRONCLAD","items_purchased":["Armaments"],"campfire_rested":0,"item_purchase_floors":[13],"current_hp_per_floor":[80,79,79,80,80,80,80,69,69,65,65,69,69,77,77,59,80,66,53,69,54,54,54,57,57,57,57,64,76,76,76,76,63,85,84,85,76,76,78,78,48,48,48,48,57,76,81,62,62,71],"gold":73,"neow_bonus":"RANDOM_COLORLESS_2","is_prod":false,"is_daily":false,"chose_seed":false,"campfire_upgraded":10,"win_rate":0,"timestamp":1562128489,"path_taken":["M","?","?","M","M","R","E","M","T","E","R","M","?","M","R","BOSS","M","M","?","?","?","R","M","R","T","R","M","M","?","?","R","BOSS","M","M","M","?","M","R","E","R","T","$","M","?","?","?","R","BOSS"],"build_version":"2019-07-01","purchased_purges":1,"victory":true,"max_hp_per_floor":[80,80,80,80,80,80,80,80,80,80,80,80,80,80,80,80,80,80,80,80,85,85,85,85,85,85,85,85,85,85,85,85,85,85,85,85,85,85,85,85,85,85,85,85,85,85,90,90,90,90],"card_choices":[{"not_picked":["Intimidate","Heavy Blade"],"picked":"Rampage","floor":1},{"not_picked":["Iron Wave","Armaments"],"picked":"Ghostly Armor","floor":2},{"not_picked":["Whirlwind","Warcry"],"picked":"Cleave","floor":4},{"not_picked":["Warcry","Spot Weakness"],"picked":"Pommel Strike","floor":5},{"not_picked":["Heavy Blade","Warcry"],"picked":"Metallicize","floor":7},{"not_picked":["Thunderclap","Pommel Strike"],"picked":"Headbutt","floor":8},{"not_picked":["Clothesline","Clash","Combust"],"picked":"SKIP","floor":10},{"not_picked":["Heavy Blade","Clash"],"picked":"Battle Trance","floor":12},{"not_picked":["Havoc","Uppercut"],"picked":"Juggernaut","floor":14},{"not_picked":["Feed","Brutality"],"picked":"Barricade","floor":16},{"not_picked":["Flex","Headbutt"],"picked":"Body Slam","floor":18},{"not_picked":["Inflame","Rampage","Bloodletting"],"picked":"SKIP","floor":19},{"not_picked":["Twin Strike","Sword Boomerang"],"picked":"Shrug It Off+1","floor":20},{"not_picked":["Shockwave","Cleave+1","Sever Soul"],"picked":"SKIP","floor":24},{"not_picked":["Anger","Sever Soul+1","Clash"],"picked":"SKIP","floor":28},{"not_picked":["Anger","Sever Soul+1","Clash"],"picked":"SKIP","floor":28},{"not_picked":["Shrug It Off","Rage"],"picked":"True Grit+1","floor":29},{"not_picked":["Offering","Fiend Fire"],"picked":"Immolate","floor":33},{"not_picked":["Thunderclap+1","Armaments+1"],"picked":"Battle Trance","floor":35},{"not_picked":["Twin Strike+1","Pommel Strike"],"picked":"Shrug It Off","floor":36},{"not_picked":["Headbutt+1","Thunderclap+1"],"picked":"Shrug It Off+1","floor":37},{"not_picked":["Burning Pact","Twin Strike+1","Flex+1"],"picked":"SKIP","floor":39},{"not_picked":["Dark Embrace","Havoc+1","Cleave"],"picked":"SKIP","floor":41},{"not_picked":["Cleave","Intimidate+1"],"picked":"Uppercut","floor":45},{"not_picked":["Bloodletting","Anger"],"picked":"Warcry+1","floor":46},{"not_picked":["Headbutt+1","Pummel","Armaments+1"],"picked":"SKIP","floor":48}],"player_experience":599455,"relics_obtained":[{"floor":7,"key":"Bird Faced Urn"},{"floor":9,"key":"PreservedInsect"},{"floor":10,"key":"War Paint"},{"floor":26,"key":"Boot"},{"floor":41,"key":"Ornamental Fan"},{"floor":43,"key":"Ancient Tea Set"}],"event_choices":[{"cards_removed":["Strike_R"],"damage_healed":0,"gold_gain":0,"player_choice":"Offered Basic","damage_taken":0,"max_hp_gain":0,"max_hp_loss":0,"event_name":"Bonfire Elementals","floor":3,"gold_loss":0},{"damage_healed":0,"gold_gain":0,"player_choice":"Shed Blood","damage_taken":20,"max_hp_gain":5,"max_hp_loss":0,"event_name":"Forgotten Altar","floor":21,"gold_loss":0},{"damage_healed":0,"gold_gain":0,"player_choice":"Ignored","damage_taken":0,"max_hp_gain":0,"max_hp_loss":0,"event_name":"Vampires","floor":22,"gold_loss":0},{"damage_healed":0,"gold_gain":0,"cards_transformed":["Strike_R","Strike_R"],"player_choice":"Became Test Subject","damage_taken":0,"max_hp_gain":0,"max_hp_loss":0,"event_name":"Drug Dealer","floor":30,"gold_loss":0,"cards_obtained":["Armaments","Reaper"]},{"damage_healed":0,"gold_gain":0,"player_choice":"Ignored","damage_taken":0,"max_hp_gain":0,"max_hp_loss":0,"event_name":"The Mausoleum","floor":31,"gold_loss":0},{"damage_healed":0,"gold_gain":0,"player_choice":"Copied","damage_taken":0,"max_hp_gain":0,"max_hp_loss":0,"event_name":"Duplicator","floor":38,"gold_loss":0,"cards_obtained":["Juggernaut"]},{"damage_healed":0,"gold_gain":0,"player_choice":"Got Potions","damage_taken":0,"max_hp_gain":0,"max_hp_loss":0,"event_name":"Lab","floor":47,"gold_loss":0}],"is_beta":false,"boss_relics":[{"not_picked":["Orrery","Velvet Choker"],"picked":"Ectoplasm"},{"not_picked":["Calling Bell","Runic Dome"],"picked":"Mark of Pain"}],"items_purged_floors":[13],"is_endless":false,"potions_floor_spawned":[1,4,8,12,14,20,33,36,39,41,46],"ascension_level":4}