{"gold_per_floor":[113,127,139,25,1,33,33,46,46,81,132,24,40,54,54,153,153,172,172,172,192,209,236,236,201,256,256,355,98,118,118,118,218,218,237,237,257,257,268,268,288,288,315,210,210,227,227],"floor_reached":47,"playtime":1803,"items_purged":["Strike_G","Strike_G"],"score":728,"play_id":"a4cce694-2d8c-4595-8949-d935644b5cd5","local_time":"20181106205227","is_ascension_mode":true,"campfire_choices":[{"data":"Noxious Fumes","floor":7.0,"key":"SMITH"},{"floor":15.0,"key":"REST"},{"data":"Neutralize","floor":24.0,"key":"SMITH"},{"floor":27.0,"key":"REST"},{"floor":32.0,"key":"REST"},{"floor":40.0,"key":"REST"},{"data":"Catalyst","floor":42,"key":"SMITH"},{"floor":45,"key":"REST"}],"neow_cost":"NONE","seed_source_timestamp":286375016654760,"circlet_count":0,"master_deck":["AscendersBane","Defend_G","Defend_G","Defend_G","Defend_G","Defend_G","Strike_G","Strike_G+1","Strike_G","Survivor","Neutralize+1","Dagger Throw","Sucker Punch+1","Predator","Noxious Fumes+1","Backflip","Blur","Noxious Fumes","Catalyst+1","Backflip","Blur","Footwork"],"special_seed":0,"relics":["Busted Crown","Potion Belt","Centennial Puzzle","Bottled Flame","Vajra","Sozu","Snake Skull","Strawberry","Whetstone","Lizard Tail","Bag of Marbles","Toxic Egg 2"],"potions_floor_usage":[],"damage_taken":[{"damage":4.0,"enemies":"Small Slimes","floor":1.0,"turns":5.0},{"damage":7.0,"enemies":"Jaw Worm","floor":2.0,"turns":5.0},{"damage":7.0,"enemies":"2 Louse","floor":3.0,"turns":2.0},{"damage":22.0,"enemies":"3 Sentries","floor":6.0,"turns":9.0},{"damage":5.0,"enemies":"Red Slaver","floor":8.0,"turns":3.0},{"damage":14.0,"enemies":"Lagavulin","floor":10.0,"turns":8.0},{"damage":0.0,"enemies":"Large Slime","floor":13.0,"turns":5.0},{"damage":3.0,"enemies":"Exordium Wildlife","floor":14.0,"turns":4.0},{"damage":32.0,"enemies":"The Guardian","floor":16.0,"turns":10.0},{"damage":6.0,"enemies":"Shell Parasite","floor":18.0,"turns":6.0},{"damage":12.0,"enemies":"2 Thieves","floor":21.0,"turns":4.0},{"damage":13.0,"enemies":"3 Cultists","floor":22.0,"turns":6.0},{"damage":22.0,"enemies":"Gremlin Leader","floor":23.0,"turns":8.0},{"damage":9.0,"enemies":"Centurion and Healer","floor":30.0,"turns":5.0},{"damage":13.0,"enemies":"Collector","floor":33.0,"turns":10.0},{"damage":5.0,"enemies":"3 Shapes","floor":35.0,"turns":5.0},{"damage":4.0,"enemies":"3 Darklings","floor":37.0,"turns":5.0},{"damage":55.0,"enemies":"Transient","floor":39.0,"turns":5.0},{"damage":9,"enemies":"Maw","floor":41,"turns":10},{"damage":42,"enemies":"3 Darklings","floor":46,"turns":5},{"damage":41,"enemies":"Writhing Mass","floor":47,"turns":3}],"seed_played":"-1740026575636680907","potions_obtained":[{"floor":1.0,"key":"EssenceOfSteel"},{"floor":3.0,"key":"Regen Potion"},{"floor":13.0,"key":"GhostInAJar"},{"floor":14.0,"key":"Explosive Potion"}],"is_trial":false,"path_per_floor":["M","M","M","$","?","E","R","M","T","E","T","$","M","M","R","B",null,"M","?","?","M","M","E","R","$","T","R","?","$","M","?","R","B",null,"M","?","M","?","M","R","M","R","T","?","R","M","M"],"character_chosen":"THE_SILENT","items_purchased":["Predator","Noxious Fumes","Noxious Fumes","Footwork","Whetstone"],"campfire_rested":5,"item_purchase_floors":[4,4,12,25,29],"current_hp_per_floor":[59,52,45,45,45,38,38,33,33,19,19,19,19,16,37,5,54,48,48,48,36,23,1,1,1,8,31,31,31,22,8,32,19,66,61,61,57,57,2,26,17,17,17,17,41,41,0],"gold":227,"neow_bonus":"BOSS_RELIC","is_prod":false,"is_daily":false,"chose_seed":false,"campfire_upgraded":3,"win_rate":0,"timestamp":1541497947,"path_taken":["M","M","M","$","?","E","R","M","T","E","?","?","M","?","R","BOSS","M","?","?","?","M","E","R","$","T","R","?","?","M","?","R","BOSS","M","?","M","?","M","R","M","R","T","?","R","?","M"],"build_version":"2018-11-05","purchased_purges":2,"victory":false,"max_hp_per_floor":[70,70,70,70,70,70,70,70,70,70,70,70,70,70,70,70,70,70,70,70,70,70,70,70,70,77,77,77,77,77,82,82,82,82,82,82,82,82,82,82,82,82,82,82,82,82,82],"card_choices":[{"not_picked":["Flechettes"],"picked":"SKIP","floor":1.0},{"not_picked":[],"picked":"Dagger Throw","floor":2.0},{"not_picked":[],"picked":"Sucker Punch","floor":3.0},{"not_picked":[],"picked":"Backflip","floor":6.0},{"not_picked":[],"picked":"Blur","floor":8.0},{"not_picked":["Prepared"],"picked":"SKIP","floor":10.0},{"not_picked":["Dagger Throw"],"picked":"SKIP","floor":13.0},{"not_picked":["Acrobatics"],"picked":"SKIP","floor":14.0},{"not_picked":["Deflect"],"picked":"SKIP","floor":18.0},{"not_picked":[],"picked":"Backflip","floor":21.0},{"not_picked":["Underhanded Strike"],"picked":"SKIP","floor":22.0},{"not_picked":[],"picked":"Blur","floor":23.0},{"not_picked":["Dash"],"picked":"SKIP","floor":30.0},{"not_picked":["PiercingWail+1"],"picked":"SKIP","floor":35.0},{"not_picked":["Poisoned Stab"],"picked":"SKIP","floor":37.0},{"not_picked":["Reflex"],"picked":"SKIP","floor":39.0},{"not_picked":["Expertise"],"picked":"SKIP","floor":41},{"not_picked":["Setup+1"],"picked":"SKIP","floor":46}],"player_experience":437152,"relics_obtained":[{"floor":6.0,"key":"Potion Belt"},{"floor":9.0,"key":"Centennial Puzzle"},{"floor":10.0,"key":"Bottled Flame"},{"floor":11.0,"key":"Vajra"},{"floor":23.0,"key":"Snake Skull"},{"floor":26.0,"key":"Strawberry"},{"floor":43,"key":"Bag of Marbles"}],"event_choices":[{"damage_healed":0.0,"max_hp_gain":0.0,"max_hp_loss":0.0,"gold_gain":0.0,"event_name":"World of Goop","player_choice":"Left Gold","floor":5.0,"gold_loss":24.0,"damage_taken":0.0},{"damage_healed":0.0,"max_hp_gain":0.0,"max_hp_loss":0.0,"gold_gain":0.0,"event_name":"The Library","player_choice":"Read","floor":19.0,"gold_loss":0.0,"damage_taken":0.0,"cards_obtained":["Catalyst"]},{"damage_healed":0.0,"max_hp_gain":0.0,"max_hp_loss":0.0,"gold_gain":0.0,"event_name":"The Woman in Blue","player_choice":"Bought 0 Potions","floor":20.0,"gold_loss":0.0,"damage_taken":0.0},{"damage_healed":0.0,"max_hp_gain":0.0,"max_hp_loss":0.0,"gold_gain":99.0,"event_name":"Nest","player_choice":"Stole From Cult","floor":28.0,"gold_loss":0.0,"damage_taken":0.0},{"damage_healed":0.0,"max_hp_gain":5.0,"max_hp_loss":0.0,"gold_gain":0.0,"event_name":"Forgotten Altar","player_choice":"Shed Blood","floor":31.0,"gold_loss":0.0,"damage_taken":19.0},{"damage_healed":0.0,"max_hp_gain":0.0,"max_hp_loss":0.0,"gold_gain":0.0,"event_name":"SensoryStone","player_choice":"Memory 1","floor":36.0,"gold_loss":0.0,"damage_taken":0.0},{"damage_healed":0.0,"max_hp_gain":0.0,"max_hp_loss":0.0,"gold_gain":0.0,"event_name":"Mysterious Sphere","player_choice":"Ignored","floor":38.0,"gold_loss":0.0,"damage_taken":0.0},{"damage_healed":0,"gold_gain":0,"player_choice":"Paid Gold","damage_taken":0,"relics_obtained":["Toxic Egg 2"],"max_hp_gain":0,"max_hp_loss":0,"event_name":"WeMeetAgain","floor":44,"gold_loss":105}],"is_beta":true,"boss_relics":[{"not_picked":["Calling Bell","Tiny House"],"picked":"Sozu"},{"not_picked":["Runic Dome","Coffee Dripper"],"picked":"Lizard Tail"}],"items_purged_floors":[12,29],"is_endless":false,"potions_floor_spawned":[1,3,13,14,21,22,23,30,37,46],"killed_by":"Writhing Mass","ascension_level":12}