{"gold_per_floor":[118,79,91,11,30,30,50,63,88,88,107,117,117,137,137,137],"floor_reached":16,"playtime":1075,"items_purged":[],"score":96,"play_id":"e6ac4ebb-0933-4115-8bd0-6588f62712b2","local_time":"20190710175642","is_ascension_mode":false,"campfire_choices":[{"data":"Buffer","floor":6,"key":"SMITH"},{"data":"Genetic Algorithm","floor":13,"key":"SMITH"},{"floor":15,"key":"REST"}],"neow_cost":"NONE","seed_source_timestamp":25905784043230,"circlet_count":0,"master_deck":["Strike_B","Strike_B","Strike_B","Strike_B","Defend_B","Defend_B","Defend_B","Defend_B","Zap","Buffer+1","Leap","Melter","Storm","Heatsinks","Ball Lightning","Streamline","Genetic Algorithm+1","Streamline","Barrage","Compile Driver"],"relics":["Cracked Core","Centennial Puzzle"],"potions_floor_usage":[16],"damage_taken":[{"damage":0,"enemies":"Small Slimes","floor":1,"turns":4},{"damage":0,"enemies":"Cultist","floor":3,"turns":3},{"damage":0,"enemies":"2 Louse","floor":5,"turns":3},{"damage":0,"enemies":"Red Slaver","floor":7,"turns":4},{"damage":7,"enemies":"Lots of Slimes","floor":8,"turns":4},{"damage":2,"enemies":"2 Fungi Beasts","floor":11,"turns":5},{"damage":17,"enemies":"Looter","floor":12,"turns":3},{"damage":23,"enemies":"Exordium Thugs","floor":14,"turns":6},{"damage":48,"enemies":"The Guardian","floor":16,"turns":14}],"seed_played":"6057995031453174177","potions_obtained":[{"floor":5,"key":"Poison Potion"},{"floor":7,"key":"LiquidBronze"},{"floor":8,"key":"Swift Potion"}],"is_trial":false,"path_per_floor":["M","$","M","$","M","R","M","M","T","?","M","M","R","M","R","B"],"character_chosen":"DEFECT","items_purchased":["Melter","Heatsinks"],"campfire_rested":1,"item_purchase_floors":[2,4],"current_hp_per_floor":[75,75,75,75,75,75,75,68,68,68,66,49,49,26,48,0],"gold":137,"neow_bonus":"ONE_RANDOM_RARE_CARD","is_prod":false,"is_daily":false,"chose_seed":false,"campfire_upgraded":2,"win_rate":0.0,"timestamp":1562795802,"path_taken":["M","$","M","$","M","R","M","M","T","?","M","M","R","?","R","BOSS"],"build_version":"2019-07-05","purchased_purges":0,"victory":false,"max_hp_per_floor":[75,75,75,75,75,75,75,75,75,75,75,75,75,75,75,75],"card_choices":[{"not_picked":["Steam","Undo"],"picked":"Leap","floor":1},{"not_picked":["Fusion","Go for the Eyes"],"picked":"Storm","floor":3},{"not_picked":["Steam","Sweeping Beam"],"picked":"Ball Lightning","floor":5},{"not_picked":["Steam","Scrape"],"picked":"Streamline","floor":7},{"not_picked":["Barrage","Rebound"],"picked":"Genetic Algorithm","floor":8},{"not_picked":["Fission","Consume"],"picked":"Streamline","floor":11},{"not_picked":["Doom and Gloom","Streamline"],"picked":"Barrage","floor":12},{"not_picked":["Gash","Steam"],"picked":"Compile Driver","floor":14}],"player_experience":47127,"relics_obtained":[{"floor":9,"key":"Centennial Puzzle"}],"event_choices":[{"cards_removed":["Dualcast"],"damage_healed":0,"gold_gain":0,"player_choice":"Offered Basic","damage_taken":0,"max_hp_gain":0,"max_hp_loss":0,"event_name":"Bonfire Elementals","floor":10,"gold_loss":0}],"is_beta":false,"boss_relics":[],"items_purged_floors":[],"is_endless":false,"potions_floor_spawned":[5,7,8,14],"killed_by":"The Guardian","ascension_level":0}