{"gold_per_floor":[119,139,69,82,82,82,109,109,188,188,220,235,250,279,279,377,377,392,392,491,491,458,492,492,492],"floor_reached":25,"playtime":1456,"items_purged":[],"score":276,"play_id":"eda90afa-a4f2-4980-b9d3-86f190c3d59d","local_time":"20190712163848","is_ascension_mode":true,"campfire_choices":[{"data":"Go for the Eyes","floor":6,"key":"SMITH"},{"data":"Zap","floor":8,"key":"SMITH"},{"floor":15,"key":"REST"}],"neow_cost":"NONE","seed_source_timestamp":193653906549840,"circlet_count":0,"master_deck":["Defend_B","Defend_B","Defend_B","Defend_B","Zap+1","Dualcast","Go for the Eyes+1","Loop","Stack","Streamline","Ball Lightning","Doom and Gloom","Cold Snap","Capacitor","All For One","Coolheaded","FTL","Hello World","Bite","Bite","Bite","Bite","Bite"],"relics":["Cracked Core","Regal Pillow","Matryoshka","Lantern","Darkstone Periapt","Black Star","MutagenicStrength","Ice Cream","Potion Belt"],"potions_floor_usage":[11,11,23,23,23],"damage_taken":[{"damage":1,"enemies":"Cultist","floor":1,"turns":4},{"damage":0,"enemies":"2 Louse","floor":2,"turns":3},{"damage":0,"enemies":"Small Slimes","floor":4,"turns":3},{"damage":26,"enemies":"3 Sentries","floor":7,"turns":7},{"damage":34,"enemies":"Gremlin Nob","floor":11,"turns":5},{"damage":0,"enemies":"Exordium Thugs","floor":12,"turns":3},{"damage":0,"enemies":"2 Fungi Beasts","floor":13,"turns":2},{"damage":11,"enemies":"Lagavulin","floor":14,"turns":5},{"damage":24,"enemies":"Slime Boss","floor":16,"turns":8},{"damage":24,"enemies":"3 Byrds","floor":18,"turns":4},{"damage":11,"enemies":"2 Thieves","floor":22,"turns":5},{"damage":18,"enemies":"Gremlin Leader","floor":23,"turns":6},{"damage":34,"enemies":"Slavers","floor":25,"turns":2}],"seed_played":"-6883133382863458128","potions_obtained":[{"floor":7,"key":"EntropicBrew"},{"floor":11,"key":"Energy Potion"},{"floor":14,"key":"Weak Potion"},{"floor":18,"key":"Energy Potion"},{"floor":21,"key":"Fire Potion"},{"floor":21,"key":"FocusPotion"}],"is_trial":false,"path_per_floor":["M","M","$","M","?","R","E","R","T","?","E","M","M","E","R","B",null,"M","?","?","?","M","E","?","E"],"character_chosen":"DEFECT","items_purchased":["Hello World"],"campfire_rested":1,"item_purchase_floors":[3],"current_hp_per_floor":[81,81,81,81,81,81,55,55,55,82,48,48,48,37,76,52,82,58,58,58,58,47,29,29,0],"gold":492,"neow_bonus":"TEN_PERCENT_HP_BONUS","is_prod":false,"is_daily":false,"chose_seed":false,"campfire_upgraded":2,"win_rate":0,"timestamp":1562963928,"path_taken":["M","?","$","M","?","R","E","R","T","?","E","?","M","E","R","BOSS","M","?","?","?","?","E","?","E"],"build_version":"2019-07-05","purchased_purges":0,"victory":false,"max_hp_per_floor":[82,82,82,82,82,82,82,82,82,82,82,82,82,82,82,82,82,82,82,82,82,82,82,57,57],"card_choices":[{"not_picked":["Redo","Rebound"],"picked":"Go for the Eyes","floor":1},{"not_picked":["Hello World","Ball Lightning"],"picked":"Loop","floor":2},{"not_picked":["Ball Lightning","Barrage"],"picked":"Stack","floor":4},{"not_picked":["Reprogram","Lockon"],"picked":"Streamline","floor":7},{"not_picked":["Steam Power","Echo Form"],"picked":"Ball Lightning","floor":11},{"not_picked":["Chaos","Streamline"],"picked":"Doom and Gloom","floor":12},{"not_picked":["Hologram","Redo"],"picked":"Cold Snap","floor":13},{"not_picked":["White Noise","Coolheaded"],"picked":"Capacitor","floor":14},{"not_picked":["Amplify","Fission"],"picked":"All For One","floor":16},{"not_picked":["Ball Lightning","Streamline"],"picked":"Coolheaded","floor":18},{"not_picked":["Hologram","Storm"],"picked":"FTL","floor":22},{"not_picked":["Reprogram+1","Conserve Battery"],"picked":"Hello World","floor":23}],"player_experience":105852,"relics_obtained":[{"floor":7,"key":"Regal Pillow"},{"floor":9,"key":"Matryoshka"},{"floor":11,"key":"Lantern"},{"floor":14,"key":"Darkstone Periapt"},{"floor":23,"key":"Ice Cream"},{"floor":23,"key":"Potion Belt"}],"event_choices":[{"damage_healed":0,"gold_gain":0,"player_choice":"Ignored","damage_taken":0,"max_hp_gain":0,"max_hp_loss":0,"event_name":"Golden Wing","floor":5,"gold_loss":0},{"cards_removed":["Hello World"],"damage_healed":27,"gold_gain":0,"player_choice":"Offered Uncommon","damage_taken":0,"max_hp_gain":0,"max_hp_loss":0,"event_name":"Bonfire Elementals","floor":10,"gold_loss":0},{"damage_healed":0,"gold_gain":0,"player_choice":"Inject Mutagens","damage_taken":0,"relics_obtained":["MutagenicStrength"],"max_hp_gain":0,"max_hp_loss":0,"event_name":"Drug Dealer","floor":19,"gold_loss":0},{"damage_healed":0,"gold_gain":99,"player_choice":"Stole From Cult","damage_taken":0,"max_hp_gain":0,"max_hp_loss":0,"event_name":"Nest","floor":20,"gold_loss":0},{"damage_healed":0,"gold_gain":0,"player_choice":"Got Potions","damage_taken":0,"max_hp_gain":0,"max_hp_loss":0,"event_name":"Lab","floor":21,"gold_loss":0},{"damage_healed":0,"gold_gain":0,"player_choice":"Became a vampire","damage_taken":0,"max_hp_gain":0,"max_hp_loss":25,"event_name":"Vampires","floor":24,"gold_loss":0,"cards_obtained":["Bite","Bite","Bite","Bite","Bite"]}],"is_beta":false,"boss_relics":[{"not_picked":["Pandora\u0027s Box","White Beast Statue"],"picked":"Black Star"}],"items_purged_floors":[],"is_endless":false,"potions_floor_spawned":[7,11,12,14,18],"killed_by":"Slavers","ascension_level":1}