{"gold_per_floor":[15,15,27,46,64,64,91,101,124,124,136,149,61,92,92,165,165,179,179,179,179,179,179,179,93,93,112,123,48,48,80,80,152,152,172,72,72,72,0,0,23,54,54,74,74,105,118,118,118,118],"floor_reached":51,"playtime":3133,"items_purged":["Strike_G","Strike_G"],"score":1321,"play_id":"1e28fb32-bcb6-47a0-b1d2-1067f8d0d109","local_time":"20190113142436","is_ascension_mode":true,"campfire_choices":[{"data":"Neutralize","floor":6.0,"key":"SMITH"},{"floor":10.0,"key":"REST"},{"data":"Caltrops","floor":15.0,"key":"SMITH"},{"data":"Malaise","floor":23.0,"key":"SMITH"},{"data":"Noxious Fumes","floor":32.0,"key":"SMITH"},{"data":"Doppelganger","floor":40,"key":"SMITH"},{"floor":45,"key":"REST"},{"floor":49,"key":"REST"}],"neow_cost":"NO_GOLD","seed_source_timestamp":91698718025812,"circlet_count":0,"master_deck":["AscendersBane","Defend_G","Defend_G","Defend_G","Defend_G","Defend_G","Strike_G","Strike_G","Survivor","Neutralize+1","Doppelganger+1","Dash","Backstab","Predator","Caltrops+1","Dagger Spray","Malaise+1","Corpse Explosion","Deadly Poison","Malaise+1","Well Laid Plans","Noxious Fumes+1","Backflip+1","Night Terror","Footwork+1"],"special_seed":0,"relics":["Ring of the Snake","Sundial","Oddly Smooth Stone","Potion Belt","Velvet Choker","Pear","Snake Skull","Snecko Eye","Red Mask","Bronze Scales","Pantograph","Tingsha"],"potions_floor_usage":[33,35,46],"damage_taken":[{"damage":12.0,"enemies":"Jaw Worm","floor":1.0,"turns":5.0},{"damage":0.0,"enemies":"Cultist","floor":3.0,"turns":4.0},{"damage":0.0,"enemies":"Small Slimes","floor":4.0,"turns":3.0},{"damage":3.0,"enemies":"Blue Slaver","floor":5.0,"turns":5.0},{"damage":20.0,"enemies":"Gremlin Nob","floor":7.0,"turns":5.0},{"damage":0.0,"enemies":"Looter","floor":8.0,"turns":3.0},{"damage":3.0,"enemies":"3 Louse","floor":11.0,"turns":3.0},{"damage":1.0,"enemies":"Gremlin Gang","floor":12.0,"turns":5.0},{"damage":2.0,"enemies":"Lagavulin","floor":14.0,"turns":9.0},{"damage":17.0,"enemies":"Hexaghost","floor":16.0,"turns":11.0},{"damage":3.0,"enemies":"3 Byrds","floor":18.0,"turns":3.0},{"damage":5.0,"enemies":"Colosseum Slavers","floor":19.0,"turns":3.0},{"damage":0.0,"enemies":"Chosen","floor":27.0,"turns":4.0},{"damage":14.0,"enemies":"Shelled Parasite and Fungi","floor":28.0,"turns":7.0},{"damage":9.0,"enemies":"Slavers","floor":31.0,"turns":3.0},{"damage":42,"enemies":"Champ","floor":33,"turns":14},{"damage":0,"enemies":"3 Shapes","floor":35,"turns":3},{"damage":40,"enemies":"Giant Head","floor":42,"turns":10},{"damage":17,"enemies":"3 Darklings","floor":44,"turns":4},{"damage":12,"enemies":"Reptomancer","floor":46,"turns":8},{"damage":3,"enemies":"Sphere and 2 Shapes","floor":47,"turns":4},{"damage":35,"enemies":"Donu and Deca","floor":50,"turns":8}],"seed_played":"1461906078294827567","potions_obtained":[{"floor":1.0,"key":"Regen Potion"},{"floor":2.0,"key":"Swift Potion"},{"floor":2.0,"key":"Regen Potion"},{"floor":4.0,"key":"Fire Potion"},{"floor":14.0,"key":"SkillPotion"},{"floor":31.0,"key":"Block Potion"},{"floor":42,"key":"Swift Potion"}],"is_trial":false,"path_per_floor":["M","?","M","M","M","R","E","M","T","R","M","M","$","E","R","B",null,"M","?","?","$","?","R","?","$","T","M","M","$","?","E","R","B",null,"M","$","?","?","?","R","T","E","T","M","R","E","M","$","R","B",null],"character_chosen":"THE_SILENT","items_purchased":["Malaise","Well Laid Plans"],"campfire_rested":3,"item_purchase_floors":[13,25],"current_hp_per_floor":[47,47,47,47,44,44,24,24,24,43,40,39,39,37,37,20,55,52,47,60,60,60,60,60,60,70,70,56,56,56,47,47,20,62,62,62,62,62,62,62,62,22,22,5,26,14,11,11,32,22],"gold":118,"neow_bonus":"THREE_RARE_CARDS","is_prod":false,"is_daily":false,"chose_seed":false,"campfire_upgraded":5,"win_rate":0,"timestamp":1547349876,"path_taken":["M","?","M","M","M","R","E","M","T","R","M","?","?","E","R","BOSS","M","?","?","$","?","R","?","$","T","?","?","$","?","E","R","BOSS","M","$","?","?","?","R","?","E","T","?","R","E","M","$","R","BOSS"],"build_version":"2019-01-10","purchased_purges":2,"victory":true,"max_hp_per_floor":[66,66,66,66,66,66,66,66,66,66,66,66,66,66,66,66,66,66,66,66,66,66,66,66,66,76,76,76,76,76,76,76,76,76,76,76,76,72,72,72,72,72,72,72,72,72,72,72,72,72],"card_choices":[{"not_picked":["Venomology","Burst"],"picked":"Doppelganger","floor":0.0},{"not_picked":["Escape Plan","Setup"],"picked":"Dash","floor":1.0},{"not_picked":["Flying Knee","Blade Dance"],"picked":"Backstab","floor":3.0},{"not_picked":["Underhanded Strike","Reflex","Concentrate"],"picked":"SKIP","floor":4.0},{"not_picked":["Heel Hook","Deflect"],"picked":"Predator","floor":5.0},{"not_picked":["Underhanded Strike","Acrobatics"],"picked":"Caltrops","floor":7.0},{"not_picked":["Infinite Blades","Flying Knee","Endless Agony"],"picked":"SKIP","floor":8.0},{"not_picked":["Backflip","Poisoned Stab"],"picked":"Dagger Spray","floor":11.0},{"not_picked":["Blade Dance","Dodge and Roll","Flying Knee"],"picked":"SKIP","floor":12.0},{"not_picked":["Predator","Flying Knee","Underhanded Strike"],"picked":"SKIP","floor":14.0},{"not_picked":["Doppelganger","Burst"],"picked":"Corpse Explosion","floor":16.0},{"not_picked":["Dagger Spray","Underhanded Strike"],"picked":"Deadly Poison","floor":18.0},{"not_picked":["Dagger Throw","Dodge and Roll"],"picked":"Noxious Fumes","floor":27.0},{"not_picked":["Infinite Blades","Blade Dance"],"picked":"Backflip+1","floor":28.0},{"not_picked":["Setup","Terror","Skewer"],"picked":"SKIP","floor":31.0},{"not_picked":["Malaise","Doppelganger"],"picked":"Night Terror","floor":33},{"not_picked":["Bane","Blade Dance"],"picked":"Footwork+1","floor":35},{"not_picked":["Heel Hook","Deadly Poison","Deflect"],"picked":"SKIP","floor":42},{"not_picked":["Caltrops","Cloak And Dagger","Escape Plan"],"picked":"SKIP","floor":44},{"not_picked":["Bane","Escape Plan+1","Dagger Throw"],"picked":"SKIP","floor":46},{"not_picked":["Terror","Heel Hook","Deflect"],"picked":"SKIP","floor":47}],"player_experience":544645,"relics_obtained":[{"floor":7.0,"key":"Sundial"},{"floor":9.0,"key":"Oddly Smooth Stone"},{"floor":14.0,"key":"Potion Belt"},{"floor":26.0,"key":"Pear"},{"floor":31.0,"key":"Snake Skull"},{"floor":41,"key":"Bronze Scales"},{"floor":42,"key":"Pantograph"},{"floor":46,"key":"Tingsha"}],"event_choices":[{"damage_healed":0.0,"max_hp_gain":0.0,"max_hp_loss":0.0,"gold_gain":0.0,"event_name":"Lab","player_choice":"Got Potions","floor":2.0,"gold_loss":0.0,"damage_taken":0.0},{"damage_healed":0.0,"max_hp_gain":0.0,"max_hp_loss":0.0,"gold_gain":0.0,"event_name":"Colosseum","player_choice":"Fight","floor":19.0,"gold_loss":0.0,"damage_taken":0.0},{"damage_healed":0.0,"max_hp_gain":0.0,"max_hp_loss":0.0,"gold_gain":0.0,"event_name":"Colosseum","player_choice":"Fled From Nobs","floor":19.0,"gold_loss":0.0,"damage_taken":0.0},{"damage_healed":13.0,"max_hp_gain":0.0,"max_hp_loss":0.0,"gold_gain":0.0,"event_name":"The Library","player_choice":"Heal","floor":20.0,"gold_loss":0.0,"damage_taken":0.0},{"cards_removed":["Strike_G"],"damage_healed":0.0,"max_hp_gain":0.0,"max_hp_loss":0.0,"gold_gain":0.0,"event_name":"Back to Basics","player_choice":"Elegance","floor":22.0,"gold_loss":0.0,"damage_taken":0.0},{"damage_healed":0.0,"max_hp_gain":0.0,"max_hp_loss":0.0,"gold_gain":0.0,"event_name":"Duplicator","player_choice":"Copied","floor":24.0,"gold_loss":0.0,"damage_taken":0.0,"cards_obtained":["Malaise"]},{"damage_healed":0,"gold_gain":0,"player_choice":"Memory 1","damage_taken":0,"max_hp_gain":0,"max_hp_loss":0,"event_name":"SensoryStone","floor":37,"gold_loss":0},{"damage_healed":0,"gold_gain":0,"player_choice":"Max HP","damage_taken":0,"max_hp_gain":0,"max_hp_loss":4,"event_name":"Winding Halls","floor":38,"gold_loss":0},{"damage_healed":0,"gold_gain":0,"player_choice":"Paid","damage_taken":0,"relics_obtained":["Red Mask"],"max_hp_gain":0,"max_hp_loss":0,"event_name":"Tomb of Lord Red Mask","floor":39,"gold_loss":72}],"is_beta":false,"boss_relics":[{"not_picked":["Pandora\u0027s Box","Fusion Hammer"],"picked":"Velvet Choker"},{"not_picked":["Runic Dome","Ring of the Serpent"],"picked":"Snecko Eye"}],"items_purged_floors":[29,36],"is_endless":false,"potions_floor_spawned":[1,4,5,8,14,19,31,42],"ascension_level":16}