{"gold_per_floor":[211,171,171,171,184,184,197,215,215,229,229,153,167,182,182,281,331,341,360,360,360,360,360,370,370,370,370,370,38,57,74,74,74],"floor_reached":33,"playtime":2172,"items_purged":[],"score":266,"play_id":"bdbcebf8-7485-42ba-89c5-9d2aaffb5319","local_time":"20190711115950","is_ascension_mode":false,"campfire_choices":[{"data":"Sunder","floor":6,"key":"SMITH"},{"data":"Chaos","floor":11,"key":"SMITH"},{"data":"Reinforced Body","floor":15,"key":"SMITH"},{"floor":23,"key":"REST"},{"floor":25,"key":"REST"},{"data":"Buffer","floor":27,"key":"SMITH"},{"floor":32,"key":"REST"}],"neow_cost":"NONE","seed_source_timestamp":89796746253103,"circlet_count":0,"master_deck":["Strike_B","Strike_B","Strike_B","Strike_B","Defend_B","Defend_B","Defend_B+1","Defend_B","Zap","Dualcast","Sunder+1","Self Repair","Zap","Lockon","Blizzard","Chaos+1","Cold Snap","Self Repair","Reinforced Body+1","Sweeping Beam","Buffer+1","Glacier","Leap+1","Skim","Melter","FTL+1","Streamline"],"relics":["Cracked Core","Juzu Bracelet","Tiny House","Bottled Flame","Toxic Egg 2"],"potions_floor_usage":[14,21,24],"damage_taken":[{"damage":0,"enemies":"2 Louse","floor":1,"turns":2},{"damage":0,"enemies":"Cultist","floor":5,"turns":3},{"damage":5,"enemies":"Small Slimes","floor":7,"turns":2},{"damage":16,"enemies":"Blue Slaver","floor":8,"turns":4},{"damage":4,"enemies":"Large Slime","floor":10,"turns":4},{"damage":10,"enemies":"Looter","floor":13,"turns":2},{"damage":6,"enemies":"Lots of Slimes","floor":14,"turns":3},{"damage":51,"enemies":"Hexaghost","floor":16,"turns":13},{"damage":26,"enemies":"Shell Parasite","floor":18,"turns":8},{"damage":30,"enemies":"2 Thieves","floor":19,"turns":4},{"damage":0,"enemies":"Centurion and Healer","floor":21,"turns":1},{"damage":26,"enemies":"Cultist and Chosen","floor":24,"turns":7},{"damage":15,"enemies":"Snake Plant","floor":30,"turns":5},{"damage":22,"enemies":"3 Cultists","floor":31,"turns":9},{"damage":107,"enemies":"Automaton","floor":33,"turns":12}],"seed_played":"2667165653651037801","potions_obtained":[{"floor":1,"key":"Ancient Potion"},{"floor":8,"key":"Poison Potion"},{"floor":10,"key":"Fire Potion"},{"floor":13,"key":"SmokeBomb"},{"floor":17,"key":"LiquidBronze"},{"floor":19,"key":"EssenceOfSteel"},{"floor":31,"key":"Poison Potion"}],"is_trial":false,"path_per_floor":["M","$","?","?","M","R","M","M","T","M","R","$","M","M","R","B",null,"M","M","?","M","?","R","M","R","T","R","?","$","M","M","R","B"],"character_chosen":"DEFECT","items_purchased":["Self Repair","Self Repair","Melter","Toxic Egg 2"],"campfire_rested":3,"item_purchase_floors":[2,12,29,29],"current_hp_per_floor":[75,75,80,80,80,80,80,71,71,74,74,74,71,72,72,21,85,73,43,43,43,43,68,56,81,81,81,65,65,64,56,83,0],"gold":74,"neow_bonus":"HUNDRED_GOLD","is_prod":false,"is_daily":false,"chose_seed":false,"campfire_upgraded":4,"win_rate":0.0,"timestamp":1562860790,"path_taken":["M","$","?","?","M","R","M","M","T","M","R","$","M","M","R","BOSS","M","M","?","M","?","R","M","R","T","R","?","?","M","M","R","BOSS"],"build_version":"2019-07-05","purchased_purges":0,"victory":false,"max_hp_per_floor":[75,75,80,80,80,80,80,80,80,80,80,80,80,80,80,80,85,85,85,85,85,85,85,85,85,85,85,90,90,90,90,90,90],"card_choices":[{"not_picked":["Rebound","Melter"],"picked":"Sunder","floor":1},{"not_picked":["Beam Cell","Hologram"],"picked":"Lockon","floor":5},{"not_picked":["Hologram","Barrage"],"picked":"Blizzard","floor":7},{"not_picked":["Steam","Steam Power"],"picked":"Chaos","floor":8},{"not_picked":["Hello World","Ball Lightning"],"picked":"Cold Snap","floor":10},{"not_picked":["Go for the Eyes","Sweeping Beam"],"picked":"Reinforced Body","floor":13},{"not_picked":["Echo Form","Compile Driver"],"picked":"Sweeping Beam","floor":14},{"not_picked":["Creative AI","All For One"],"picked":"Buffer","floor":16},{"not_picked":["FTL","Go for the Eyes"],"picked":"Glacier","floor":17},{"not_picked":["Steam Power+1","Static Discharge"],"picked":"Storm","floor":18},{"not_picked":["Redo","Go for the Eyes"],"picked":"Leap+1","floor":19},{"not_picked":["Cold Snap","Scrape"],"picked":"Skim","floor":24},{"not_picked":["Steam Power+1","Steam+1"],"picked":"FTL+1","floor":30},{"not_picked":["Genetic Algorithm+1","Leap+1"],"picked":"Streamline","floor":31}],"player_experience":68560,"relics_obtained":[{"floor":9,"key":"Juzu Bracelet"},{"floor":26,"key":"Bottled Flame"}],"event_choices":[{"damage_healed":0,"gold_gain":0,"player_choice":"Donut","damage_taken":0,"max_hp_gain":5,"max_hp_loss":0,"event_name":"Big Fish","floor":3,"gold_loss":0},{"damage_healed":0,"gold_gain":0,"player_choice":"1 cards matched","damage_taken":0,"max_hp_gain":0,"max_hp_loss":0,"event_name":"Match and Keep!","floor":4,"gold_loss":0,"cards_obtained":["Zap"]},{"cards_removed":["Storm"],"damage_healed":0,"gold_gain":0,"player_choice":"Elegance","damage_taken":0,"max_hp_gain":0,"max_hp_loss":0,"event_name":"Back to Basics","floor":20,"gold_loss":0},{"damage_healed":0,"gold_gain":0,"player_choice":"Ignored","damage_taken":0,"max_hp_gain":0,"max_hp_loss":0,"event_name":"Cursed Tome","floor":22,"gold_loss":0},{"damage_healed":0,"gold_gain":0,"player_choice":"Shed Blood","damage_taken":21,"max_hp_gain":5,"max_hp_loss":0,"event_name":"Forgotten Altar","floor":28,"gold_loss":0}],"is_beta":false,"boss_relics":[{"not_picked":["Lizard Tail","Empty Cage"],"picked":"Tiny House"}],"items_purged_floors":[],"is_endless":false,"potions_floor_spawned":[1,8,10,13,19,21,31],"killed_by":"Automaton","ascension_level":0}