{"gold_per_floor":[119,135,148,148,62,62,97,109,109,143,29,29,47,76,76,148,148,160,22,22,22,40,75,75,75,102,102,22,22,42,52,52,127,127,145,165,165,165,182,182,209,224,224,174,174,174,189,139,139,139],"floor_reached":51,"playtime":3318,"items_purged":["Strike_G","Writhe","Strike_G"],"score":1367,"play_id":"6ffcb6c2-2dbc-437f-b903-26b2f1cdac85","local_time":"20190706180007","is_ascension_mode":true,"campfire_choices":[{"data":"Noxious Fumes","floor":6.0,"key":"SMITH"},{"data":"Footwork","floor":15.0,"key":"SMITH"},{"floor":25.0,"key":"REST"},{"data":"A Thousand Cuts","floor":27.0,"key":"SMITH"},{"data":"Burst","floor":29.0,"key":"SMITH"},{"floor":32.0,"key":"REST"},{"data":"Cloak And Dagger","floor":40,"key":"SMITH"},{"floor":49,"key":"REST"}],"neow_cost":"NONE","seed_source_timestamp":193749403718573,"circlet_count":0,"master_deck":["AscendersBane","Strike_G","Strike_G","Strike_G","Defend_G","Defend_G","Defend_G","Defend_G","Defend_G","Survivor","Neutralize+1","Sucker Punch","Backstab","Cloak And Dagger+1","Noxious Fumes+1","Corpse Explosion","Dash","Footwork+1","Envenom","Leg Sweep","Ghostly","Ghostly","Ghostly","A Thousand Cuts+1","Burst+1","Footwork","Riddle With Holes+1","Night Terror","Well Laid Plans","Leg Sweep","Dash"],"special_seed":0,"relics":["Ring of the Snake","Strawberry","Blood Vial","Ornamental Fan","Mango","Ancient Tea Set","Smiling Mask","Snecko Eye","Pen Nib","Regal Pillow","Cursed Key","StoneCalendar"],"potions_floor_usage":[33,33,41,50,50],"damage_taken":[{"damage":3.0,"enemies":"Small Slimes","floor":1.0,"turns":5.0},{"damage":0.0,"enemies":"Cultist","floor":2.0,"turns":4.0},{"damage":1.0,"enemies":"Jaw Worm","floor":3.0,"turns":4.0},{"damage":11.0,"enemies":"3 Sentries","floor":7.0,"turns":7.0},{"damage":21.0,"enemies":"Large Slime","floor":8.0,"turns":6.0},{"damage":21.0,"enemies":"Gremlin Nob","floor":10.0,"turns":4.0},{"damage":0.0,"enemies":"Looter","floor":13.0,"turns":3.0},{"damage":7.0,"enemies":"Lagavulin","floor":14.0,"turns":8.0},{"damage":25.0,"enemies":"Hexaghost","floor":16.0,"turns":11.0},{"damage":18.0,"enemies":"2 Thieves","floor":18.0,"turns":3.0},{"damage":14.0,"enemies":"Chosen","floor":22.0,"turns":7.0},{"damage":12.0,"enemies":"Book of Stabbing","floor":23.0,"turns":7.0},{"damage":0.0,"enemies":"Snake Plant","floor":30.0,"turns":4.0},{"damage":1.0,"enemies":"Snecko","floor":31.0,"turns":7.0},{"damage":23,"enemies":"Champ","floor":33,"turns":11},{"damage":8,"enemies":"3 Shapes","floor":35,"turns":4},{"damage":2,"enemies":"Orb Walker","floor":36,"turns":5},{"damage":0,"enemies":"3 Darklings","floor":39,"turns":3},{"damage":29,"enemies":"Giant Head","floor":41,"turns":9},{"damage":2,"enemies":"4 Shapes","floor":42,"turns":2},{"damage":7,"enemies":"Maw","floor":47,"turns":9},{"damage":3,"enemies":"Donu and Deca","floor":50,"turns":8}],"seed_played":"-3437800614863860139","potions_obtained":[{"floor":2.0,"key":"SteroidPotion"},{"floor":7.0,"key":"Regen Potion"},{"floor":8.0,"key":"SkillPotion"},{"floor":10.0,"key":"EssenceOfSteel"},{"floor":22.0,"key":"Explosive Potion"},{"floor":23.0,"key":"Weak Potion"},{"floor":35,"key":"FearPotion"},{"floor":41,"key":"EssenceOfSteel"},{"floor":42,"key":"Dexterity Potion"},{"floor":47,"key":"Block Potion"}],"is_trial":false,"path_per_floor":["M","M","M","?","$","R","E","M","T","E","$","?","M","E","R","B",null,"M","$","?","?","M","E","?","R","T","R","$","R","M","M","R","B",null,"M","M","?","?","M","R","E","M","T","$","?","$","M","$","R","B",null],"character_chosen":"THE_SILENT","items_purchased":["Noxious Fumes","Footwork","Dodge and Roll","Leg Sweep","Burst"],"campfire_rested":3,"item_purchase_floors":[5,11,11,19,28],"current_hp_per_floor":[63,63,62,62,62,62,51,32,32,39,39,39,41,36,36,13,69,53,53,53,43,29,19,9,23,23,23,23,23,25,26,48,25,42,36,36,36,46,48,48,19,19,19,19,19,19,14,14,43,42],"gold":139,"neow_bonus":"RANDOM_COMMON_RELIC","is_prod":false,"is_daily":false,"chose_seed":false,"campfire_upgraded":5,"win_rate":0,"timestamp":1562400007,"path_taken":["M","M","M","?","$","R","E","M","T","E","$","?","M","E","R","BOSS","M","$","?","?","M","E","?","R","T","R","?","R","?","M","R","BOSS","M","M","?","?","M","R","E","M","T","$","?","$","?","$","R","BOSS"],"build_version":"2019-07-05","purchased_purges":3,"victory":true,"max_hp_per_floor":[73,73,73,73,73,73,73,73,73,87,87,87,87,87,87,87,87,87,87,87,43,43,43,48,48,48,48,48,48,48,48,48,48,48,48,48,48,48,48,48,48,48,48,48,48,48,48,48,48,48],"card_choices":[{"not_picked":["Riddle With Holes","Poisoned Stab"],"picked":"Sucker Punch","floor":1.0},{"not_picked":["Dagger Throw","Underhanded Strike"],"picked":"Backstab","floor":2.0},{"not_picked":["Eviscerate","Blade Dance"],"picked":"Cloak And Dagger","floor":3.0},{"not_picked":["Dodge and Roll","Quick Slash"],"picked":"Corpse Explosion","floor":7.0},{"not_picked":["Dagger Spray","Skewer","Cloak And Dagger"],"picked":"SKIP","floor":8.0},{"not_picked":["Deadly Poison","Crippling Poison"],"picked":"Dash","floor":10.0},{"not_picked":["Outmaneuver","Sucker Punch","Concentrate"],"picked":"SKIP","floor":13.0},{"not_picked":["Phantasmal Killer","Terror","Tactician"],"picked":"SKIP","floor":14.0},{"not_picked":["Night Terror","Die Die Die"],"picked":"Envenom","floor":16.0},{"not_picked":["Terror","Flying Knee","Endless Agony"],"picked":"SKIP","floor":18.0},{"not_picked":["Backstab","Finisher","Outmaneuver"],"picked":"SKIP","floor":22.0},{"not_picked":["Quick Slash","Dagger Spray"],"picked":"A Thousand Cuts","floor":23.0},{"not_picked":["Dagger Throw+1","Deadly Poison"],"picked":"Footwork","floor":30.0},{"not_picked":["Heel Hook","Footwork"],"picked":"Riddle With Holes+1","floor":31.0},{"not_picked":["Unload","Venomology"],"picked":"Night Terror","floor":33},{"not_picked":["Slice+1","Dodge and Roll"],"picked":"Well Laid Plans","floor":35},{"not_picked":["Underhanded Strike","Backstab","Masterful Stab"],"picked":"SKIP","floor":36},{"not_picked":["Sucker Punch","Heel Hook"],"picked":"Leg Sweep","floor":39},{"not_picked":["Dagger Spray","Grand Finale"],"picked":"Dash","floor":41},{"not_picked":["Cloak And Dagger","Blade Dance","Prepared"],"picked":"SKIP","floor":42},{"not_picked":["Bane","Masterful Stab+1","Predator"],"picked":"SKIP","floor":47}],"player_experience":603414,"relics_obtained":[{"floor":7.0,"key":"Blood Vial"},{"floor":9.0,"key":"Ornamental Fan"},{"floor":10.0,"key":"Mango"},{"floor":14.0,"key":"Smiling Mask"},{"floor":23.0,"key":"Pen Nib"},{"floor":26.0,"key":"Regal Pillow"},{"floor":41,"key":"StoneCalendar"}],"event_choices":[{"damage_healed":0.0,"max_hp_gain":0.0,"max_hp_loss":0.0,"gold_gain":0.0,"event_name":"Living Wall","player_choice":"Grow","floor":4.0,"gold_loss":0.0,"damage_taken":0.0,"cards_upgraded":["Neutralize"]},{"cards_removed":["Dodge and Roll"],"damage_healed":0.0,"max_hp_gain":0.0,"max_hp_loss":0.0,"gold_gain":0.0,"event_name":"WeMeetAgain","player_choice":"Gave Card","floor":12.0,"gold_loss":0.0,"damage_taken":0.0,"relics_obtained":["Ancient Tea Set"]},{"damage_healed":0.0,"max_hp_gain":0.0,"max_hp_loss":0.0,"gold_gain":0.0,"event_name":"Cursed Tome","player_choice":"Ignored","floor":20.0,"gold_loss":0.0,"damage_taken":0.0},{"damage_healed":0.0,"max_hp_gain":0.0,"max_hp_loss":44.0,"gold_gain":0.0,"event_name":"Ghosts","player_choice":"Became a Ghost","floor":21.0,"gold_loss":0.0,"damage_taken":0.0,"cards_obtained":["Ghostly","Ghostly","Ghostly"]},{"damage_healed":0.0,"max_hp_gain":5.0,"max_hp_loss":0.0,"gold_gain":0.0,"event_name":"Forgotten Altar","player_choice":"Shed Blood","floor":24.0,"gold_loss":0.0,"damage_taken":15.0},{"damage_healed":0,"gold_gain":0,"player_choice":"Ignored","damage_taken":0,"max_hp_gain":0,"max_hp_loss":0,"event_name":"Tomb of Lord Red Mask","floor":37,"gold_loss":0},{"damage_healed":10,"gold_gain":0,"player_choice":"Writhe","damage_taken":0,"max_hp_gain":0,"max_hp_loss":0,"event_name":"Winding Halls","floor":38,"gold_loss":0,"cards_obtained":["Writhe"]},{"damage_healed":0,"gold_gain":0,"player_choice":"Ignored","damage_taken":0,"max_hp_gain":0,"max_hp_loss":0,"event_name":"SecretPortal","floor":45,"gold_loss":0}],"is_beta":false,"boss_relics":[{"not_picked":["Fusion Hammer","Calling Bell"],"picked":"Snecko Eye"},{"not_picked":["Empty Cage","Ring of the Serpent"],"picked":"Cursed Key"}],"items_purged_floors":[19,44,48],"is_endless":false,"potions_floor_spawned":[2,7,8,10,22,23,31,35,41,42,47],"ascension_level":19}