{"gold_per_floor":[110,60,60,70,70,104,104,114,195,214,146,166,166,201,201,201],"floor_reached":16,"playtime":1090,"items_purged":[],"score":121,"play_id":"528c021a-b8c2-4c41-9905-cb1fc27563a8","local_time":"20190713012950","is_ascension_mode":true,"campfire_choices":[{"floor":7.0,"key":"REST"},{"data":"Clothesline","floor":15.0,"key":"SMITH"}],"neow_cost":"NONE","seed_source_timestamp":225424168093139,"circlet_count":0,"master_deck":["Strike_R","Strike_R","Strike_R","Defend_R","Defend_R","Defend_R","Defend_R","Bash","Armaments","Iron Wave","Iron Wave","Rampage","Heavy Blade","Body Slam","Ghostly Armor","Clothesline+1","Hemokinesis"],"special_seed":0,"relics":["Burning Blood","Bag of Preparation","Mummified Hand"],"potions_floor_usage":[],"damage_taken":[{"damage":8.0,"enemies":"Jaw Worm","floor":1.0,"turns":4.0},{"damage":0.0,"enemies":"2 Louse","floor":4.0,"turns":3.0},{"damage":43.0,"enemies":"Gremlin Nob","floor":6.0,"turns":7.0},{"damage":0.0,"enemies":"Cultist","floor":8.0,"turns":4.0},{"damage":0.0,"enemies":"3 Louse","floor":10.0,"turns":5.0},{"damage":1.0,"enemies":"2 Fungi Beasts","floor":12.0,"turns":3.0},{"damage":18.0,"enemies":"Lagavulin","floor":14.0,"turns":7.0},{"damage":67,"enemies":"Slime Boss","floor":16,"turns":8}],"seed_played":"1118218805599103333","potions_obtained":[{"floor":4.0,"key":"Explosive Potion"},{"floor":8.0,"key":"GamblersBrew"}],"is_trial":false,"path_per_floor":["M","?","?","M","?","E","R","M","T","M","$","M","?","E","R","B"],"character_chosen":"IRONCLAD","items_purchased":["Ghostly Armor"],"campfire_rested":1,"item_purchase_floors":[11],"current_hp_per_floor":[78,78,78,80,80,43,67,73,73,79,79,80,73,61,61,0],"gold":201,"neow_bonus":"THREE_CARDS","is_prod":false,"is_daily":false,"chose_seed":false,"campfire_upgraded":1,"win_rate":0,"timestamp":1562995790,"path_taken":["M","?","?","M","?","E","R","?","T","M","$","M","?","E","R","BOSS"],"build_version":"2019-07-05","purchased_purges":0,"victory":false,"max_hp_per_floor":[80,80,80,80,80,80,80,80,80,80,80,80,80,80,80,80],"card_choices":[{"not_picked":["Headbutt","Iron Wave"],"picked":"Armaments","floor":0.0},{"not_picked":["Havoc","Clash"],"picked":"Iron Wave","floor":1.0},{"not_picked":["Armaments","Reckless Charge"],"picked":"Iron Wave","floor":4.0},{"not_picked":["Limit Break","Clash"],"picked":"Rampage","floor":6.0},{"not_picked":["Burning Pact","Pommel Strike"],"picked":"Heavy Blade","floor":8.0},{"not_picked":["Second Wind","Thunderclap"],"picked":"Body Slam","floor":10.0},{"not_picked":["Corruption","Seeing Red"],"picked":"Clothesline","floor":12.0},{"not_picked":["Reckless Charge","Double Tap"],"picked":"Hemokinesis","floor":14.0}],"player_experience":116202,"relics_obtained":[{"floor":6.0,"key":"Bag of Preparation"},{"floor":14.0,"key":"Mummified Hand"}],"event_choices":[{"cards_removed":["Strike_R"],"damage_healed":0.0,"max_hp_gain":0.0,"max_hp_loss":0.0,"gold_gain":0.0,"event_name":"The Cleric","player_choice":"Card Removal","floor":2.0,"gold_loss":50.0,"damage_taken":0.0},{"damage_healed":0.0,"max_hp_gain":0.0,"max_hp_loss":0.0,"gold_gain":0.0,"event_name":"Liars Game","player_choice":"Ignored","floor":3.0,"gold_loss":0.0,"damage_taken":0.0},{"damage_healed":0.0,"max_hp_gain":0.0,"max_hp_loss":0.0,"gold_gain":0.0,"event_name":"Transmorgrifier","player_choice":"Ignored","floor":5.0,"gold_loss":0.0,"damage_taken":0.0},{"cards_removed":["Strike_R"],"damage_healed":0.0,"max_hp_gain":0.0,"max_hp_loss":0.0,"gold_gain":0.0,"event_name":"Golden Wing","player_choice":"Card Removal","floor":13.0,"gold_loss":0.0,"damage_taken":7.0}],"is_beta":false,"boss_relics":[],"items_purged_floors":[],"is_endless":false,"potions_floor_spawned":[4,8],"killed_by":"Slime Boss","ascension_level":2}