{"gold_per_floor":[110,122,132,57,77,77,93,93,93,93,119,119,134,152,152,152],"floor_reached":16,"playtime":1424,"items_purged":["Strike_G"],"score":187,"play_id":"a77d3d87-e07e-4457-a291-8877daa50899","local_time":"20181230183042","is_ascension_mode":true,"campfire_choices":[{"data":"Neutralize","floor":6,"key":"SMITH"},{"data":"Deadly Poison","floor":8,"key":"SMITH"},{"data":"Backflip","floor":10,"key":"SMITH"},{"floor":15,"key":"REST"}],"neow_cost":"NONE","seed_source_timestamp":25655184420554,"circlet_count":0,"master_deck":["AscendersBane","Defend_G","Defend_G","Defend_G","Defend_G","Defend_G","Strike_G","Strike_G","Strike_G","Survivor","Neutralize+1","Backflip+1","Deadly Poison+1","Adrenaline","Well Laid Plans","Acrobatics","Noxious Fumes"],"relics":["Ring of the Snake","Gremlin Horn","Smiling Mask"],"potions_floor_usage":[11,16],"damage_taken":[{"damage":4,"enemies":"Jaw Worm","floor":1,"turns":5},{"damage":0,"enemies":"Cultist","floor":2,"turns":4},{"damage":3,"enemies":"Small Slimes","floor":3,"turns":6},{"damage":2,"enemies":"Red Slaver","floor":5,"turns":5},{"damage":0,"enemies":"2 Fungi Beasts","floor":7,"turns":4},{"damage":24,"enemies":"3 Sentries","floor":11,"turns":13},{"damage":0,"enemies":"Exordium Thugs","floor":13,"turns":4},{"damage":10,"enemies":"Exordium Wildlife","floor":14,"turns":7},{"damage":54,"enemies":"Slime Boss","floor":16,"turns":13}],"seed_played":"-550462284664837478","potions_obtained":[{"floor":2,"key":"Block Potion"},{"floor":3,"key":"EssenceOfSteel"}],"is_trial":false,"path_per_floor":["M","M","M","$","M","R","M","R","T","R","E","?","M","M","R","B"],"character_chosen":"THE_SILENT","items_purchased":[],"campfire_rested":1,"item_purchase_floors":[],"current_hp_per_floor":[61,61,58,58,56,56,56,56,56,56,32,32,32,22,43,0],"gold":152,"neow_bonus":"TEN_PERCENT_HP_BONUS","is_prod":false,"is_daily":false,"chose_seed":false,"campfire_upgraded":3,"win_rate":0,"timestamp":1546155042,"path_taken":["M","M","M","$","M","R","M","R","T","R","E","?","?","M","R","BOSS"],"build_version":"2018-12-25","purchased_purges":1,"victory":false,"max_hp_per_floor":[72,72,72,72,72,72,72,72,72,72,72,72,72,72,72,72],"card_choices":[{"not_picked":["Prepared","Eviscerate","PiercingWail"],"picked":"SKIP","floor":1},{"not_picked":["Accuracy","Prepared"],"picked":"Backflip","floor":2},{"not_picked":["Bane","Riddle With Holes"],"picked":"Deadly Poison","floor":3},{"not_picked":["All Out Attack","Dagger Throw"],"picked":"Adrenaline","floor":5},{"not_picked":["Infinite Blades","Prepared","Flying Knee"],"picked":"SKIP","floor":7},{"not_picked":["Infinite Blades","Prepared","Flying Knee"],"picked":"SKIP","floor":7},{"not_picked":["Storm of Steel","Deadly Poison"],"picked":"Well Laid Plans","floor":11},{"not_picked":["Calculated Gamble","Dagger Spray"],"picked":"Noxious Fumes","floor":13},{"not_picked":["Dodge and Roll","Outmaneuver","Bane"],"picked":"SKIP","floor":14}],"player_experience":501830,"relics_obtained":[{"floor":9,"key":"Gremlin Horn"},{"floor":11,"key":"Smiling Mask"}],"event_choices":[{"damage_healed":0,"gold_gain":0,"cards_transformed":["Strike_G"],"player_choice":"Transformed","damage_taken":0,"max_hp_gain":0,"max_hp_loss":0,"event_name":"Transmorgrifier","floor":12,"gold_loss":0,"cards_obtained":["Acrobatics"]}],"is_beta":true,"boss_relics":[],"items_purged_floors":[4],"is_endless":false,"potions_floor_spawned":[2,3,7],"killed_by":"Slime Boss","ascension_level":16}