{"gold_per_floor":[116,116,116,129,94,94,121,121,121,154,172,199,214,227,227,328,328,347,357,357,27,27,37,67,67,91,122,45,76,76,87,87,190,190,190,208,226,74,74,101,101,133,133,161,161,161,176,195,195,195],"floor_reached":50,"playtime":2623,"items_purged":["Strike_B","Strike_B"],"score":778,"play_id":"c66a1476-c7ab-4bd9-acd2-34d4b1aa210d","local_time":"20190716150942","is_ascension_mode":true,"campfire_choices":[{"data":"Streamline","floor":6.0,"key":"SMITH"},{"data":"Ball Lightning","floor":8.0,"key":"SMITH"},{"floor":15.0,"key":"REST"},{"floor":25.0,"key":"REST"},{"floor":30.0,"key":"REST"},{"floor":32.0,"key":"REST"},{"floor":41,"key":"REST"},{"floor":49,"key":"REST"}],"neow_cost":"NONE","seed_source_timestamp":532653846045752,"circlet_count":0,"master_deck":["Strike_B+1","Strike_B+1","Defend_B+1","Defend_B","Defend_B+1","Defend_B","Zap","Dualcast","Ball Lightning+1","Streamline+1","Gash","Stack","Defragment+1","Ball Lightning","Conserve Battery","Core Surge","Beam Cell","Hello World+1","Stack","Defragment+1","Auto Shields","All For One","Cold Snap","Leap","FTL+1","Defragment+1","Cold Snap","Steam","Amplify","Conserve Battery","Hologram","Gash+1","Go for the Eyes","Fusion+1","BootSequence","Scrape+1","Dramatic Entrance","Gash+1","Electrodynamics+1","Defragment+1","Lockon+1"],"special_seed":0,"relics":["Cracked Core","NeowsBlessing","Frozen Egg 2","PreservedInsect","Blood Vial","Bottled Flame","Fusion Hammer","Bag of Preparation","Turnip","Whetstone","Strawberry","Orrery","Regal Pillow","Juzu Bracelet","Gremlin Horn","Ornamental Fan"],"potions_floor_usage":[35,44,50,50],"damage_taken":[{"damage":0.0,"enemies":"Jaw Worm","floor":1.0,"turns":1.0},{"damage":0.0,"enemies":"2 Louse","floor":4.0,"turns":1.0},{"damage":0.0,"enemies":"Lagavulin","floor":7.0,"turns":1.0},{"damage":16.0,"enemies":"Gremlin Nob","floor":10.0,"turns":3.0},{"damage":0.0,"enemies":"Cultist","floor":11.0,"turns":3.0},{"damage":2.0,"enemies":"3 Sentries","floor":12.0,"turns":5.0},{"damage":2.0,"enemies":"Gremlin Gang","floor":13.0,"turns":4.0},{"damage":16.0,"enemies":"Exordium Thugs","floor":14.0,"turns":4.0},{"damage":19.0,"enemies":"Slime Boss","floor":16.0,"turns":7.0},{"damage":21.0,"enemies":"3 Byrds","floor":18.0,"turns":4.0},{"damage":3.0,"enemies":"Spheric Guardian","floor":19.0,"turns":3.0},{"damage":1.0,"enemies":"Centurion and Healer","floor":23.0,"turns":7.0},{"damage":24.0,"enemies":"Slavers","floor":24.0,"turns":4.0},{"damage":20.0,"enemies":"Gremlin Leader","floor":27.0,"turns":6.0},{"damage":35.0,"enemies":"Slavers","floor":29.0,"turns":4.0},{"damage":0.0,"enemies":"Snecko","floor":31.0,"turns":3.0},{"damage":9,"enemies":"Automaton","floor":33,"turns":11},{"damage":34,"enemies":"3 Darklings","floor":35,"turns":3},{"damage":0,"enemies":"Orb Walker","floor":36,"turns":3},{"damage":1,"enemies":"Maw","floor":37,"turns":8},{"damage":12,"enemies":"Nemesis","floor":40,"turns":5},{"damage":6,"enemies":"Giant Head","floor":42,"turns":10},{"damage":22,"enemies":"Reptomancer","floor":44,"turns":5},{"damage":15,"enemies":"Transient","floor":47,"turns":5},{"damage":38,"enemies":"Writhing Mass","floor":48,"turns":6},{"damage":54,"enemies":"Awakened One","floor":50,"turns":3}],"seed_played":"-2294746683459561191","potions_obtained":[{"floor":4.0,"key":"LiquidBronze"},{"floor":13.0,"key":"SpeedPotion"},{"floor":16.0,"key":"SkillPotion"},{"floor":18.0,"key":"Regen Potion"},{"floor":23.0,"key":"FocusPotion"},{"floor":29.0,"key":"SmokeBomb"},{"floor":42,"key":"LiquidBronze"},{"floor":44,"key":"Dexterity Potion"},{"floor":47,"key":"Swift Potion"}],"is_trial":false,"path_per_floor":["M","?","?","M","?","R","E","R","T","E","M","E","M","M","R","B",null,"M","M","?","$","T","M","E","R","T","E","$","E","R","M","R","B",null,"M","M","M","$","?","E","R","E","T","E","?","?","M","M","R","B"],"character_chosen":"DEFECT","items_purchased":["Defragment+1","Auto Shields","All For One","Defragment+1","Block Potion"],"campfire_rested":6,"item_purchase_floors":[21,21,21,28,38],"current_hp_per_floor":[75,75,60,60,75,75,75,75,75,59,61,61,61,47,69,52,75,54,53,53,53,53,54,44,66,66,48,48,22,46,48,72,65,82,48,50,51,51,51,41,80,76,76,56,56,56,43,7,46,0],"gold":195,"neow_bonus":"THREE_ENEMY_KILL","is_prod":false,"is_daily":false,"chose_seed":false,"campfire_upgraded":2,"win_rate":0,"timestamp":1563304182,"path_taken":["M","?","?","M","?","R","E","R","T","E","M","E","M","M","R","BOSS","M","M","?","$","?","M","E","R","T","E","$","E","R","M","R","BOSS","M","?","M","$","?","E","R","E","T","E","?","?","M","M","R","BOSS"],"build_version":"2019-07-05","purchased_purges":2,"victory":false,"max_hp_per_floor":[75,75,75,75,75,75,75,75,75,75,75,75,75,75,75,75,75,75,75,75,75,75,75,75,75,75,75,75,82,82,82,82,82,82,82,82,82,82,82,82,82,82,82,82,82,82,82,82,82,82],"card_choices":[{"not_picked":["Turbo","Rebound"],"picked":"Ball Lightning","floor":1.0},{"not_picked":["Sunder","Gash"],"picked":"Streamline","floor":4.0},{"not_picked":["Hologram","Reboot"],"picked":"Gash","floor":7.0},{"not_picked":["Reprogram","Rebound","Barrage"],"picked":"SKIP","floor":10.0},{"not_picked":["Tempest","Streamline"],"picked":"Stack","floor":11.0},{"not_picked":["Defragment+1","Compile Driver","Genetic Algorithm"],"picked":"SKIP","floor":12.0},{"not_picked":["Compile Driver","Genetic Algorithm"],"picked":"Defragment+1","floor":12.0},{"not_picked":["Rip and Tear","Conserve Battery"],"picked":"Ball Lightning","floor":13.0},{"not_picked":["Barrage","Stack"],"picked":"Conserve Battery","floor":14.0},{"not_picked":["Thunder Strike","Biased Cognition+1"],"picked":"Core Surge","floor":16.0},{"not_picked":["Blizzard","Coolheaded"],"picked":"Beam Cell","floor":18.0},{"not_picked":["Redo","Coolheaded"],"picked":"Hello World+1","floor":19.0},{"not_picked":["Aggregate","Undo"],"picked":"Cold Snap","floor":23.0},{"not_picked":["Chaos","Melter+1"],"picked":"Leap","floor":24.0},{"not_picked":["Turbo","Go for the Eyes"],"picked":"FTL+1","floor":27.0},{"not_picked":["Stack","Darkness+1"],"picked":"Cold Snap","floor":29.0},{"not_picked":["Redo","Coolheaded"],"picked":"Steam","floor":31.0},{"not_picked":["Rainbow","Hyperbeam"],"picked":"Amplify","floor":33},{"not_picked":["Fusion+1","Steam"],"picked":"Conserve Battery","floor":34},{"not_picked":["Stack","Self Repair+1"],"picked":"Hologram","floor":34},{"not_picked":["Double Energy+1","Beam Cell"],"picked":"Gash+1","floor":34},{"not_picked":["Double Energy","Redo"],"picked":"Go for the Eyes","floor":34},{"not_picked":["Coolheaded","Auto Shields"],"picked":"Fusion+1","floor":34},{"not_picked":["Rebound","Ball Lightning+1"],"picked":"BootSequence","floor":36},{"not_picked":["Stack","Chill+1"],"picked":"Scrape+1","floor":37},{"not_picked":["Steam","Conserve Battery+1"],"picked":"Gash+1","floor":40},{"not_picked":["Beam Cell+1","Darkness+1"],"picked":"Electrodynamics+1","floor":42},{"not_picked":["Compile Driver+1","Undo+1","Storm+1"],"picked":"SKIP","floor":44},{"not_picked":["Scrape","Steam","Rebound+1"],"picked":"SKIP","floor":47},{"not_picked":["Rip and Tear+1","Turbo+1"],"picked":"Lockon+1","floor":48}],"player_experience":183996,"relics_obtained":[{"floor":7.0,"key":"Frozen Egg 2"},{"floor":9.0,"key":"PreservedInsect"},{"floor":10.0,"key":"Blood Vial"},{"floor":12.0,"key":"Bottled Flame"},{"floor":22.0,"key":"Bag of Preparation"},{"floor":24.0,"key":"Turnip"},{"floor":27.0,"key":"Whetstone"},{"floor":29.0,"key":"Strawberry"},{"floor":40,"key":"Regal Pillow"},{"floor":42,"key":"Juzu Bracelet"},{"floor":43,"key":"Gremlin Horn"},{"floor":44,"key":"Ornamental Fan"}],"event_choices":[{"damage_healed":0.0,"max_hp_gain":0.0,"max_hp_loss":0.0,"gold_gain":0.0,"event_name":"Liars Game","player_choice":"Ignored","floor":2.0,"gold_loss":0.0,"damage_taken":0.0},{"damage_healed":0.0,"max_hp_gain":0.0,"max_hp_loss":0.0,"gold_gain":0.0,"event_name":"Shining Light","player_choice":"Entered Light","floor":3.0,"gold_loss":0.0,"damage_taken":15.0,"cards_upgraded":["Defend_B","Defend_B"]},{"damage_healed":18.0,"max_hp_gain":0.0,"max_hp_loss":0.0,"gold_gain":0.0,"event_name":"The Cleric","player_choice":"Healed","floor":5.0,"gold_loss":35.0,"damage_taken":0.0},{"damage_healed":0.0,"max_hp_gain":0.0,"max_hp_loss":0.0,"gold_gain":0.0,"event_name":"Match and Keep!","player_choice":"1 cards matched","floor":20.0,"gold_loss":0.0,"damage_taken":0.0,"cards_obtained":["Stack"]},{"damage_healed":0,"gold_gain":0,"player_choice":"1 cards matched","damage_taken":0,"max_hp_gain":0,"max_hp_loss":0,"event_name":"Match and Keep!","floor":39,"gold_loss":0,"cards_obtained":["Dramatic Entrance"]},{"damage_healed":0,"gold_gain":0,"player_choice":"Ignored","damage_taken":0,"max_hp_gain":0,"max_hp_loss":0,"event_name":"Mysterious Sphere","floor":45,"gold_loss":0},{"damage_healed":0,"gold_gain":0,"player_choice":"Copied","damage_taken":0,"max_hp_gain":0,"max_hp_loss":0,"event_name":"Duplicator","floor":46,"gold_loss":0,"cards_obtained":["Defragment"]}],"is_beta":false,"boss_relics":[{"not_picked":["Tiny House","Snecko Eye"],"picked":"Fusion Hammer"},{"not_picked":["Empty Cage","Lizard Tail"],"picked":"Orrery"}],"items_purged_floors":[21,38],"is_endless":false,"potions_floor_spawned":[4,13,16,18,19,23,29,35,42,44,47],"killed_by":"Awakened One","ascension_level":3}