{"gold_per_floor":[111,128,58,58,81,110,110,110,110,122,122,138,138,158,158,263,263,273,302,227,245,170,190,190,190,190,122,139,155,155,155,155,258,258,272,272,235,255,155,155,169,185,485,496,496,88,98,98,98,98,98,98,98,123,123],"floor_reached":55,"playtime":2068,"items_purged":["Strike_G","Strike_G","Defend_G"],"score":697,"play_id":"de56ae7c-d09e-4cc6-be5f-1714310aa1e0","local_time":"20181104124851","is_ascension_mode":false,"campfire_choices":[{"floor":8,"key":"RECALL"},{"data":"Noxious Fumes","floor":15,"key":"SMITH"},{"data":"Catalyst","floor":24,"key":"SMITH"},{"data":"Neutralize","floor":30,"key":"SMITH"},{"floor":32,"key":"REST"},{"data":"Noxious Fumes","floor":40,"key":"SMITH"},{"data":"Malaise","floor":45,"key":"SMITH"},{"floor":49,"key":"REST"},{"data":"Footwork","floor":52,"key":"SMITH"}],"neow_cost":"NONE","seed_source_timestamp":84256021661980,"circlet_count":0,"master_deck":["Defend_G","Defend_G","Defend_G","Strike_G+1","Strike_G+1","Survivor","Neutralize+1","Dagger Throw","Noxious Fumes+1","Quick Slash","Poisoned Stab","Catalyst+1","Adrenaline","Blur","Backflip","Backflip+1","Blur","Sucker Punch","Malaise+1","Backflip+1","Noxious Fumes+1","Poisoned Stab+1","Sucker Punch+1","Leg Sweep","Footwork+1","Leg Sweep+1"],"relics":["Runic Dome","Pen Nib","Regal Pillow","Ninja Scroll","Lizard Tail","Red Mask","Bottled Flame","Sozu","Old Coin","Toolbox","Happy Flower"],"potions_floor_usage":[16,33,33,50],"damage_taken":[{"damage":0,"enemies":"Jaw Worm","floor":1,"turns":4},{"damage":0,"enemies":"Small Slimes","floor":2,"turns":4},{"damage":19,"enemies":"3 Sentries","floor":6,"turns":9},{"damage":4,"enemies":"2 Louse","floor":10,"turns":2},{"damage":0,"enemies":"Red Slaver","floor":12,"turns":1},{"damage":2,"enemies":"2 Fungi Beasts","floor":14,"turns":3},{"damage":16,"enemies":"The Guardian","floor":16,"turns":10},{"damage":9,"enemies":"3 Byrds","floor":18,"turns":4},{"damage":12,"enemies":"Masked Bandits","floor":19,"turns":5},{"damage":2,"enemies":"Chosen","floor":21,"turns":4},{"damage":5,"enemies":"Snake Plant","floor":23,"turns":4},{"damage":2,"enemies":"Centurion and Healer","floor":28,"turns":6},{"damage":16,"enemies":"Snecko","floor":29,"turns":5},{"damage":9,"enemies":"Colosseum Slavers","floor":31,"turns":5},{"damage":57,"enemies":"Collector","floor":33,"turns":12},{"damage":16,"enemies":"3 Darklings","floor":35,"turns":6},{"damage":5,"enemies":"Orb Walker","floor":38,"turns":4},{"damage":12,"enemies":"Jaw Worm Horde","floor":41,"turns":5},{"damage":16,"enemies":"4 Shapes","floor":42,"turns":5},{"damage":0,"enemies":"Sphere and 2 Shapes","floor":44,"turns":5},{"damage":8,"enemies":"Maw","floor":47,"turns":8},{"damage":41,"enemies":"Time Eater","floor":50,"turns":15},{"damage":65,"enemies":"Shield and Spear","floor":54,"turns":7},{"damage":30,"enemies":"The Heart","floor":55,"turns":3}],"seed_played":"-4234057944708700768","potions_obtained":[{"floor":12,"key":"Block Potion"},{"floor":14,"key":"LiquidBronze"},{"floor":18,"key":"GhostInAJar"},{"floor":19,"key":"Dexterity Potion"}],"is_trial":false,"path_per_floor":["M","M","$","?","T","E","?","R","T","M","T","M","?","M","R","B",null,"M","?","?","M","$","M","R","?","T","$","M","M","R","?","R","B",null,"M","?","$","M","$","R","M","M","T","M","R","$","M","$","R","B",null,"R","$","E","B"],"character_chosen":"THE_SILENT","items_purchased":["Noxious Fumes","Blur","Noxious Fumes","Footwork","Toolbox"],"campfire_rested":2,"item_purchase_floors":[3,27,37,46,46],"current_hp_per_floor":[70,70,70,56,56,37,30,30,30,26,26,26,26,24,24,8,70,61,49,49,47,47,42,42,42,42,42,40,24,24,15,51,35,70,54,54,54,49,49,49,37,21,21,21,21,21,13,13,49,8,70,70,70,5,0],"gold":123,"neow_bonus":"BOSS_RELIC","is_prod":false,"is_daily":false,"chose_seed":false,"campfire_upgraded":6,"win_rate":0,"timestamp":1541296131,"path_taken":["M","M","$","?","?","E","?","R","T","M","?","?","?","M","R","BOSS","M","?","?","?","$","M","R","?","T","?","M","M","R","?","R","BOSS","M","?","$","M","$","R","M","M","T","M","R","?","?","?","R","BOSS","R","$","E","BOSS"],"build_version":"2018-11-02","purchased_purges":3,"victory":false,"max_hp_per_floor":[70,70,70,70,70,70,70,70,70,70,70,70,70,70,70,70,70,70,70,70,70,70,70,70,70,70,70,70,70,70,70,70,70,70,70,70,70,70,70,70,70,70,70,70,70,70,70,70,70,70,70,70,70,70,70],"card_choices":[{"not_picked":["Masterful Stab","Prepared"],"picked":"Dagger Throw","floor":1},{"not_picked":["Bane","Dodge and Roll","Infinite Blades"],"picked":"SKIP","floor":2},{"not_picked":["Deadly Poison","Unload"],"picked":"Quick Slash","floor":6},{"not_picked":["Dodge and Roll","Bane"],"picked":"Poisoned Stab","floor":10},{"not_picked":["PiercingWail","Masterful Stab"],"picked":"Catalyst","floor":12},{"not_picked":["Flechettes","Prepared","Slice"],"picked":"SKIP","floor":14},{"not_picked":["Grand Finale","Glass Knife"],"picked":"Adrenaline","floor":16},{"not_picked":["Predator+1","Infinite Blades"],"picked":"Blur","floor":18},{"not_picked":["Deadly Poison","Dagger Throw"],"picked":"Backflip","floor":21},{"not_picked":["Outmaneuver+1","Prepared+1"],"picked":"Backflip+1","floor":23},{"not_picked":["Slice","Dodge and Roll+1","Prepared"],"picked":"SKIP","floor":28},{"not_picked":["Caltrops","Terror+1"],"picked":"Sucker Punch","floor":29},{"not_picked":["Tools of the Trade","Venomology"],"picked":"Malaise","floor":33},{"not_picked":["Deadly Poison","Dagger Spray+1"],"picked":"Backflip+1","floor":35},{"not_picked":["Skewer+1","Prepared+1"],"picked":"Poisoned Stab+1","floor":38},{"not_picked":["Poisoned Stab+1","Blade Dance"],"picked":"Sucker Punch+1","floor":41},{"not_picked":["Deflect","Dodge and Roll+1","PiercingWail+1"],"picked":"SKIP","floor":42},{"not_picked":["Flying Knee+1","Storm of Steel"],"picked":"Leg Sweep","floor":44},{"not_picked":["Setup","Deadly Poison+1","Accuracy+1"],"picked":"SKIP","floor":47},{"not_picked":["Predator+1","Flying Knee"],"picked":"Leg Sweep+1","floor":54}],"player_experience":414780,"relics_obtained":[{"floor":6,"key":"Pen Nib"},{"floor":9,"key":"Regal Pillow"},{"floor":11,"key":"Ninja Scroll"},{"floor":19,"key":"Red Mask"},{"floor":26,"key":"Bottled Flame"},{"floor":43,"key":"Old Coin"},{"floor":54,"key":"Happy Flower"}],"event_choices":[{"damage_healed":0,"gold_gain":0,"player_choice":"Entered Light","damage_taken":14,"max_hp_gain":0,"max_hp_loss":0,"event_name":"Shining Light","floor":4,"gold_loss":0,"cards_upgraded":["Strike_G","Strike_G"]},{"cards_removed":["Strike_G"],"damage_healed":0,"gold_gain":0,"player_choice":"Card Removal","damage_taken":7,"max_hp_gain":0,"max_hp_loss":0,"event_name":"Golden Wing","floor":7,"gold_loss":0},{"damage_healed":0,"gold_gain":0,"player_choice":"Fled","damage_taken":0,"max_hp_gain":0,"max_hp_loss":0,"event_name":"Scrap Ooze","floor":13,"gold_loss":0},{"damage_healed":0,"gold_gain":0,"player_choice":"Fought Bandits","damage_taken":0,"max_hp_gain":0,"max_hp_loss":0,"event_name":"Masked Bandits","floor":19,"gold_loss":0},{"cards_removed":["Defend_G"],"damage_healed":0,"gold_gain":0,"player_choice":"Gave Gold","damage_taken":0,"max_hp_gain":0,"max_hp_loss":0,"event_name":"Beggar","floor":20,"gold_loss":75},{"damage_healed":0,"gold_gain":0,"player_choice":"Ignored","damage_taken":0,"max_hp_gain":0,"max_hp_loss":0,"event_name":"Ghosts","floor":25,"gold_loss":0},{"damage_healed":0,"gold_gain":0,"player_choice":"Fight","damage_taken":0,"max_hp_gain":0,"max_hp_loss":0,"event_name":"Colosseum","floor":31,"gold_loss":0},{"damage_healed":0,"gold_gain":0,"player_choice":"Fled From Nobs","damage_taken":0,"max_hp_gain":0,"max_hp_loss":0,"event_name":"Colosseum","floor":31,"gold_loss":0},{"damage_healed":0,"gold_gain":0,"player_choice":"Got Potions","damage_taken":0,"max_hp_gain":0,"max_hp_loss":0,"event_name":"Lab","floor":36,"gold_loss":0}],"is_beta":true,"boss_relics":[{"not_picked":["Calling Bell","Snecko Eye"],"picked":"Lizard Tail"},{"not_picked":["WristBlade","Astrolabe"],"picked":"Sozu"}],"items_purged_floors":[22,39,46],"is_endless":false,"potions_floor_spawned":[12,14,18,19,35,41,44,54],"killed_by":"The Heart","ascension_level":0}