{"gold_per_floor":[111,125,142,142,142,142,21,21,21,35,35,62,72,72,72,143,143,160,160,160,192,132,132,149,149,195,110,110,30,46,61,61,139,139,155,165,265,3,3,3,23,23,23,23,23,40,40,59,59,59],"floor_reached":51,"playtime":2269,"items_purged":["Corpse Explosion","Strike_G","Defend_G"],"score":1058,"play_id":"2ce83178-a439-449c-8b2e-58b1a418b8ee","local_time":"20181217155454","is_ascension_mode":true,"campfire_choices":[{"data":"Deadly Poison","floor":6.0,"key":"SMITH"},{"data":"Footwork","floor":8.0,"key":"SMITH"},{"data":"Dagger Spray","floor":11.0,"key":"SMITH"},{"data":"Footwork","floor":15.0,"key":"SMITH"},{"data":"Sucker Punch","floor":23.0,"key":"SMITH"},{"data":"Tools of the Trade","floor":25.0,"key":"SMITH"},{"data":"Backflip","floor":28.0,"key":"SMITH"},{"floor":32.0,"key":"REST"},{"data":"Envenom","floor":40,"key":"SMITH"},{"data":"Corpse Explosion","floor":42,"key":"SMITH"},{"data":"Backflip","floor":44,"key":"SMITH"},{"floor":49,"key":"REST"}],"neow_cost":"NONE","seed_source_timestamp":147188288293365,"circlet_count":0,"master_deck":["AscendersBane","Defend_G","Defend_G","Defend_G","Strike_G","Strike_G","Survivor","Neutralize+1","Deadly Poison+1","Predator","Footwork+1","Dagger Spray+1","Footwork+1","Corpse Explosion+1","Tools of the Trade+1","Sucker Punch+1","Backflip+1","Calculated Gamble","Envenom+1","Backflip+1","Bouncing Flask+1","Envenom+1","Acrobatics","Parasite","PiercingWail+1"],"special_seed":0,"relics":["Ring of the Snake","Snake Skull","The Courier","Sozu","Red Mask","Bronze Scales","Shuriken","Philosopher\u0027s Stone","Torii","Lee\u0027s Waffle","Letter Opener","Darkstone Periapt"],"potions_floor_usage":[50],"damage_taken":[{"damage":0.0,"enemies":"Jaw Worm","floor":1.0,"turns":6.0},{"damage":6.0,"enemies":"2 Louse","floor":2.0,"turns":3.0},{"damage":2.0,"enemies":"Cultist","floor":3.0,"turns":4.0},{"damage":16.0,"enemies":"Gremlin Gang","floor":10.0,"turns":7.0},{"damage":7.0,"enemies":"Lagavulin","floor":12.0,"turns":5.0},{"damage":1.0,"enemies":"Blue Slaver","floor":13.0,"turns":4.0},{"damage":16.0,"enemies":"Slime Boss","floor":16.0,"turns":10.0},{"damage":0.0,"enemies":"2 Thieves","floor":18.0,"turns":3.0},{"damage":4.0,"enemies":"Masked Bandits","floor":21.0,"turns":2.0},{"damage":0.0,"enemies":"3 Byrds","floor":24.0,"turns":2.0},{"damage":13.0,"enemies":"Snecko","floor":30.0,"turns":5.0},{"damage":0.0,"enemies":"Chosen and Byrds","floor":31.0,"turns":5.0},{"damage":43.0,"enemies":"Collector","floor":33.0,"turns":13.0},{"damage":13,"enemies":"3 Shapes","floor":35,"turns":3},{"damage":0,"enemies":"Orb Walker","floor":36,"turns":4},{"damage":0,"enemies":"Mind Bloom Boss Battle","floor":37,"turns":7},{"damage":1,"enemies":"Maw","floor":41,"turns":6},{"damage":15,"enemies":"Sphere and 2 Shapes","floor":46,"turns":4},{"damage":14,"enemies":"Writhing Mass","floor":48,"turns":5},{"damage":35,"enemies":"Time Eater","floor":50,"turns":12}],"seed_played":"-6715190902157540647","potions_obtained":[{"floor":3.0,"key":"FearPotion"},{"floor":12.0,"key":"Swift Potion"},{"floor":13.0,"key":"Strength Potion"}],"is_trial":false,"path_per_floor":["M","M","M","?","?","R","$","R","T","M","R","E","M","?","R","B",null,"M","?","?","?","$","R","M","R","T","?","R","$","M","M","R","B",null,"M","M","?","$","?","R","M","R","T","R","?","M","T","M","R","B",null],"character_chosen":"THE_SILENT","items_purchased":["Footwork","Dagger Spray","Lee\u0027s Waffle"],"campfire_rested":2,"item_purchase_floors":[7,7,38],"current_hp_per_floor":[59,53,51,51,51,51,51,51,51,35,35,28,27,27,27,11,52,52,40,63,59,59,59,59,59,59,59,59,59,46,46,67,24,59,46,46,46,78,74,74,73,73,73,73,73,58,58,50,74,39],"gold":59,"neow_bonus":"UPGRADE_CARD","is_prod":false,"is_daily":false,"chose_seed":false,"campfire_upgraded":10,"win_rate":0,"timestamp":1545022494,"path_taken":["M","M","M","?","?","R","$","R","T","?","R","E","?","?","R","BOSS","M","?","?","?","$","R","M","R","T","?","R","$","M","M","R","BOSS","M","M","?","$","?","R","M","R","T","R","?","?","?","M","R","BOSS"],"build_version":"2018-12-13","purchased_purges":3,"victory":true,"max_hp_per_floor":[66,66,66,66,66,66,66,66,66,66,66,66,66,66,66,66,66,66,71,71,71,71,71,71,71,71,71,71,71,71,71,71,71,71,71,71,71,78,74,74,74,74,74,74,74,74,74,80,80,80],"card_choices":[{"not_picked":["Tactician","PiercingWail"],"picked":"Deadly Poison","floor":1.0},{"not_picked":["Accuracy","Eviscerate","Acrobatics"],"picked":"SKIP","floor":2.0},{"not_picked":["Outmaneuver","Sucker Punch"],"picked":"Predator","floor":3.0},{"not_picked":["Infinite Blades","Deflect"],"picked":"Corpse Explosion","floor":10.0},{"not_picked":["Underhanded Strike","Deflect"],"picked":"Footwork","floor":12.0},{"not_picked":["Bane","Flechettes","Choke"],"picked":"SKIP","floor":13.0},{"not_picked":["Grand Finale","A Thousand Cuts"],"picked":"Tools of the Trade","floor":16.0},{"not_picked":["Dodge and Roll","Poisoned Stab"],"picked":"Sucker Punch","floor":18.0},{"not_picked":["A Thousand Cuts","Bane"],"picked":"Backflip","floor":24.0},{"not_picked":["Accuracy","Setup","Dagger Throw"],"picked":"SKIP","floor":30.0},{"not_picked":["Predator","Poisoned Stab"],"picked":"Calculated Gamble","floor":31.0},{"not_picked":["Die Die Die","A Thousand Cuts"],"picked":"Envenom","floor":33.0},{"not_picked":["Heel Hook","Accuracy+1","Choke"],"picked":"SKIP","floor":35},{"not_picked":["Setup","Acrobatics"],"picked":"Backflip","floor":36},{"not_picked":["Quick Slash","Prepared"],"picked":"Bouncing Flask+1","floor":37},{"not_picked":["Poisoned Stab","Setup+1","Blade Dance"],"picked":"SKIP","floor":41},{"not_picked":["Dagger Throw","Poisoned Stab"],"picked":"Acrobatics","floor":46},{"not_picked":["Venomology","Outmaneuver+1"],"picked":"PiercingWail+1","floor":48}],"player_experience":484787,"relics_obtained":[{"floor":9.0,"key":"Snake Skull"},{"floor":12.0,"key":"The Courier"},{"floor":21.0,"key":"Red Mask"},{"floor":26.0,"key":"Bronze Scales"},{"floor":37,"key":"Torii"},{"floor":43,"key":"Letter Opener"},{"floor":47,"key":"Darkstone Periapt"}],"event_choices":[{"cards_removed":["Strike_G"],"damage_healed":0.0,"max_hp_gain":0.0,"max_hp_loss":0.0,"gold_gain":0.0,"event_name":"Living Wall","player_choice":"Forget","floor":4.0,"gold_loss":0.0,"damage_taken":0.0},{"cards_removed":["Strike_G"],"damage_healed":0.0,"max_hp_gain":0.0,"max_hp_loss":0.0,"gold_gain":0.0,"event_name":"Purifier","player_choice":"Purged","floor":5.0,"gold_loss":0.0,"damage_taken":0.0},{"damage_healed":0.0,"max_hp_gain":0.0,"max_hp_loss":0.0,"gold_gain":0.0,"cards_transformed":["Defend_G"],"event_name":"Transmorgrifier","player_choice":"Transformed","floor":14.0,"gold_loss":0.0,"damage_taken":0.0,"cards_obtained":["Corpse Explosion"]},{"damage_healed":0.0,"max_hp_gain":5.0,"max_hp_loss":0.0,"gold_gain":0.0,"event_name":"Forgotten Altar","player_choice":"Shed Blood","floor":19.0,"gold_loss":0.0,"damage_taken":17.0},{"damage_healed":23.0,"max_hp_gain":0.0,"max_hp_loss":0.0,"gold_gain":0.0,"event_name":"The Library","player_choice":"Heal","floor":20.0,"gold_loss":0.0,"damage_taken":0.0},{"damage_healed":0.0,"max_hp_gain":0.0,"max_hp_loss":0.0,"gold_gain":0.0,"event_name":"Masked Bandits","player_choice":"Fought Bandits","floor":21.0,"gold_loss":0.0,"damage_taken":0.0},{"damage_healed":0.0,"max_hp_gain":0.0,"max_hp_loss":0.0,"gold_gain":0.0,"event_name":"Addict","player_choice":"Obtained Relic","floor":27.0,"gold_loss":85.0,"damage_taken":0.0,"relics_obtained":["Shuriken"]},{"damage_healed":0,"gold_gain":0,"player_choice":"Fight","damage_taken":0,"max_hp_gain":0,"max_hp_loss":0,"event_name":"MindBloom","floor":37,"gold_loss":0},{"damage_healed":0,"gold_gain":0,"player_choice":"Max HP","damage_taken":0,"max_hp_gain":0,"max_hp_loss":4,"event_name":"Winding Halls","floor":39,"gold_loss":0},{"damage_healed":0,"gold_gain":0,"player_choice":"Copied","damage_taken":0,"max_hp_gain":0,"max_hp_loss":0,"event_name":"Duplicator","floor":45,"gold_loss":0,"cards_obtained":["Envenom"]}],"is_beta":true,"boss_relics":[{"not_picked":["Orrery","Runic Dome"],"picked":"Sozu"},{"not_picked":["WristBlade","Coffee Dripper"],"picked":"Philosopher\u0027s Stone"}],"items_purged_floors":[22,29,38],"is_endless":false,"potions_floor_spawned":[3,12,13,18,30,31,46,48],"ascension_level":14}