{"gold_per_floor":[110,22,39,39,39,39,39,59,85,85,100,175,190,99,99,201,201,214,67,79,96,114,114,129,129,129,142,142,33,33,33,33,136,136,151,151,12,12,12,12,12,24,74,74,87,106,106,0,0,0],"floor_reached":51,"playtime":3858,"items_purged":[],"score":635,"play_id":"61dc80e1-2e33-4f60-8441-4223eee24c6e","local_time":"20190711152939","is_ascension_mode":false,"campfire_choices":[{"data":"Fusion","floor":6.0,"key":"SMITH"},{"floor":15.0,"key":"REST"},{"floor":23.0,"key":"REST"},{"floor":32.0,"key":"REST"},{"data":"Blizzard","floor":40,"key":"SMITH"},{"floor":47,"key":"REST"},{"data":"Blizzard","floor":49,"key":"SMITH"}],"neow_cost":"NONE","seed_source_timestamp":0,"circlet_count":0,"master_deck":["Strike_B","Strike_B","Strike_B","Defend_B","Defend_B","Defend_B","Defend_B","Zap","Chill","Fusion+1","Defragment+1","Conserve Battery","Cold Snap","Blizzard+1","Machine Learning","Streamline","Flash of Steel","Auto Shields","Leap","Aggregate","Chill","Glacier","Undo+1","Capacitor","Reinforced Body","Melter","Consume+1","Creative AI","Cold Snap","Good Instincts","Self Repair","Blizzard+1","Sunder","Blizzard+1","Streamline+1","Cold Snap","Reinforced Body+1"],"special_seed":0,"relics":["FrozenCore","Bronze Scales","Dream Catcher","Vajra","Eternal Feather","Bag of Preparation","Red Mask"],"potions_floor_usage":[46,50,50],"damage_taken":[{"damage":5.0,"enemies":"Small Slimes","floor":1.0,"turns":4.0},{"damage":4.0,"enemies":"Jaw Worm","floor":3.0,"turns":4.0},{"damage":0.0,"enemies":"2 Louse","floor":8.0,"turns":2.0},{"damage":0.0,"enemies":"Large Slime","floor":11.0,"turns":6.0},{"damage":0.0,"enemies":"Blue Slaver","floor":13.0,"turns":4.0},{"damage":19.0,"enemies":"Slime Boss","floor":16.0,"turns":9.0},{"damage":8.0,"enemies":"Chosen","floor":18.0,"turns":6.0},{"damage":6.0,"enemies":"3 Byrds","floor":20.0,"turns":2.0},{"damage":14.0,"enemies":"Snake Plant","floor":21.0,"turns":5.0},{"damage":4.0,"enemies":"3 Cultists","floor":22.0,"turns":7.0},{"damage":24.0,"enemies":"Centurion and Healer","floor":24.0,"turns":13.0},{"damage":0.0,"enemies":"Sentry and Sphere","floor":27.0,"turns":12.0},{"damage":19.0,"enemies":"Automaton","floor":33.0,"turns":18.0},{"damage":19,"enemies":"Orb Walker","floor":35,"turns":7},{"damage":11,"enemies":"3 Shapes","floor":42,"turns":8},{"damage":4,"enemies":"Maw","floor":45,"turns":13},{"damage":31,"enemies":"Spire Growth","floor":46,"turns":7},{"damage":42,"enemies":"Awakened One","floor":50,"turns":19}],"seed_played":"684965038607225726","potions_obtained":[{"floor":3.0,"key":"Explosive Potion"},{"floor":16.0,"key":"Explosive Potion"},{"floor":18.0,"key":"EssenceOfSteel"},{"floor":20.0,"key":"FocusPotion"},{"floor":22.0,"key":"Fruit Juice"},{"floor":27.0,"key":"AttackPotion"},{"floor":33.0,"key":"Strength Potion"},{"floor":45,"key":"EssenceOfSteel"},{"floor":46,"key":"PowerPotion"}],"is_trial":false,"path_per_floor":["M","$","M","?","?","R","?","M","T","?","M","?","M","$","R","B",null,"M","$","M","M","M","R","M","?","T","M","?","$","?","?","R","B",null,"M","?","$","?","?","R","$","M","T","?","M","M","R","?","R","B",null],"character_chosen":"DEFECT","items_purchased":["Defragment","Conserve Battery","Flash of Steel","Dream Catcher","Reinforced Body","Melter","Self Repair","Blizzard"],"campfire_rested":4,"item_purchase_floors":[2,2,14,19,29,29,37,37],"current_hp_per_floor":[70,70,66,71,71,71,71,71,71,71,71,60,60,60,80,61,80,72,72,66,52,53,78,54,54,54,54,54,54,54,54,79,60,85,66,66,66,66,66,84,84,80,80,80,83,59,85,85,85,43],"gold":0,"neow_bonus":"TRANSFORM_CARD","is_prod":false,"is_daily":false,"chose_seed":false,"campfire_upgraded":3,"win_rate":0.0,"timestamp":1562873379,"path_taken":["M","$","M","?","?","R","?","M","T","?","M","?","M","?","R","BOSS","M","$","M","M","M","R","M","?","T","M","?","?","?","?","R","BOSS","M","?","$","?","?","R","?","M","T","?","?","M","R","?","R","BOSS"],"build_version":"2019-07-05","purchased_purges":0,"victory":true,"max_hp_per_floor":[75,75,75,80,80,80,80,80,80,80,80,80,80,80,80,80,80,80,80,80,80,85,85,85,85,85,85,85,85,85,85,85,85,85,85,85,85,85,85,85,85,85,85,85,85,85,85,85,85,85],"card_choices":[{"not_picked":["Conserve Battery","Compile Driver"],"picked":"Fusion","floor":1.0},{"not_picked":["Turbo","Lockon"],"picked":"Cold Snap","floor":3.0},{"not_picked":["Storm","Compile Driver"],"picked":"Blizzard","floor":8.0},{"not_picked":["Conserve Battery","Streamline"],"picked":"Machine Learning","floor":11.0},{"not_picked":["Reprogram","Compile Driver"],"picked":"Streamline","floor":13.0},{"not_picked":["Reboot","Rainbow"],"picked":"Thunder Strike","floor":16.0},{"not_picked":["Chaos","Doom and Gloom"],"picked":"Auto Shields","floor":18.0},{"not_picked":["Coolheaded","Beam Cell"],"picked":"Leap","floor":20.0},{"not_picked":["Sweeping Beam","Hologram+1"],"picked":"Aggregate","floor":21.0},{"not_picked":["Lockon+1","Stack"],"picked":"Chill","floor":22.0},{"not_picked":["Hologram","Steam"],"picked":"Glacier","floor":23.0},{"not_picked":["Amplify","Sweeping Beam+1"],"picked":"Undo+1","floor":24.0},{"not_picked":["BootSequence+1","Cold Snap+1"],"picked":"Capacitor","floor":27.0},{"not_picked":["Barrage","Darkness"],"picked":"Consume+1","floor":32.0},{"not_picked":["Reboot","Amplify"],"picked":"Creative AI","floor":33.0},{"not_picked":["Stack+1","BootSequence"],"picked":"Cold Snap","floor":35},{"not_picked":["Master of Strategy","Panache"],"picked":"Good Instincts","floor":36},{"not_picked":["Stack","Steam+1"],"picked":"Sunder","floor":42},{"not_picked":["Barrage","Reprogram+1"],"picked":"Streamline+1","floor":45},{"not_picked":["Steam","Barrage+1"],"picked":"Cold Snap","floor":46},{"not_picked":["Conserve Battery","Sweeping Beam"],"picked":"Reinforced Body+1","floor":47}],"player_experience":74635,"relics_obtained":[{"floor":9.0,"key":"Bronze Scales"},{"floor":26.0,"key":"Vajra"},{"floor":43,"key":"Bag of Preparation"}],"event_choices":[{"damage_healed":0.0,"max_hp_gain":5.0,"max_hp_loss":0.0,"gold_gain":0.0,"event_name":"Big Fish","player_choice":"Donut","floor":4.0,"gold_loss":0.0,"damage_taken":0.0},{"damage_healed":0.0,"max_hp_gain":0.0,"max_hp_loss":0.0,"gold_gain":0.0,"event_name":"Liars Game","player_choice":"Ignored","floor":5.0,"gold_loss":0.0,"damage_taken":0.0},{"damage_healed":0.0,"max_hp_gain":0.0,"max_hp_loss":0.0,"gold_gain":0.0,"event_name":"Living Wall","player_choice":"Grow","floor":7.0,"gold_loss":0.0,"damage_taken":0.0,"cards_upgraded":["Defragment"]},{"damage_healed":0.0,"max_hp_gain":0.0,"max_hp_loss":0.0,"gold_gain":0.0,"event_name":"Scrap Ooze","player_choice":"Fled","floor":10.0,"gold_loss":0.0,"damage_taken":0.0},{"damage_healed":0.0,"max_hp_gain":0.0,"max_hp_loss":0.0,"gold_gain":75.0,"event_name":"World of Goop","player_choice":"Gather Gold","floor":12.0,"gold_loss":0.0,"damage_taken":11.0},{"damage_healed":0.0,"max_hp_gain":0.0,"max_hp_loss":0.0,"gold_gain":0.0,"event_name":"Cursed Tome","player_choice":"Ignored","floor":25.0,"gold_loss":0.0,"damage_taken":0.0},{"damage_healed":0.0,"max_hp_gain":0.0,"max_hp_loss":0.0,"gold_gain":0.0,"event_name":"Ghosts","player_choice":"Ignored","floor":28.0,"gold_loss":0.0,"damage_taken":0.0},{"cards_removed":["Thunder Strike"],"damage_healed":0.0,"max_hp_gain":0.0,"max_hp_loss":0.0,"gold_gain":0.0,"event_name":"Back to Basics","player_choice":"Elegance","floor":31.0,"gold_loss":0.0,"damage_taken":0.0},{"damage_healed":0,"gold_gain":0,"player_choice":"Memory 1","damage_taken":0,"max_hp_gain":0,"max_hp_loss":0,"event_name":"SensoryStone","floor":36,"gold_loss":0},{"damage_healed":0,"gold_gain":0,"player_choice":"Ignored","damage_taken":0,"max_hp_gain":0,"max_hp_loss":0,"event_name":"Mysterious Sphere","floor":38,"gold_loss":0},{"cards_removed":["Strike_B"],"damage_healed":0,"gold_gain":0,"player_choice":"Removed Attack","damage_taken":0,"max_hp_gain":0,"max_hp_loss":0,"event_name":"Falling","floor":39,"gold_loss":0},{"damage_healed":0,"gold_gain":0,"player_choice":"Copied","damage_taken":0,"max_hp_gain":0,"max_hp_loss":0,"event_name":"Duplicator","floor":44,"gold_loss":0,"cards_obtained":["Blizzard"]},{"damage_healed":0,"gold_gain":0,"player_choice":"Paid","damage_taken":0,"relics_obtained":["Red Mask"],"max_hp_gain":0,"max_hp_loss":0,"event_name":"Tomb of Lord Red Mask","floor":48,"gold_loss":106}],"is_beta":false,"boss_relics":[{"not_picked":["Velvet Choker","Astrolabe"],"picked":"FrozenCore"},{"not_picked":["Nuclear Battery","Black Star"],"picked":"Eternal Feather"}],"items_purged_floors":[],"is_endless":false,"potions_floor_spawned":[3,16,18,20,22,27,33,45,46],"ascension_level":0}