{"gold_per_floor":[219,238,256,256,256,256,74,149,149,5,20,94,104,117,117,215,265,279,46,40,52,52,52,52,52,75,93,112,129,59,59],"floor_reached":31,"playtime":2097,"items_purged":[],"score":229,"play_id":"6f7a3e33-1c4b-4f00-8ab9-e24955c2e380","local_time":"20190710173829","is_ascension_mode":false,"campfire_choices":[{"data":"Blizzard","floor":6,"key":"SMITH"},{"floor":15,"key":"REST"},{"floor":23,"key":"REST"},{"floor":25,"key":"REST"}],"neow_cost":"NONE","seed_source_timestamp":23790366186960,"circlet_count":0,"master_deck":["Strike_B","Strike_B","Strike_B+1","Defend_B","Defend_B","Defend_B","Defend_B","Zap","Dualcast","Cold Snap","Blizzard+1","Melter","Heatsinks","Leap","Fusion","Storm","Stack","Ball Lightning","Reinforced Body","Tempest","Defragment","Buffer","Glacier","Barrage","Static Discharge","Stack","Force Field","Shame","Defragment","Loop+1","Storm","Conserve Battery+1","Storm"],"relics":["Cracked Core","Sundial","Tiny House","Oddly Smooth Stone","Pen Nib"],"potions_floor_usage":[16],"damage_taken":[{"damage":4,"enemies":"2 Louse","floor":1,"turns":3},{"damage":0,"enemies":"Small Slimes","floor":2,"turns":3},{"damage":0,"enemies":"Jaw Worm","floor":3,"turns":3},{"damage":12,"enemies":"2 Fungi Beasts","floor":11,"turns":3},{"damage":2,"enemies":"Blue Slaver","floor":13,"turns":4},{"damage":0,"enemies":"Exordium Wildlife","floor":14,"turns":4},{"damage":47,"enemies":"The Guardian","floor":16,"turns":14},{"damage":7,"enemies":"Shell Parasite","floor":18,"turns":7},{"damage":32,"enemies":"2 Thieves","floor":20,"turns":5},{"damage":35,"enemies":"3 Cultists","floor":21,"turns":6},{"damage":26,"enemies":"Centurion and Healer","floor":27,"turns":7},{"damage":15,"enemies":"Sentry and Sphere","floor":28,"turns":5},{"damage":5,"enemies":"Snecko","floor":29,"turns":6},{"damage":21,"enemies":"Snake Plant","floor":31,"turns":2}],"seed_played":"-1962886529740186607","potions_obtained":[{"floor":2,"key":"AttackPotion"},{"floor":13,"key":"Swift Potion"},{"floor":14,"key":"Poison Potion"},{"floor":17,"key":"Swift Potion"},{"floor":27,"key":"SpeedPotion"},{"floor":29,"key":"FocusPotion"}],"is_trial":false,"path_per_floor":["M","M","M","?","?","R","$","?","T","$","M","?","M","M","R","B",null,"M","$","M","M","?","R","?","R","T","M","M","M","$","M"],"character_chosen":"DEFECT","items_purchased":["Heatsinks","Leap","Fusion","Storm","Stack","Ball Lightning","Static Discharge","Oddly Smooth Stone","Storm"],"campfire_rested":3,"item_purchase_floors":[7,7,7,10,10,10,19,19,30],"current_hp_per_floor":[71,71,71,76,76,76,76,65,65,65,53,53,51,51,75,28,85,78,78,46,11,11,36,36,61,61,35,20,15,15,0],"gold":59,"neow_bonus":"HUNDRED_GOLD","is_prod":false,"is_daily":false,"chose_seed":false,"campfire_upgraded":1,"win_rate":0.0,"timestamp":1562794709,"path_taken":["M","M","M","?","?","R","$","?","T","?","M","?","?","M","R","BOSS","M","$","M","M","?","R","?","R","T","M","M","?","?","M"],"build_version":"2019-07-05","purchased_purges":0,"victory":false,"max_hp_per_floor":[75,75,75,80,80,80,80,80,80,80,80,80,80,80,80,80,85,85,85,85,85,85,85,85,85,85,85,85,85,85,85],"card_choices":[{"not_picked":["Lockon","Go for the Eyes"],"picked":"Cold Snap","floor":1},{"not_picked":["Compile Driver","Stack"],"picked":"Blizzard","floor":2},{"not_picked":["Ball Lightning","Go for the Eyes"],"picked":"Melter","floor":3},{"not_picked":["Leap","Skim"],"picked":"Reinforced Body","floor":11},{"not_picked":["Aggregate","Compile Driver"],"picked":"Tempest","floor":13},{"not_picked":["FTL","Hologram"],"picked":"Defragment","floor":14},{"not_picked":["Thunder Strike","Seek"],"picked":"Buffer","floor":16},{"not_picked":["Rip and Tear","Streamline"],"picked":"Glacier","floor":17},{"not_picked":["Sweeping Beam","Compile Driver+1"],"picked":"Barrage","floor":18},{"not_picked":["Genetic Algorithm","Reprogram"],"picked":"Stack","floor":20},{"not_picked":["Go for the Eyes","Cold Snap+1"],"picked":"Force Field","floor":21},{"not_picked":["Redo","Beam Cell"],"picked":"Loop+1","floor":27},{"not_picked":["Blizzard","Force Field"],"picked":"Storm","floor":28},{"not_picked":["Gash","Ball Lightning"],"picked":"Conserve Battery+1","floor":29}],"player_experience":45030,"relics_obtained":[{"floor":9,"key":"Sundial"},{"floor":26,"key":"Pen Nib"}],"event_choices":[{"damage_healed":0,"gold_gain":0,"player_choice":"Donut","damage_taken":0,"max_hp_gain":5,"max_hp_loss":0,"event_name":"Big Fish","floor":4,"gold_loss":0},{"damage_healed":0,"gold_gain":0,"player_choice":"Ignored","damage_taken":0,"max_hp_gain":0,"max_hp_loss":0,"event_name":"Liars Game","floor":5,"gold_loss":0},{"damage_healed":0,"gold_gain":75,"player_choice":"Gather Gold","damage_taken":11,"max_hp_gain":0,"max_hp_loss":0,"event_name":"World of Goop","floor":8,"gold_loss":0},{"damage_healed":0,"gold_gain":74,"player_choice":"Gained Gold","damage_taken":0,"max_hp_gain":0,"max_hp_loss":0,"event_name":"Golden Wing","floor":12,"gold_loss":0},{"damage_healed":0,"gold_gain":0,"player_choice":"Smashed Altar","damage_taken":0,"max_hp_gain":0,"max_hp_loss":0,"event_name":"Forgotten Altar","floor":22,"gold_loss":0,"cards_obtained":["Decay"]},{"damage_healed":0,"gold_gain":0,"cards_transformed":["Decay","Strike_B"],"player_choice":"Became Test Subject","damage_taken":0,"max_hp_gain":0,"max_hp_loss":0,"event_name":"Drug Dealer","floor":24,"gold_loss":0,"cards_obtained":["Shame","Defragment"]}],"is_beta":false,"boss_relics":[{"not_picked":["Lizard Tail","Astrolabe"],"picked":"Tiny House"}],"items_purged_floors":[],"is_endless":false,"potions_floor_spawned":[2,13,14,27,28,29],"killed_by":"Snake Plant","ascension_level":0}