{"gold_per_floor":[109,119,119,137,137,137,137,137,137,107],"floor_reached":10,"playtime":385,"items_purged":[],"score":56,"play_id":"5384f53b-0a50-4e0b-9951-31c92aeac90c","local_time":"20190710183744","is_ascension_mode":false,"campfire_choices":[{"data":"Stack","floor":8,"key":"SMITH"}],"neow_cost":"NONE","seed_source_timestamp":29057397883177,"circlet_count":0,"master_deck":["Strike_B","Strike_B","Strike_B","Strike_B","Defend_B","Defend_B","Defend_B","Defend_B","Zap","Stack+1","Gash","Leap"],"relics":["Cracked Core","Shuriken"],"potions_floor_usage":[],"damage_taken":[{"damage":22,"enemies":"Small Slimes","floor":1,"turns":4},{"damage":7,"enemies":"2 Louse","floor":2,"turns":4},{"damage":1,"enemies":"Cultist","floor":4,"turns":4},{"damage":10,"enemies":"Exordium Thugs","floor":10,"turns":4}],"seed_played":"-4656763223907778337","potions_obtained":[{"floor":2,"key":"EssenceOfSteel"}],"is_trial":false,"path_per_floor":["M","M","?","M","?","?","?","R","T","M"],"character_chosen":"DEFECT","items_purchased":[],"campfire_rested":0,"item_purchase_floors":[],"current_hp_per_floor":[53,46,46,45,45,45,85,85,85,75],"gold":107,"neow_bonus":"TRANSFORM_CARD","is_prod":false,"is_daily":false,"chose_seed":false,"campfire_upgraded":1,"win_rate":0.0,"timestamp":1562798264,"path_taken":["M","M","?","M","?","?","?","R","T","?"],"build_version":"2019-07-05","purchased_purges":0,"victory":false,"max_hp_per_floor":[75,75,75,75,75,75,85,85,85,85],"card_choices":[{"not_picked":["Steam","Conserve Battery"],"picked":"Stack","floor":1},{"not_picked":["Go for the Eyes","Steam"],"picked":"Gash","floor":2},{"not_picked":["Blizzard","Barrage"],"picked":"Leap","floor":4}],"player_experience":50258,"relics_obtained":[{"floor":9,"key":"Shuriken"}],"event_choices":[{"damage_healed":0,"gold_gain":0,"player_choice":"Ignored","damage_taken":0,"max_hp_gain":0,"max_hp_loss":0,"event_name":"Liars Game","floor":3,"gold_loss":0},{"damage_healed":0,"gold_gain":0,"player_choice":"Ignored","damage_taken":0,"max_hp_gain":0,"max_hp_loss":0,"event_name":"Golden Wing","floor":5,"gold_loss":0},{"damage_healed":0,"gold_gain":0,"player_choice":"Ignored","damage_taken":0,"max_hp_gain":0,"max_hp_loss":0,"event_name":"Shining Light","floor":6,"gold_loss":0},{"cards_removed":["Echo Form"],"damage_healed":30,"gold_gain":0,"player_choice":"Offered Rare","damage_taken":0,"max_hp_gain":10,"max_hp_loss":0,"event_name":"Bonfire Elementals","floor":7,"gold_loss":0}],"is_beta":false,"boss_relics":[],"items_purged_floors":[],"is_endless":false,"potions_floor_spawned":[2],"killed_by":"Exordium Thugs","ascension_level":0}