{"gold_per_floor":[119,139,64,74,94,94,94,108,187,187,214,234,234,254,254,328,328,342,358,358],"floor_reached":20,"playtime":1041,"items_purged":[],"score":347,"play_id":"6a2ccae0-129f-4924-853e-17d99d09d31d","local_time":"20190701173433","is_ascension_mode":true,"campfire_choices":[{"data":"Neutralize","floor":6,"key":"SMITH"},{"floor":10,"key":"REST"},{"floor":13,"key":"REST"},{"data":"Footwork","floor":15,"key":"SMITH"}],"neow_cost":"NONE","seed_source_timestamp":267485528549908,"circlet_count":0,"master_deck":["AscendersBane","Defend_G","Defend_G","Defend_G","Defend_G","Defend_G","Strike_G","Strike_G","Strike_G","Strike_G","Survivor","Neutralize+1","Dagger Throw","Caltrops+1","Well Laid Plans","Poisoned Stab","Footwork+1","Dodge and Roll","After Image","Corpse Explosion","Dagger Spray"],"relics":["Ring of the Snake","NeowsBlessing","Bottled Flame","Bird Faced Urn","Eternal Feather"],"potions_floor_usage":[8,18,20],"damage_taken":[{"damage":0,"enemies":"Cultist","floor":1,"turns":1},{"damage":0,"enemies":"Small Slimes","floor":2,"turns":1},{"damage":0,"enemies":"Jaw Worm","floor":4,"turns":1},{"damage":6,"enemies":"Blue Slaver","floor":5,"turns":5},{"damage":25,"enemies":"Gremlin Gang","floor":8,"turns":4},{"damage":31,"enemies":"3 Sentries","floor":11,"turns":9},{"damage":6,"enemies":"Large Slime","floor":12,"turns":8},{"damage":5,"enemies":"3 Louse","floor":14,"turns":5},{"damage":34,"enemies":"Hexaghost","floor":16,"turns":14},{"damage":15,"enemies":"Chosen","floor":18,"turns":6},{"damage":46,"enemies":"3 Byrds","floor":19,"turns":4},{"damage":11,"enemies":"Snake Plant","floor":20,"turns":3}],"seed_played":"3104804752255141278","potions_obtained":[{"floor":4,"key":"GamblersBrew"},{"floor":5,"key":"Block Potion"},{"floor":11,"key":"Energy Potion"},{"floor":19,"key":"FearPotion"}],"is_trial":false,"path_per_floor":["M","M","?","M","M","R","?","M","T","R","E","M","R","M","R","B",null,"M","M","M"],"character_chosen":"THE_SILENT","items_purchased":[],"campfire_rested":2,"item_purchase_floors":[],"current_hp_per_floor":[59,59,59,59,53,53,53,28,28,47,16,16,35,36,36,10,52,45,7,0],"gold":358,"neow_bonus":"THREE_ENEMY_KILL","is_prod":false,"is_daily":false,"chose_seed":false,"campfire_upgraded":2,"win_rate":0,"timestamp":1561966473,"path_taken":["M","M","?","M","M","R","?","M","T","R","E","M","R","M","R","BOSS","M","M","M"],"build_version":"2019-01-23","purchased_purges":0,"victory":false,"max_hp_per_floor":[66,66,66,66,66,66,66,66,66,66,66,66,66,66,66,66,66,66,66,66],"card_choices":[{"not_picked":["Deadly Poison","Distraction"],"picked":"Dagger Throw","floor":1},{"not_picked":["Dagger Throw","Infinite Blades"],"picked":"Caltrops","floor":2},{"not_picked":["Setup","Blade Dance","Tactician"],"picked":"SKIP","floor":4},{"not_picked":["Prepared","Deflect"],"picked":"Well Laid Plans","floor":5},{"not_picked":["Sucker Punch","Deflect"],"picked":"Poisoned Stab","floor":8},{"not_picked":["Bane","Slice"],"picked":"Footwork","floor":11},{"not_picked":["Underhanded Strike","Slice"],"picked":"Dodge and Roll","floor":12},{"not_picked":["Choke","Deflect"],"picked":"After Image","floor":14},{"not_picked":["A Thousand Cuts","Venomology"],"picked":"Corpse Explosion","floor":16},{"not_picked":["Quick Slash","Underhanded Strike+1"],"picked":"Dagger Spray","floor":18},{"not_picked":["Skewer","Flying Knee","Underhanded Strike"],"picked":"SKIP","floor":19}],"player_experience":591357,"relics_obtained":[{"floor":9,"key":"Bottled Flame"},{"floor":11,"key":"Bird Faced Urn"}],"event_choices":[{"cards_removed":["Strike_G"],"damage_healed":0,"gold_gain":0,"player_choice":"Card Removal","damage_taken":0,"max_hp_gain":0,"max_hp_loss":0,"event_name":"The Cleric","floor":3,"gold_loss":75},{"damage_healed":0,"gold_gain":0,"player_choice":"Grow","damage_taken":0,"max_hp_gain":0,"max_hp_loss":0,"event_name":"Living Wall","floor":7,"gold_loss":0,"cards_upgraded":["Caltrops"]}],"is_beta":false,"boss_relics":[{"not_picked":["Pandora\u0027s Box","Ring of the Serpent"],"picked":"Eternal Feather"}],"items_purged_floors":[],"is_endless":false,"potions_floor_spawned":[4,5,11,16,19],"killed_by":"Snake Plant","ascension_level":19}