{"gold_per_floor":[10,24,24,36,36,36,71,71,98,114,114,148,163,176,176,251,251,264,264,278,278,60,89,89,99,99,134,134,134,146,71,71,150,150,170,180,101,101,115,115],"floor_reached":40,"playtime":2573,"items_purged":["Injury"],"score":785,"play_id":"e74b6936-2d66-4caf-9a97-8e957dd1d564","local_time":"20190112212000","is_ascension_mode":true,"campfire_choices":[{"data":"Neutralize","floor":6.0,"key":"SMITH"},{"floor":8.0,"key":"REST"},{"data":"Caltrops","floor":15.0,"key":"SMITH"},{"floor":24.0,"key":"REST"},{"data":"Deflect","floor":29.0,"key":"SMITH"},{"floor":32.0,"key":"REST"}],"neow_cost":"NO_GOLD","seed_source_timestamp":30570716020868,"circlet_count":0,"master_deck":["AscendersBane","Defend_G","Defend_G","Defend_G","Defend_G","Strike_G","Strike_G","Strike_G","Survivor","Neutralize+1","Wraith Form v2+1","Dash","Dagger Throw","Deflect+1","Dagger Spray","Caltrops+1","PiercingWail","Adrenaline","Dagger Spray","Quick Slash+1","Backstab","Deflect+1","Tools of the Trade","Backflip+1","Footwork","Bandage Up"],"special_seed":0,"relics":["Ring of the Snake","Pen Nib","Bag of Marbles","Anchor","Boot","Cursed Key","Medical Kit","Centennial Puzzle","Snake Skull","Runic Pyramid"],"potions_floor_usage":[40],"damage_taken":[{"damage":0.0,"enemies":"Small Slimes","floor":1.0,"turns":4.0},{"damage":1.0,"enemies":"Jaw Worm","floor":2.0,"turns":4.0},{"damage":1.0,"enemies":"Cultist","floor":4.0,"turns":6.0},{"damage":20.0,"enemies":"Lagavulin","floor":7.0,"turns":11.0},{"damage":1.0,"enemies":"Exordium Thugs","floor":10.0,"turns":4.0},{"damage":17.0,"enemies":"Gremlin Nob","floor":12.0,"turns":4.0},{"damage":0.0,"enemies":"Lots of Slimes","floor":13.0,"turns":1.0},{"damage":0.0,"enemies":"2 Fungi Beasts","floor":14.0,"turns":3.0},{"damage":13.0,"enemies":"The Guardian","floor":16.0,"turns":14.0},{"damage":0.0,"enemies":"Shell Parasite","floor":18.0,"turns":4.0},{"damage":2.0,"enemies":"3 Byrds","floor":20.0,"turns":5.0},{"damage":21.0,"enemies":"Book of Stabbing","floor":23.0,"turns":5.0},{"damage":2.0,"enemies":"Cultist and Chosen","floor":25.0,"turns":6.0},{"damage":18.0,"enemies":"Gremlin Leader","floor":27.0,"turns":9.0},{"damage":2.0,"enemies":"3 Cultists","floor":30.0,"turns":4.0},{"damage":44.0,"enemies":"Collector","floor":33.0,"turns":12.0},{"damage":0.0,"enemies":"3 Darklings","floor":35.0,"turns":5.0},{"damage":1.0,"enemies":"Orb Walker","floor":36.0,"turns":3.0},{"damage":0.0,"enemies":"Spire Growth","floor":39.0,"turns":7.0},{"damage":72,"enemies":"Giant Head","floor":40,"turns":13}],"seed_played":"-4197210637484577052","potions_obtained":[{"floor":1.0,"key":"Energy Potion"},{"floor":4.0,"key":"SteroidPotion"},{"floor":10.0,"key":"Poison Potion"},{"floor":16.0,"key":"Explosive Potion"},{"floor":35.0,"key":"Swift Potion"},{"floor":36.0,"key":"Ancient Potion"}],"is_trial":false,"path_per_floor":["M","M","?","M","?","R","E","R","T","M","?","E","M","M","R","B",null,"M","?","M","?","$","E","R","M","T","E","$","R","M","$","R","B",null,"M","M","$","?","M","E"],"character_chosen":"THE_SILENT","items_purchased":["Medical Kit","Footwork"],"campfire_rested":3,"item_purchase_floors":[22,37],"current_hp_per_floor":[59,58,58,57,52,52,32,51,51,50,50,33,33,33,33,20,55,55,55,53,53,53,32,51,49,49,31,31,31,29,29,48,4,51,51,50,50,50,54,0],"gold":115,"neow_bonus":"TRANSFORM_TWO_CARDS","is_prod":false,"is_daily":false,"chose_seed":false,"campfire_upgraded":3,"win_rate":0,"timestamp":1547288400,"path_taken":["M","M","?","M","?","R","E","R","T","M","?","E","M","?","R","BOSS","M","?","?","?","$","E","R","M","T","E","$","R","M","$","R","BOSS","M","M","$","?","M","E"],"build_version":"2019-01-10","purchased_purges":1,"victory":false,"max_hp_per_floor":[66,66,66,66,66,66,66,66,66,66,66,66,66,66,66,66,66,66,66,66,66,66,66,66,66,66,66,66,66,66,66,66,66,66,66,66,66,66,66,66],"card_choices":[{"not_picked":["Riddle With Holes","Flying Knee"],"picked":"Dagger Throw","floor":1.0},{"not_picked":["Finisher","Bane"],"picked":"Deflect","floor":2.0},{"not_picked":["Cloak And Dagger","Masterful Stab"],"picked":"Dagger Spray","floor":4.0},{"not_picked":["Dodge and Roll","Distraction","Underhanded Strike"],"picked":"SKIP","floor":7.0},{"not_picked":["Flying Knee","Prepared","PiercingWail"],"picked":"SKIP","floor":10.0},{"not_picked":["Blur","Bane"],"picked":"Caltrops","floor":12.0},{"not_picked":["Deflect","Blade Dance","Deadly Poison"],"picked":"SKIP","floor":13.0},{"not_picked":["Poisoned Stab","Flying Knee"],"picked":"PiercingWail","floor":14.0},{"not_picked":["Venomology","Storm of Steel"],"picked":"Adrenaline","floor":16.0},{"not_picked":["Quick Slash","Accuracy"],"picked":"Dagger Spray","floor":18.0},{"not_picked":["Setup","Blade Dance"],"picked":"Quick Slash+1","floor":20.0},{"not_picked":["Finisher","Endless Agony+1"],"picked":"Backstab","floor":23.0},{"not_picked":["Cloak And Dagger","Underhanded Strike","Distraction"],"picked":"SKIP","floor":25.0},{"not_picked":["Catalyst","Dagger Spray"],"picked":"Deflect+1","floor":27.0},{"not_picked":["Quick Slash","Dodge and Roll","Slice+1"],"picked":"SKIP","floor":30.0},{"not_picked":["Die Die Die","Grand Finale"],"picked":"Tools of the Trade","floor":33.0},{"not_picked":["Poisoned Stab","Bane","Riddle With Holes"],"picked":"SKIP","floor":35.0},{"not_picked":["Heel Hook+1","Skewer"],"picked":"Backflip+1","floor":36.0},{"not_picked":["Jack Of All Trades","Deep Breath"],"picked":"Bandage Up","floor":38.0},{"not_picked":["Predator","Backflip+1","Prepared"],"picked":"SKIP","floor":39.0}],"player_experience":542072,"relics_obtained":[{"floor":7.0,"key":"Bag of Marbles"},{"floor":9.0,"key":"Anchor"},{"floor":12.0,"key":"Boot"},{"floor":23.0,"key":"Centennial Puzzle"},{"floor":27.0,"key":"Snake Skull"}],"event_choices":[{"damage_healed":0.0,"max_hp_gain":0.0,"max_hp_loss":0.0,"gold_gain":0.0,"event_name":"Living Wall","player_choice":"Grow","floor":3.0,"gold_loss":0.0,"damage_taken":0.0,"cards_upgraded":["Wraith Form v2"]},{"damage_healed":0.0,"max_hp_gain":0.0,"max_hp_loss":0.0,"gold_gain":0.0,"event_name":"Scrap Ooze","player_choice":"Success","floor":5.0,"gold_loss":0.0,"damage_taken":5.0,"relics_obtained":["Pen Nib"]},{"cards_removed":["Strike_G"],"damage_healed":0.0,"max_hp_gain":0.0,"max_hp_loss":0.0,"gold_gain":0.0,"event_name":"Wheel of Change","player_choice":"Card Removal","floor":11.0,"gold_loss":0.0,"damage_taken":0.0},{"damage_healed":0.0,"max_hp_gain":0.0,"max_hp_loss":0.0,"gold_gain":0.0,"event_name":"Match and Keep!","player_choice":"1 cards matched","floor":19.0,"gold_loss":0.0,"damage_taken":0.0,"cards_obtained":["Injury"]},{"damage_healed":0.0,"max_hp_gain":0.0,"max_hp_loss":0.0,"gold_gain":0.0,"event_name":"Lab","player_choice":"Got Potions","floor":21.0,"gold_loss":0.0,"damage_taken":0.0},{"damage_healed":0.0,"max_hp_gain":0.0,"max_hp_loss":0.0,"gold_gain":0.0,"event_name":"SensoryStone","player_choice":"Memory 1","floor":38.0,"gold_loss":0.0,"damage_taken":0.0}],"is_beta":false,"boss_relics":[{"not_picked":["White Beast Statue","Lizard Tail"],"picked":"Cursed Key"},{"not_picked":["Pandora\u0027s Box","Tiny House"],"picked":"Runic Pyramid"}],"items_purged_floors":[31],"is_endless":false,"potions_floor_spawned":[1,4,10,14,16,18,23,35,36],"killed_by":"Giant Head","ascension_level":16}