{"gold_per_floor":[111,111,123,198,215,215,242,272],"floor_reached":8,"playtime":785,"items_purged":[],"score":59,"play_id":"952c10ec-7633-4966-960d-40dedf275482","local_time":"20190627013052","is_ascension_mode":true,"campfire_choices":[{"floor":6,"key":"REST"}],"neow_cost":"PERCENT_DAMAGE","seed_source_timestamp":307611440423987,"circlet_count":0,"master_deck":["Strike_R","Strike_R","Strike_R","Defend_R","Defend_R","Defend_R","Bash","Feed","Double Tap","Flex","Infernal Blade","Warcry"],"relics":["Burning Blood","Vajra"],"potions_floor_usage":[8,8],"damage_taken":[{"damage":7,"enemies":"2 Louse","floor":1,"turns":3},{"damage":11,"enemies":"Jaw Worm","floor":3,"turns":4},{"damage":11,"enemies":"Small Slimes","floor":5,"turns":4},{"damage":30,"enemies":"Gremlin Nob","floor":7,"turns":4},{"damage":43,"enemies":"3 Sentries","floor":8,"turns":8}],"seed_played":"-6840897861599102158","potions_obtained":[{"floor":3,"key":"EssenceOfSteel"},{"floor":7,"key":"Poison Potion"}],"is_trial":false,"path_per_floor":["M","?","M","?","M","R","E","?"],"character_chosen":"IRONCLAD","items_purchased":[],"campfire_rested":1,"item_purchase_floors":[],"current_hp_per_floor":[58,51,46,35,33,58,34,0],"gold":272,"neow_bonus":"TRANSFORM_TWO_CARDS","is_prod":false,"is_daily":false,"chose_seed":false,"campfire_upgraded":0,"win_rate":1,"timestamp":1561570252,"path_taken":["M","?","M","?","M","R","E","?"],"build_version":"2019-01-23","purchased_purges":0,"victory":false,"max_hp_per_floor":[83,83,83,83,86,86,86,89],"card_choices":[{"not_picked":["Iron Wave","Sever Soul"],"picked":"Flex","floor":1},{"not_picked":["Seeing Red","Twin Strike"],"picked":"Infernal Blade","floor":3},{"not_picked":["Metallicize","Searing Blow","Barricade"],"picked":"SKIP","floor":5},{"not_picked":["Pommel Strike","Shrug It Off"],"picked":"Warcry","floor":7}],"player_experience":22692,"relics_obtained":[{"floor":7,"key":"Vajra"}],"event_choices":[{"cards_removed":["Defend_R"],"damage_healed":0,"gold_gain":0,"player_choice":"Card Removal","damage_taken":7,"max_hp_gain":0,"max_hp_loss":0,"event_name":"Golden Wing","floor":2,"gold_loss":0},{"damage_healed":0,"gold_gain":75,"player_choice":"Gather Gold","damage_taken":11,"max_hp_gain":0,"max_hp_loss":0,"event_name":"World of Goop","floor":4,"gold_loss":0},{"damage_healed":0,"gold_gain":30,"player_choice":"Searched \u00272\u0027 times","damage_taken":0,"max_hp_gain":0,"max_hp_loss":0,"event_name":"Dead Adventurer","floor":8,"gold_loss":0}],"is_beta":false,"boss_relics":[],"items_purged_floors":[],"is_endless":false,"potions_floor_spawned":[3,7],"killed_by":"3 Sentries","ascension_level":1}