{"gold_per_floor":[118,136,311,311,29,29,59,59,107,107,124,157,170,199,199,295,295,311,226,226,242,69,104,104,115,115,128,128,145,145,145,145,145],"floor_reached":33,"playtime":3766,"items_purged":["Strike_G","Strike_G"],"score":333,"play_id":"04100d82-fb65-4cb2-a371-c2a02a51d44c","local_time":"20190719052340","is_ascension_mode":false,"campfire_choices":[{"data":"Terror","floor":6,"key":"SMITH"},{"data":"Glass Knife","floor":10,"key":"SMITH"},{"floor":15,"key":"REST"},{"data":"Magnetism","floor":24,"key":"SMITH"},{"data":"Juggernaut","floor":28,"key":"SMITH"},{"floor":30,"key":"REST"},{"data":"Deadly Poison","floor":32,"key":"SMITH"}],"neow_cost":"NONE","seed_source_timestamp":799723716361028,"circlet_count":0,"master_deck":["Defend_G","Defend_G","Defend_G","Defend_G","Survivor","Neutralize","Terror+1","Flechettes","Cleave","Glass Knife+1","Pommel Strike","Seek","Spot Weakness","Deadly Poison+1","Magnetism+1","Choke+1","Glass Knife+1","Blade Dance","Blur","Hologram+1","Juggernaut+1","Finesse+1","Bite","Bite","Bite","Bite","Bite"],"relics":["Ring of the Snake","PrismaticShard","Shuriken","Centennial Puzzle","Sundial","Bag of Marbles","Runic Pyramid","Pear","Oddly Smooth Stone"],"potions_floor_usage":[14,14,33,33,33],"damage_taken":[{"damage":2,"enemies":"Jaw Worm","floor":1,"turns":4},{"damage":3,"enemies":"Small Slimes","floor":2,"turns":3},{"damage":23,"enemies":"Lagavulin","floor":7,"turns":8},{"damage":5,"enemies":"2 Louse","floor":11,"turns":2},{"damage":18,"enemies":"3 Sentries","floor":12,"turns":4},{"damage":0,"enemies":"Exordium Wildlife","floor":13,"turns":2},{"damage":0,"enemies":"Gremlin Nob","floor":14,"turns":1},{"damage":14,"enemies":"Hexaghost","floor":16,"turns":5},{"damage":12,"enemies":"2 Thieves","floor":18,"turns":3},{"damage":0,"enemies":"Chosen","floor":21,"turns":1},{"damage":14,"enemies":"Book of Stabbing","floor":23,"turns":3},{"damage":3,"enemies":"Snecko","floor":25,"turns":3},{"damage":0,"enemies":"Snake Plant","floor":27,"turns":2},{"damage":20,"enemies":"Centurion and Healer","floor":29,"turns":3},{"damage":112,"enemies":"Champ","floor":33,"turns":8}],"seed_played":"-8596347987561395546","potions_obtained":[{"floor":1,"key":"Poison Potion"},{"floor":11,"key":"SteroidPotion"},{"floor":13,"key":"SteroidPotion"},{"floor":14,"key":"Regen Potion"},{"floor":18,"key":"Energy Potion"}],"is_trial":false,"path_per_floor":["M","M","?","?","$","R","E","?","T","R","M","E","M","E","R","B",null,"M","?","?","M","$","E","R","M","T","M","R","M","R","?","R","B"],"character_chosen":"THE_SILENT","items_purchased":["PrismaticShard","Blur"],"campfire_rested":2,"item_purchase_floors":[5,22],"current_hp_per_floor":[68,65,65,58,58,58,35,35,35,35,30,12,12,12,33,19,70,58,68,68,68,68,54,54,51,51,53,53,35,59,59,59,0],"gold":145,"neow_bonus":"REMOVE_CARD","is_prod":false,"is_daily":false,"chose_seed":false,"campfire_upgraded":5,"win_rate":0.0,"timestamp":1563528220,"path_taken":["M","M","?","?","$","R","E","?","T","R","?","E","M","E","R","BOSS","M","?","?","M","$","E","R","M","T","M","R","?","R","?","R","BOSS"],"build_version":"2019-06-28","purchased_purges":2,"victory":false,"max_hp_per_floor":[70,70,70,70,70,70,70,70,70,70,70,70,70,70,70,70,70,70,80,80,80,80,80,80,80,80,80,80,80,80,80,80,80],"card_choices":[{"not_picked":["Endless Agony","Flying Knee"],"picked":"Terror","floor":1},{"not_picked":["Backflip","Eviscerate"],"picked":"Flechettes","floor":2},{"not_picked":["Shrug It Off","Flame Barrier"],"picked":"Cleave","floor":7},{"not_picked":["Perfected Strike","Flying Knee"],"picked":"Pommel Strike","floor":11},{"not_picked":["Clash","Cleave"],"picked":"Seek","floor":12},{"not_picked":["Aggregate","Poisoned Stab"],"picked":"Spot Weakness","floor":13},{"not_picked":["Perfected Strike","Cleave"],"picked":"Deadly Poison","floor":14},{"not_picked":["Rainbow","Machine Learning"],"picked":"Magnetism","floor":16},{"not_picked":["Deflect+1","Cleave"],"picked":"Choke+1","floor":18},{"not_picked":["PiercingWail","Defragment"],"picked":"Blade Dance","floor":21},{"not_picked":["Backflip+1","Consume"],"picked":"Hologram+1","floor":23},{"not_picked":["Heavy Blade","Acrobatics"],"picked":"Juggernaut","floor":25},{"not_picked":["Choke","Sword Boomerang","Flying Knee"],"picked":"SKIP","floor":27},{"not_picked":["Steam","Sword Boomerang"],"picked":"Finesse+1","floor":29}],"player_experience":42322,"relics_obtained":[{"floor":7,"key":"Shuriken"},{"floor":9,"key":"Centennial Puzzle"},{"floor":12,"key":"Sundial"},{"floor":14,"key":"Bag of Marbles"},{"floor":23,"key":"Oddly Smooth Stone"},{"floor":26,"key":"Blood Vial"}],"event_choices":[{"damage_healed":0,"gold_gain":175,"player_choice":"AGREE","damage_taken":0,"max_hp_gain":0,"max_hp_loss":0,"event_name":"Liars Game","floor":3,"gold_loss":0,"cards_obtained":["Doubt"]},{"cards_removed":["Doubt"],"damage_healed":0,"gold_gain":0,"player_choice":"Card Removal","damage_taken":7,"max_hp_gain":0,"max_hp_loss":0,"event_name":"Golden Wing","floor":4,"gold_loss":0},{"damage_healed":0,"gold_gain":0,"cards_transformed":["Strike_G"],"player_choice":"Change","damage_taken":0,"max_hp_gain":0,"max_hp_loss":0,"event_name":"Living Wall","floor":8,"gold_loss":0,"cards_obtained":["Glass Knife"]},{"damage_healed":0,"gold_gain":0,"player_choice":"Obtained Relic","damage_taken":0,"relics_obtained":["Pear"],"max_hp_gain":0,"max_hp_loss":0,"event_name":"Addict","floor":19,"gold_loss":85},{"damage_healed":0,"gold_gain":0,"player_choice":"Copied","damage_taken":0,"max_hp_gain":0,"max_hp_loss":0,"event_name":"Duplicator","floor":20,"gold_loss":0,"cards_obtained":["Glass Knife"]},{"damage_healed":0,"gold_gain":0,"player_choice":"Became a vampire (Vial)","damage_taken":0,"max_hp_gain":0,"max_hp_loss":0,"event_name":"Vampires","floor":31,"relics_lost":["Blood Vial"],"gold_loss":0,"cards_obtained":["Bite","Bite","Bite","Bite","Bite"]}],"is_beta":true,"boss_relics":[{"not_picked":["Busted Crown","Runic Dome"],"picked":"Runic Pyramid"}],"items_purged_floors":[5,22],"is_endless":false,"potions_floor_spawned":[1,11,13,14,18,25,29],"killed_by":"Champ","ascension_level":0}