{"gold_per_floor":[110,125,13,13,13,41,58,89,170,170,90,104,104,114,114,114],"floor_reached":16,"playtime":733,"items_purged":["Defend_B"],"score":149,"play_id":"b15d22de-6837-4491-9968-74c953ac0601","local_time":"20190629223029","is_ascension_mode":true,"campfire_choices":[{"floor":13,"key":"REST"},{"data":"Beam Cell","floor":15,"key":"SMITH"}],"neow_cost":"NONE","seed_source_timestamp":556061714539724,"circlet_count":0,"master_deck":["Strike_B+1","Strike_B","Strike_B","Strike_B","Defend_B","Defend_B+1","Defend_B","Zap","Dualcast","Melter","Beam Cell+1","Rip and Tear","Beam Cell","Rip and Tear","All For One"],"relics":["Cracked Core","NeowsBlessing","Nunchaku","Lantern"],"potions_floor_usage":[8,16],"damage_taken":[{"damage":0,"enemies":"2 Louse","floor":1,"turns":1},{"damage":0,"enemies":"Small Slimes","floor":2,"turns":1},{"damage":0,"enemies":"Lagavulin","floor":6,"turns":1},{"damage":0,"enemies":"Jaw Worm","floor":7,"turns":1},{"damage":29,"enemies":"3 Sentries","floor":8,"turns":6},{"damage":7,"enemies":"Lots of Slimes","floor":12,"turns":3},{"damage":1,"enemies":"Looter","floor":14,"turns":2},{"damage":55,"enemies":"The Guardian","floor":16,"turns":6}],"seed_played":"9087050899816559570","potions_obtained":[{"floor":1,"key":"SteroidPotion"},{"floor":6,"key":"FearPotion"},{"floor":8,"key":"Strength Potion"}],"is_trial":false,"path_per_floor":["M","M","$","?","?","E","M","E","T","?","$","M","R","M","R","B"],"character_chosen":"DEFECT","items_purchased":["Rip and Tear","All For One"],"campfire_rested":1,"item_purchase_floors":[3,11],"current_hp_per_floor":[75,75,75,75,80,80,80,51,51,35,35,28,52,51,51,0],"gold":114,"neow_bonus":"THREE_ENEMY_KILL","is_prod":false,"is_daily":false,"chose_seed":false,"campfire_upgraded":1,"win_rate":0,"timestamp":1561818629,"path_taken":["M","M","$","?","?","E","M","E","T","?","?","M","R","M","R","BOSS"],"build_version":"2019-01-23","purchased_purges":1,"victory":false,"max_hp_per_floor":[75,75,75,75,80,80,80,80,80,80,80,80,80,80,80,80],"card_choices":[{"not_picked":["Cold Snap","Beam Cell"],"picked":"Melter","floor":1},{"not_picked":["Sweeping Beam","Steam"],"picked":"Beam Cell","floor":2},{"not_picked":["Darkness","Heatsinks"],"picked":"Beam Cell","floor":6},{"not_picked":["Capacitor","Conserve Battery","Force Field"],"picked":"SKIP","floor":7},{"not_picked":["Capacitor","Conserve Battery","Force Field"],"picked":"SKIP","floor":7},{"not_picked":["Cold Snap","Barrage"],"picked":"Rip and Tear","floor":8},{"not_picked":["Ball Lightning","Fission","Compile Driver"],"picked":"SKIP","floor":12},{"not_picked":["Self Repair","Hologram","Conserve Battery"],"picked":"SKIP","floor":14}],"player_experience":81501,"relics_obtained":[{"floor":6,"key":"Nunchaku"},{"floor":8,"key":"Lantern"}],"event_choices":[{"damage_healed":0,"gold_gain":0,"player_choice":"Leave","damage_taken":0,"max_hp_gain":0,"max_hp_loss":0,"event_name":"The Cleric","floor":4,"gold_loss":0},{"damage_healed":0,"gold_gain":0,"player_choice":"Donut","damage_taken":0,"max_hp_gain":5,"max_hp_loss":0,"event_name":"Big Fish","floor":5,"gold_loss":0},{"damage_healed":0,"gold_gain":0,"player_choice":"Entered Light","damage_taken":16,"max_hp_gain":0,"max_hp_loss":0,"event_name":"Shining Light","floor":10,"gold_loss":0,"cards_upgraded":["Strike_B","Defend_B"]}],"is_beta":false,"boss_relics":[],"items_purged_floors":[3],"is_endless":false,"potions_floor_spawned":[1,6,8],"killed_by":"The Guardian","ascension_level":2}