{"gold_per_floor":[113,128,144,144,163,163,190,265,265,119,135,135,135,151,151,275,275,289,289,302,327,351,351,394,394,394,414,447,447,447,447],"floor_reached":31,"playtime":2849,"items_purged":["Strike_G"],"score":291,"play_id":"1c9045d3-7046-4782-96a5-de09506dea33","local_time":"20190704155201","is_ascension_mode":true,"campfire_choices":[{"data":"Noxious Fumes","floor":6,"key":"SMITH"},{"floor":12,"key":"REST"},{"floor":15,"key":"REST"},{"floor":23,"key":"REST"},{"floor":25,"key":"REST"}],"neow_cost":"NONE","seed_source_timestamp":4552588949432,"circlet_count":0,"master_deck":["Defend_G","Survivor","Neutralize+1","Noxious Fumes+1","Quick Slash+1","Backflip","Well Laid Plans","Backflip","Catalyst","Flying Knee","Bane","Doppelganger","Storm of Steel+1","Dagger Spray+1","Deadly Poison+1","PiercingWail","Bane","Heel Hook","Backflip","Sucker Punch","Backstab+1"],"relics":["Ring of the Snake","Whetstone","Golden Idol","Astrolabe","Pocketwatch","Mercury Hourglass","Boot"],"potions_floor_usage":[22,24,31],"damage_taken":[{"damage":0,"enemies":"Cultist","floor":1,"turns":4},{"damage":0,"enemies":"Jaw Worm","floor":2,"turns":4},{"damage":0,"enemies":"Small Slimes","floor":3,"turns":4},{"damage":10,"enemies":"Exordium Thugs","floor":5,"turns":7},{"damage":33,"enemies":"Gremlin Nob","floor":7,"turns":5},{"damage":2,"enemies":"3 Louse","floor":11,"turns":4},{"damage":2,"enemies":"Blue Slaver","floor":14,"turns":4},{"damage":14,"enemies":"The Guardian","floor":16,"turns":10},{"damage":8,"enemies":"Spheric Guardian","floor":18,"turns":4},{"damage":14,"enemies":"2 Thieves","floor":20,"turns":4},{"damage":0,"enemies":"3 Cultists","floor":21,"turns":3},{"damage":15,"enemies":"Snecko","floor":22,"turns":5},{"damage":20,"enemies":"Book of Stabbing","floor":24,"turns":6},{"damage":6,"enemies":"Shelled Parasite and Fungi","floor":27,"turns":4},{"damage":17,"enemies":"Gremlin Leader","floor":28,"turns":4},{"damage":54,"enemies":"Slavers","floor":31,"turns":3}],"seed_played":"-4755331736679504174","potions_obtained":[{"floor":5,"key":"PowerPotion"},{"floor":7,"key":"SpeedPotion"},{"floor":11,"key":"FairyPotion"},{"floor":22,"key":"Swift Potion"},{"floor":27,"key":"SkillPotion"}],"is_trial":false,"path_per_floor":["M","M","M","?","M","R","E","?","T","$","M","R","?","M","R","B",null,"M","?","M","M","M","R","E","R","T","M","E","?","?","E"],"character_chosen":"THE_SILENT","items_purchased":["Catalyst"],"campfire_rested":4,"item_purchase_floors":[10],"current_hp_per_floor":[70,70,70,63,53,53,20,9,9,9,7,28,11,9,30,16,70,62,62,48,48,33,54,34,55,55,49,32,32,32,0],"gold":447,"neow_bonus":"REMOVE_CARD","is_prod":false,"is_daily":false,"chose_seed":false,"campfire_upgraded":1,"win_rate":0,"timestamp":1562226721,"path_taken":["M","?","M","?","M","R","E","?","T","$","?","R","?","M","R","BOSS","M","?","M","M","M","R","E","R","T","M","E","?","?","E"],"build_version":"2019-07-01","purchased_purges":1,"victory":false,"max_hp_per_floor":[70,70,70,70,70,70,70,70,70,70,70,70,70,70,70,70,70,70,70,70,70,70,70,70,70,70,70,70,70,70,70],"card_choices":[{"not_picked":["Prepared","Bane"],"picked":"Noxious Fumes","floor":1},{"not_picked":["Dash","PiercingWail"],"picked":"Quick Slash","floor":2},{"not_picked":["All Out Attack","Dagger Spray"],"picked":"Backflip","floor":3},{"not_picked":["Dodge and Roll","Finisher"],"picked":"Well Laid Plans","floor":5},{"not_picked":["Endless Agony","Underhanded Strike"],"picked":"Backflip","floor":7},{"not_picked":["Dodge and Roll","Deflect"],"picked":"Flying Knee","floor":11},{"not_picked":["Grand Finale","Cloak And Dagger"],"picked":"Bane","floor":14},{"not_picked":["Unload","After Image"],"picked":"Doppelganger","floor":16},{"not_picked":["Underhanded Strike","Dagger Throw"],"picked":"PiercingWail","floor":18},{"not_picked":["Quick Slash","Underhanded Strike"],"picked":"Backflip","floor":20},{"not_picked":["Dagger Throw","Acrobatics","PiercingWail"],"picked":"SKIP","floor":21},{"not_picked":["Prepared+1","Dagger Throw"],"picked":"Sucker Punch","floor":22},{"not_picked":["Doppelganger","Acrobatics+1"],"picked":"Backstab+1","floor":24},{"not_picked":["Blade Dance","PiercingWail","Slice"],"picked":"SKIP","floor":27},{"not_picked":["Skewer+1","Choke+1","Outmaneuver"],"picked":"SKIP","floor":28}],"player_experience":125846,"relics_obtained":[{"floor":7,"key":"Whetstone"},{"floor":24,"key":"Pocketwatch"},{"floor":26,"key":"Mercury Hourglass"},{"floor":28,"key":"Boot"}],"event_choices":[{"cards_removed":["Defend_G"],"damage_healed":0,"gold_gain":0,"player_choice":"Card Removal","damage_taken":7,"max_hp_gain":0,"max_hp_loss":0,"event_name":"Golden Wing","floor":4,"gold_loss":0},{"damage_healed":0,"gold_gain":75,"player_choice":"Gather Gold","damage_taken":11,"max_hp_gain":0,"max_hp_loss":0,"event_name":"World of Goop","floor":8,"gold_loss":0},{"damage_healed":0,"gold_gain":0,"player_choice":"Take Damage","damage_taken":17,"relics_obtained":["Golden Idol"],"max_hp_gain":0,"max_hp_loss":0,"event_name":"Golden Idol","floor":13,"gold_loss":0},{"damage_healed":0,"gold_gain":0,"cards_transformed":["Defend_G","Strike_G"],"player_choice":"Became Test Subject","damage_taken":0,"max_hp_gain":0,"max_hp_loss":0,"event_name":"Drug Dealer","floor":19,"gold_loss":0,"cards_obtained":["Bane","Heel Hook"]},{"cards_removed":["Defend_G"],"damage_healed":0,"gold_gain":0,"player_choice":"Elegance","damage_taken":0,"max_hp_gain":0,"max_hp_loss":0,"event_name":"Back to Basics","floor":29,"gold_loss":0},{"damage_healed":0,"gold_gain":0,"player_choice":"Bought 0 Potions","damage_taken":0,"max_hp_gain":0,"max_hp_loss":0,"event_name":"The Woman in Blue","floor":30,"gold_loss":0}],"is_beta":false,"boss_relics":[{"not_picked":["Sozu","HoveringKite"],"picked":"Astrolabe"}],"items_purged_floors":[10],"is_endless":false,"potions_floor_spawned":[5,7,11,14,21,22,27,28],"killed_by":"Slavers","ascension_level":1}