{"gold_per_floor":[109,38,38,49,62,89,89,119,145,177,20,20,32,32,32,136,136,155,155,155,155,173,173,230,230,255,281,19,29,54,54,54,152,152,163,163,88,108,108,108,127,0,0,16,28,28,48,77,77,77],"floor_reached":51,"playtime":5542,"items_purged":["Pain"],"score":958,"play_id":"c4062a4a-004f-4839-9014-cfa918c0772d","local_time":"20190720191511","is_ascension_mode":true,"campfire_choices":[{"data":"Zap","floor":7.0,"key":"SMITH"},{"floor":12.0,"key":"REST"},{"data":"Doom and Gloom","floor":15.0,"key":"SMITH"},{"data":"Consume","floor":23,"key":"SMITH"},{"data":"1","floor":25,"key":"LIFT"},{"floor":32,"key":"REST"},{"data":"2","floor":40,"key":"LIFT"},{"data":"3","floor":46,"key":"LIFT"},{"floor":49,"key":"REST"}],"neow_cost":"NONE","seed_source_timestamp":909318826740918,"circlet_count":0,"master_deck":["Strike_B+1","Strike_B+1","Defend_B+1","Defend_B","Defend_B+1","Zap+1","Dualcast","Compile Driver","FTL","Doom and Gloom+1","BootSequence+1","Barrage","Hyperbeam","Steam","All For One","Conserve Battery","Electrodynamics","Consume+1","Barrage","Aggregate","RitualDagger","Ghostly","Ghostly","Ghostly","Ghostly","Ghostly+1","Capacitor+1","Glacier","Steam+1","Multi-Cast+1","Steam+1","Capacitor+1","Loop+1","Compile Driver","Beam Cell+1","Static Discharge","Go for the Eyes+1","Rebound+1","Steam+1","Seek+1","Hologram+1","Leap+1","Stack+1"],"special_seed":0,"relics":["FrozenCore","Whetstone","Boot","Bag of Preparation","Girya","Philosopher\u0027s Stone","Tiny Chest","Vajra","War Paint","Toxic Egg 2","Pen Nib","Prayer Wheel","WarpedTongs","PreservedInsect","Frozen Egg 2"],"potions_floor_usage":[18,33,33,41,41,45,50,50],"damage_taken":[{"damage":0.0,"enemies":"2 Louse","floor":1.0,"turns":1.0},{"damage":0.0,"enemies":"Cultist","floor":4.0,"turns":3.0},{"damage":0.0,"enemies":"Small Slimes","floor":5.0,"turns":3.0},{"damage":32.0,"enemies":"Gremlin Nob","floor":6.0,"turns":4.0},{"damage":20.0,"enemies":"Lagavulin","floor":8.0,"turns":4.0},{"damage":16.0,"enemies":"Gremlin Nob","floor":10.0,"turns":3.0},{"damage":1.0,"enemies":"Looter","floor":13.0,"turns":2.0},{"damage":19.0,"enemies":"Slime Boss","floor":16.0,"turns":6.0},{"damage":1,"enemies":"3 Byrds","floor":18,"turns":2},{"damage":1,"enemies":"Shell Parasite","floor":22,"turns":5},{"damage":3,"enemies":"Slavers","floor":24,"turns":5},{"damage":6,"enemies":"Gremlin Leader","floor":27,"turns":6},{"damage":4,"enemies":"Cultist and Chosen","floor":29,"turns":6},{"damage":30,"enemies":"Champ","floor":33,"turns":9},{"damage":0,"enemies":"3 Darklings","floor":35,"turns":5},{"damage":5,"enemies":"3 Shapes","floor":38,"turns":4},{"damage":2,"enemies":"Transient","floor":41,"turns":5},{"damage":0,"enemies":"Spire Growth","floor":44,"turns":5},{"damage":0,"enemies":"Jaw Worm Horde","floor":45,"turns":3},{"damage":5,"enemies":"4 Shapes","floor":47,"turns":3},{"damage":0,"enemies":"Nemesis","floor":48,"turns":5},{"damage":17,"enemies":"Donu and Deca","floor":50,"turns":8}],"seed_played":"330301510106727627","potions_obtained":[{"floor":1.0,"key":"Energy Potion"},{"floor":6.0,"key":"Fire Potion"},{"floor":13.0,"key":"Regen Potion"},{"floor":16.0,"key":"AttackPotion"},{"floor":18,"key":"Swift Potion"},{"floor":27,"key":"FearPotion"},{"floor":33,"key":"Explosive Potion"},{"floor":35,"key":"SteroidPotion"},{"floor":45,"key":"Fire Potion"},{"floor":47,"key":"LiquidBronze"}],"is_trial":false,"path_per_floor":["M","$","?","M","M","E","R","E","T","E","$","R","M","?","R","B",null,"M","?","?","?","M","R","E","R","T","E","$","M","T","T","R","B",null,"M","?","$","M","?","R","M","$","T","M","M","R","M","E","R","B",null],"character_chosen":"DEFECT","items_purchased":["FTL","All For One","Toxic Egg 2","Static Discharge","AttackPotion"],"campfire_rested":3,"item_purchase_floors":[2,11,28,42,42],"current_hp_per_floor":[82,82,82,82,82,50,50,30,30,14,14,38,37,21,21,2,62,61,61,55,41,40,40,37,37,37,31,31,27,27,27,39,15,35,35,35,35,30,30,30,28,28,28,28,28,28,23,23,35,18],"gold":77,"neow_bonus":"TEN_PERCENT_HP_BONUS","is_prod":false,"is_daily":false,"chose_seed":false,"campfire_upgraded":3,"win_rate":0,"timestamp":1563664511,"path_taken":["M","$","?","M","M","E","R","E","T","E","?","R","M","?","R","BOSS","M","?","?","?","M","R","E","R","T","E","$","M","?","?","R","BOSS","M","?","$","?","?","R","M","$","T","?","M","R","M","E","R","BOSS"],"build_version":"2019-07-17","purchased_purges":1,"victory":true,"max_hp_per_floor":[82,82,82,82,82,82,82,82,82,82,82,82,82,82,82,82,82,82,82,82,41,41,41,41,41,41,41,41,41,41,41,41,41,41,41,41,41,41,41,41,41,41,41,41,41,41,41,41,41,41],"card_choices":[{"not_picked":["Tempest","Static Discharge"],"picked":"Compile Driver","floor":1.0},{"not_picked":["Barrage","Steam"],"picked":"Doom and Gloom","floor":4.0},{"not_picked":["Sweeping Beam","Redo"],"picked":"BootSequence","floor":5.0},{"not_picked":["Darkness","Force Field"],"picked":"Barrage","floor":6.0},{"not_picked":["Stack","Hologram"],"picked":"Hyperbeam","floor":8.0},{"not_picked":["Darkness","Sweeping Beam"],"picked":"Steam","floor":10.0},{"not_picked":["Compile Driver","Tempest"],"picked":"Conserve Battery","floor":13.0},{"not_picked":["Machine Learning","Hyperbeam"],"picked":"Electrodynamics","floor":16.0},{"not_picked":["Steam","Redo"],"picked":"Consume","floor":18},{"not_picked":["Static Discharge","Steam"],"picked":"Capacitor+1","floor":22},{"not_picked":["Hello World","Blizzard","Sweeping Beam"],"picked":"SKIP","floor":24},{"not_picked":["Creative AI","Conserve Battery"],"picked":"Glacier","floor":27},{"not_picked":["Gash+1","Rebound"],"picked":"Steam+1","floor":29},{"not_picked":["Biased Cognition","Reboot+1"],"picked":"Multi-Cast+1","floor":33},{"not_picked":["Recycle+1","Turbo+1"],"picked":"Steam+1","floor":35},{"not_picked":["Static Discharge+1","Gash"],"picked":"Capacitor+1","floor":35},{"not_picked":["Capacitor","Beam Cell"],"picked":"Loop+1","floor":38},{"not_picked":["Sunder","Blizzard","Lockon"],"picked":"SKIP","floor":38},{"not_picked":["Ball Lightning","Doom and Gloom"],"picked":"Compile Driver","floor":41},{"not_picked":["Melter","Streamline+1"],"picked":"Beam Cell+1","floor":41},{"not_picked":["Streamline+1","Auto Shields+1"],"picked":"Go for the Eyes+1","floor":44},{"not_picked":["Beam Cell+1","Streamline"],"picked":"Rebound+1","floor":44},{"not_picked":["Ball Lightning","Redo+1"],"picked":"Steam+1","floor":45},{"not_picked":["Redo+1","Recycle+1"],"picked":"Seek+1","floor":45},{"not_picked":["Beam Cell+1","Lockon"],"picked":"Hologram+1","floor":47},{"not_picked":["Self Repair","Defragment"],"picked":"Leap+1","floor":47},{"not_picked":["Hologram+1","Machine Learning"],"picked":"Stack+1","floor":48}],"player_experience":713729,"relics_obtained":[{"floor":6.0,"key":"Whetstone"},{"floor":8.0,"key":"Boot"},{"floor":9.0,"key":"Bag of Preparation"},{"floor":10.0,"key":"Girya"},{"floor":24,"key":"Tiny Chest"},{"floor":26,"key":"Vajra"},{"floor":27,"key":"War Paint"},{"floor":30,"key":"Pen Nib"},{"floor":31,"key":"Prayer Wheel"},{"floor":43,"key":"PreservedInsect"},{"floor":48,"key":"Frozen Egg 2"}],"event_choices":[{"cards_removed":["Strike_B"],"damage_healed":0.0,"max_hp_gain":0.0,"max_hp_loss":0.0,"gold_gain":0.0,"event_name":"Purifier","player_choice":"Purged","floor":3.0,"gold_loss":0.0,"damage_taken":0.0},{"damage_healed":0.0,"max_hp_gain":0.0,"max_hp_loss":0.0,"gold_gain":0.0,"event_name":"Shining Light","player_choice":"Entered Light","floor":14.0,"gold_loss":0.0,"damage_taken":16.0,"cards_upgraded":["Defend_B","Defend_B"]},{"damage_healed":0,"gold_gain":0,"cards_transformed":["Strike_B","Defend_B"],"player_choice":"Became Test Subject","damage_taken":0,"max_hp_gain":0,"max_hp_loss":0,"event_name":"Drug Dealer","floor":19,"gold_loss":0,"cards_obtained":["Barrage","Aggregate"]},{"damage_healed":0,"gold_gain":0,"player_choice":"Joined the Cult","damage_taken":6,"max_hp_gain":0,"max_hp_loss":0,"event_name":"Nest","floor":20,"gold_loss":0,"cards_obtained":["RitualDagger"]},{"damage_healed":0,"gold_gain":0,"player_choice":"Became a Ghost","damage_taken":0,"max_hp_gain":0,"max_hp_loss":41,"event_name":"Ghosts","floor":21,"gold_loss":0,"cards_obtained":["Ghostly","Ghostly","Ghostly","Ghostly","Ghostly"]},{"damage_healed":0,"gold_gain":0,"player_choice":"Rummage","damage_taken":0,"relics_obtained":["WarpedTongs"],"max_hp_gain":0,"max_hp_loss":0,"event_name":"Accursed Blacksmith","floor":36,"gold_loss":0,"cards_obtained":["Pain"]},{"damage_healed":0,"gold_gain":0,"player_choice":"Ignored","damage_taken":0,"max_hp_gain":0,"max_hp_loss":0,"event_name":"SecretPortal","floor":39,"gold_loss":0}],"is_beta":false,"boss_relics":[{"not_picked":["Runic Dome","Tiny House"],"picked":"Philosopher\u0027s Stone"},{"not_picked":["Coffee Dripper","Runic Pyramid"],"picked":"FrozenCore"}],"items_purged_floors":[37],"is_endless":false,"potions_floor_spawned":[1,6,13,16,18,27,33,35,45,47],"ascension_level":5}