{"gold_per_floor":[119,119,69,81,81,81,140,140,167,6,33,33,33,50,50,147,147,167,180,180,193,193,193,206,206,206,34,34,34,59,69,69,170,170,188,234,234,55,71,71,171,171,198,224,236,250,282,132,132,132,132,132,21,48,48],"floor_reached":55,"playtime":9599,"items_purged":["Strike_B","Strike_B","Gash","Writhe"],"score":760,"play_id":"168f8e70-5378-4f75-86aa-54f35d3acb9a","local_time":"20190714041301","is_ascension_mode":true,"campfire_choices":[{"data":"Zap","floor":6.0,"key":"SMITH"},{"data":"Defragment","floor":8.0,"key":"SMITH"},{"data":"Self Repair","floor":12.0,"key":"SMITH"},{"floor":15.0,"key":"REST"},{"data":"Creative AI","floor":23.0,"key":"SMITH"},{"data":"Redo","floor":25.0,"key":"SMITH"},{"data":"Lockon","floor":29.0,"key":"SMITH"},{"data":"Capacitor","floor":32.0,"key":"SMITH"},{"data":"Barrage","floor":40.0,"key":"SMITH"},{"floor":42.0,"key":"RECALL"},{"data":"Conserve Battery","floor":49.0,"key":"SMITH"},{"data":"Stack","floor":52.0,"key":"SMITH"}],"neow_cost":"NONE","seed_source_timestamp":12565593918800,"circlet_count":0,"master_deck":["Defend_B+1","Defend_B+1","Defend_B+1","Defend_B+1","Zap+1","Barrage+1","Redo+1","Defragment+1","Self Repair+1","Cold Snap","Conserve Battery+1","Sweeping Beam","Creative AI+1","Hologram+1","Ball Lightning+1","Leap","FTL","Lockon+1","Chaos+1","Capacitor+1","All For One","Barrage+1","Melter","Stack+1","Consume+1","Rebound+1","BootSequence+1","Lockon+1","Melter","Auto Shields"],"special_seed":0,"relics":["Cracked Core","Potion Belt","Tiny Chest","Vajra","Gremlin Horn","White Beast Statue","Meat on the Bone","PreservedInsect","Singing Bowl","Nuclear Battery","Bird Faced Urn","Ice Cream","Ancient Tea Set","Thread and Needle","Strawberry","Centennial Puzzle"],"potions_floor_usage":[55,55,55],"damage_taken":[{"damage":1.0,"enemies":"Cultist","floor":1.0,"turns":3.0},{"damage":6.0,"enemies":"Jaw Worm","floor":4.0,"turns":3.0},{"damage":31.0,"enemies":"Lagavulin","floor":7.0,"turns":7.0},{"damage":23.0,"enemies":"Gremlin Nob","floor":11.0,"turns":4.0},{"damage":0.0,"enemies":"2 Louse","floor":14.0,"turns":1.0},{"damage":22.0,"enemies":"Slime Boss","floor":16.0,"turns":7.0},{"damage":10.0,"enemies":"3 Byrds","floor":18.0,"turns":5.0},{"damage":26.0,"enemies":"2 Thieves","floor":19.0,"turns":4.0},{"damage":34.0,"enemies":"Sentry and Sphere","floor":21.0,"turns":5.0},{"damage":18.0,"enemies":"Centurion and Healer","floor":24.0,"turns":7.0},{"damage":0.0,"enemies":"Gremlin Leader","floor":30.0,"turns":6.0},{"damage":5.0,"enemies":"Cultist and Chosen","floor":31.0,"turns":4.0},{"damage":24.0,"enemies":"Champ","floor":33.0,"turns":8.0},{"damage":10.0,"enemies":"3 Darklings","floor":35.0,"turns":2.0},{"damage":51.0,"enemies":"2 Orb Walkers","floor":36.0,"turns":5.0},{"damage":0.0,"enemies":"Orb Walker","floor":39.0,"turns":3.0},{"damage":0.0,"enemies":"Mind Bloom Boss Battle","floor":41.0,"turns":4.0},{"damage":17.0,"enemies":"Giant Head","floor":44.0,"turns":7.0},{"damage":10.0,"enemies":"Jaw Worm Horde","floor":45.0,"turns":5.0},{"damage":0.0,"enemies":"Maw","floor":46.0,"turns":6.0},{"damage":10.0,"enemies":"Reptomancer","floor":47.0,"turns":4.0},{"damage":43.0,"enemies":"Donu and Deca","floor":50.0,"turns":10.0},{"damage":16.0,"enemies":"Shield and Spear","floor":54.0,"turns":5.0},{"damage":105,"enemies":"The Heart","floor":55,"turns":5}],"seed_played":"-8278979970476287879","potions_obtained":[{"floor":1.0,"key":"SpeedPotion"},{"floor":4.0,"key":"Poison Potion"},{"floor":14.0,"key":"FocusPotion"},{"floor":16.0,"key":"Ancient Potion"},{"floor":18.0,"key":"EssenceOfSteel"},{"floor":19.0,"key":"SteroidPotion"},{"floor":21.0,"key":"SteroidPotion"},{"floor":24.0,"key":"Dexterity Potion"},{"floor":30.0,"key":"Ancient Potion"},{"floor":31.0,"key":"PowerPotion"},{"floor":33.0,"key":"PowerPotion"},{"floor":35.0,"key":"SteroidPotion"},{"floor":36.0,"key":"Dexterity Potion"},{"floor":39.0,"key":"AttackPotion"},{"floor":41.0,"key":"AttackPotion"},{"floor":44.0,"key":"Dexterity Potion"},{"floor":45.0,"key":"Explosive Potion"},{"floor":46.0,"key":"SpeedPotion"},{"floor":47.0,"key":"Explosive Potion"},{"floor":54.0,"key":"SpeedPotion"}],"is_trial":false,"path_per_floor":["M","?","?","M","?","R","E","R","T","$","E","R","T","M","R","B",null,"M","M","?","M","?","R","M","R","T","$","?","R","E","M","R","B",null,"M","?","?","$","M","R","?","R","T","E","M","M","E","$","R","B",null,"R","$","E","B"],"character_chosen":"DEFECT","items_purchased":["Self Repair","Cold Snap","Lockon","Stack","Melter","Regen Potion"],"campfire_rested":1,"item_purchase_floors":[10,10,27,38,53,53],"current_hp_per_floor":[74,74,74,68,73,73,42,42,42,42,26,26,26,26,50,38,80,80,64,64,30,30,30,34,34,34,34,34,34,56,61,61,59,80,70,41,41,41,45,45,71,71,71,76,80,80,87,87,87,54,87,87,87,87,0],"gold":48,"neow_bonus":"RANDOM_COMMON_RELIC","is_prod":false,"is_daily":false,"chose_seed":false,"campfire_upgraded":10,"win_rate":0,"timestamp":1563070381,"path_taken":["M","?","?","M","?","R","E","R","T","$","E","R","?","M","R","BOSS","M","M","?","M","?","R","M","R","T","$","?","R","E","M","R","BOSS","M","?","?","$","M","R","?","R","T","E","M","M","E","?","R","BOSS","R","$","E","BOSS"],"build_version":"2019-07-05","purchased_purges":4,"victory":false,"max_hp_per_floor":[75,75,75,75,80,80,80,80,80,80,80,80,80,80,80,80,80,80,80,80,80,80,80,80,80,80,80,80,80,80,80,80,80,80,80,80,80,80,80,80,80,80,80,80,80,80,87,87,87,87,87,87,87,87,87],"card_choices":[{"not_picked":["White Noise","Skim"],"picked":"Barrage","floor":1.0},{"not_picked":["Consume","Cold Snap"],"picked":"Gash","floor":4.0},{"not_picked":["Reinforced Body","Loop"],"picked":"Defragment","floor":7.0},{"not_picked":["Hologram","Stack"],"picked":"Conserve Battery","floor":11.0},{"not_picked":["Reinforced Body","Aggregate"],"picked":"Sweeping Beam","floor":14.0},{"not_picked":["Thunder Strike","Seek"],"picked":"Creative AI","floor":16.0},{"not_picked":["Rebound","Go for the Eyes"],"picked":"Hologram+1","floor":18.0},{"not_picked":["Consume+1","Compile Driver"],"picked":"Ball Lightning+1","floor":19.0},{"not_picked":["Fusion","Ball Lightning"],"picked":"Leap","floor":21.0},{"not_picked":["Stack","Creative AI"],"picked":"FTL","floor":24.0},{"not_picked":["Self Repair+1","Consume"],"picked":"Chaos+1","floor":30.0},{"not_picked":["Defragment","Turbo+1"],"picked":"Capacitor","floor":31.0},{"not_picked":["Multi-Cast","Fission"],"picked":"All For One","floor":33.0},{"not_picked":["Go for the Eyes","Chill+1"],"picked":"Barrage+1","floor":35.0},{"not_picked":["Self Repair+1","Coolheaded+1"],"picked":"Melter","floor":36.0},{"not_picked":["Barrage","Reprogram","Sweeping Beam"],"picked":"SKIP","floor":39.0},{"not_picked":["Rebound","Coolheaded"],"picked":"Consume+1","floor":41.0},{"not_picked":["Glacier","All For One"],"picked":"Rebound+1","floor":44.0},{"not_picked":["Steam Power+1","Hologram+1","Redo"],"picked":"SKIP","floor":45.0},{"not_picked":["Coolheaded+1","Steam"],"picked":"BootSequence+1","floor":46.0},{"not_picked":["Hologram","Heatsinks+1"],"picked":"Lockon+1","floor":47.0},{"not_picked":["Meteor Strike","Leap"],"picked":"Auto Shields","floor":54.0}],"player_experience":141801,"relics_obtained":[{"floor":7.0,"key":"Tiny Chest"},{"floor":11.0,"key":"Vajra"},{"floor":13.0,"key":"Gremlin Horn"},{"floor":26.0,"key":"PreservedInsect"},{"floor":30.0,"key":"Singing Bowl"},{"floor":36.0,"key":"Bird Faced Urn"},{"floor":41.0,"key":"Ice Cream"},{"floor":43.0,"key":"Ancient Tea Set"},{"floor":44.0,"key":"Thread and Needle"},{"floor":47.0,"key":"Strawberry"},{"floor":54.0,"key":"Centennial Puzzle"}],"event_choices":[{"damage_healed":0.0,"max_hp_gain":0.0,"max_hp_loss":0.0,"gold_gain":0.0,"cards_transformed":["Strike_B"],"event_name":"Living Wall","player_choice":"Change","floor":2.0,"gold_loss":0.0,"damage_taken":0.0,"cards_obtained":["Redo"]},{"cards_removed":["Strike_B"],"damage_healed":0.0,"max_hp_gain":0.0,"max_hp_loss":0.0,"gold_gain":0.0,"event_name":"The Cleric","player_choice":"Card Removal","floor":3.0,"gold_loss":50.0,"damage_taken":0.0},{"damage_healed":0.0,"max_hp_gain":5.0,"max_hp_loss":0.0,"gold_gain":0.0,"event_name":"Big Fish","player_choice":"Donut","floor":5.0,"gold_loss":0.0,"damage_taken":0.0},{"damage_healed":0.0,"max_hp_gain":0.0,"max_hp_loss":0.0,"gold_gain":0.0,"event_name":"Vampires","player_choice":"Ignored","floor":20.0,"gold_loss":0.0,"damage_taken":0.0},{"damage_healed":0.0,"max_hp_gain":0.0,"max_hp_loss":0.0,"gold_gain":0.0,"event_name":"The Mausoleum","player_choice":"Opened","floor":22.0,"gold_loss":0.0,"damage_taken":0.0,"relics_obtained":["Meat on the Bone"],"cards_obtained":["Writhe"]},{"damage_healed":0.0,"max_hp_gain":0.0,"max_hp_loss":0.0,"gold_gain":0.0,"event_name":"Back to Basics","player_choice":"Simplicity","floor":28.0,"gold_loss":0.0,"damage_taken":0.0,"cards_upgraded":["Defend_B","Defend_B","Defend_B","Defend_B"]},{"damage_healed":0.0,"max_hp_gain":0.0,"max_hp_loss":0.0,"gold_gain":0.0,"event_name":"Mysterious Sphere","player_choice":"Fight","floor":36.0,"gold_loss":0.0,"damage_taken":0.0},{"cards_removed":["Dualcast"],"damage_healed":0.0,"max_hp_gain":0.0,"max_hp_loss":0.0,"gold_gain":0.0,"event_name":"Falling","player_choice":"Removed Skill","floor":37.0,"gold_loss":0.0,"damage_taken":0.0},{"damage_healed":0.0,"max_hp_gain":0.0,"max_hp_loss":0.0,"gold_gain":0.0,"event_name":"MindBloom","player_choice":"Fight","floor":41.0,"gold_loss":0.0,"damage_taken":0.0}],"is_beta":false,"boss_relics":[{"not_picked":["Black Star","Eternal Feather"],"picked":"White Beast Statue"},{"not_picked":["Orrery","Tiny House"],"picked":"Nuclear Battery"}],"items_purged_floors":[10,27,38,48],"is_endless":false,"potions_floor_spawned":[1,4,14,16,18,19,21,24,30,31,33,35,36,39,41,44,45,46,47,54],"killed_by":"The Heart","ascension_level":1}