{"gold_per_floor":[112,112,131,147,23,23,57,57,111,144,17,36,70,84,84,185,185,201,201,123,222,269,269,300,300,300,300,314,314,328,348,348,445,445,462,481,499,225,237,268,268,281,281,310,310,355,124,124,124,124,124,124,124,149,149],"floor_reached":55,"playtime":8402,"items_purged":["Strike_R","Strike_R","Strike_R","Strike_R"],"score":777,"play_id":"475a3974-53b0-4bdd-9f14-ee5e92b39b85","local_time":"20190713024547","is_ascension_mode":true,"campfire_choices":[{"data":"Armaments","floor":6.0,"key":"SMITH"},{"data":"Demon Form","floor":8.0,"key":"SMITH"},{"floor":15.0,"key":"REST"},{"data":"Berserk","floor":23.0,"key":"SMITH"},{"data":"Body Slam","floor":25.0,"key":"SMITH"},{"floor":27.0,"key":"REST"},{"data":"Heavy Blade","floor":29.0,"key":"SMITH"},{"data":"Spot Weakness","floor":32.0,"key":"SMITH"},{"floor":41.0,"key":"REST"},{"floor":45.0,"key":"RECALL"},{"floor":49.0,"key":"REST"},{"data":"Barricade","floor":52.0,"key":"SMITH"}],"neow_cost":"NONE","seed_source_timestamp":8347100695300,"circlet_count":0,"master_deck":["Defend_R+1","Defend_R","Defend_R","Defend_R+1","Bash","Flex","Heavy Blade+1","Armaments+1","Demon Form+1","Flex","Clothesline","Body Slam+1","Pommel Strike","Shrug It Off","Juggernaut","Spot Weakness","Juggernaut","Heavy Blade+1","Berserk+1","Flame Barrier+1","Spot Weakness+1","Barricade+1","Entrench","Iron Wave+1","Rage","Metallicize","Heavy Blade+1"],"special_seed":0,"relics":["Burning Blood","Centennial Puzzle","Ancient Tea Set","War Paint","Runic Pyramid","FossilizedHelix","Pen Nib","Lantern","Gremlin Horn","Sozu","Vajra","Thread and Needle","Bottled Flame","Pocketwatch","Magic Flower","Sundial"],"potions_floor_usage":[],"damage_taken":[{"damage":5.0,"enemies":"2 Louse","floor":1.0,"turns":3.0},{"damage":1.0,"enemies":"Cultist","floor":3.0,"turns":3.0},{"damage":3.0,"enemies":"Jaw Worm","floor":4.0,"turns":3.0},{"damage":8.0,"enemies":"Lagavulin","floor":7.0,"turns":7.0},{"damage":16.0,"enemies":"3 Sentries","floor":10.0,"turns":8.0},{"damage":2.0,"enemies":"Blue Slaver","floor":12.0,"turns":4.0},{"damage":10.0,"enemies":"Lagavulin","floor":13.0,"turns":5.0},{"damage":26.0,"enemies":"Exordium Thugs","floor":14.0,"turns":5.0},{"damage":18.0,"enemies":"Slime Boss","floor":16.0,"turns":8.0},{"damage":24.0,"enemies":"Shell Parasite","floor":18.0,"turns":7.0},{"damage":40.0,"enemies":"Book of Stabbing","floor":24.0,"turns":6.0},{"damage":7.0,"enemies":"2 Thieves","floor":28.0,"turns":3.0},{"damage":10.0,"enemies":"Shelled Parasite and Fungi","floor":30.0,"turns":3.0},{"damage":7.0,"enemies":"Snake Plant","floor":31.0,"turns":5.0},{"damage":11.0,"enemies":"Automaton","floor":33.0,"turns":6.0},{"damage":11.0,"enemies":"Orb Walker","floor":35.0,"turns":4.0},{"damage":5.0,"enemies":"3 Darklings","floor":36.0,"turns":5.0},{"damage":20.0,"enemies":"Jaw Worm Horde","floor":37.0,"turns":6.0},{"damage":0.0,"enemies":"Transient","floor":39.0,"turns":5.0},{"damage":48.0,"enemies":"Nemesis","floor":40.0,"turns":5.0},{"damage":0.0,"enemies":"Spire Growth","floor":42.0,"turns":4.0},{"damage":21.0,"enemies":"Reptomancer","floor":44.0,"turns":6.0},{"damage":0.0,"enemies":"2 Orb Walkers","floor":46.0,"turns":4.0},{"damage":0.0,"enemies":"4 Shapes","floor":48.0,"turns":1.0},{"damage":35.0,"enemies":"Time Eater","floor":50.0,"turns":5.0},{"damage":21.0,"enemies":"Shield and Spear","floor":54.0,"turns":6.0},{"damage":72,"enemies":"The Heart","floor":55,"turns":3}],"seed_played":"-8246333713761704685","potions_obtained":[{"floor":7.0,"key":"SmokeBomb"},{"floor":13.0,"key":"SkillPotion"},{"floor":14.0,"key":"Ancient Potion"},{"floor":24.0,"key":"Strength Potion"},{"floor":30.0,"key":"BloodPotion"},{"floor":31.0,"key":"Dexterity Potion"}],"is_trial":false,"path_per_floor":["M","?","M","M","$","R","E","R","T","E","$","M","E","M","R","B",null,"M","T","$","?","T","R","E","R","T","R","M","R","M","M","R","B",null,"M","M","M","$","M","E","R","M","T","E","R","?","$","M","R","B",null,"R","$","E","B"],"character_chosen":"IRONCLAD","items_purchased":["Flex","Pommel Strike","Berserk","Vajra","Metallicize"],"campfire_rested":4,"item_purchase_floors":[5,11,20,38,47],"current_hp_per_floor":[80,80,80,80,80,80,78,78,78,68,68,72,68,48,72,60,80,62,62,62,62,62,62,28,28,28,52,51,51,47,66,66,61,80,75,76,62,62,68,26,50,56,56,41,41,47,47,56,80,54,80,80,80,68,0],"gold":149,"neow_bonus":"TRANSFORM_CARD","is_prod":false,"is_daily":false,"chose_seed":false,"campfire_upgraded":7,"win_rate":0,"timestamp":1562978747,"path_taken":["M","?","M","M","$","R","E","R","T","E","$","M","E","M","R","BOSS","M","?","$","?","?","R","E","R","T","R","?","R","M","M","R","BOSS","M","M","M","$","M","E","R","M","T","E","R","?","$","M","R","BOSS","R","$","E","BOSS"],"build_version":"2019-07-05","purchased_purges":4,"victory":false,"max_hp_per_floor":[80,80,80,80,80,80,80,80,80,80,80,80,80,80,80,80,80,80,80,80,80,80,80,80,80,80,80,80,80,80,80,80,80,80,80,80,80,80,80,80,80,80,80,80,80,80,80,80,80,80,80,80,80,80,80],"card_choices":[{"not_picked":["Perfected Strike","Flex"],"picked":"Heavy Blade","floor":1.0},{"not_picked":["True Grit","Twin Strike"],"picked":"Armaments","floor":3.0},{"not_picked":["Headbutt","Wild Strike"],"picked":"Demon Form","floor":4.0},{"not_picked":["Thunderclap","Infernal Blade"],"picked":"Clothesline","floor":7.0},{"not_picked":["Flame Barrier","Thunderclap"],"picked":"Body Slam","floor":10.0},{"not_picked":["Wild Strike","Perfected Strike"],"picked":"Shrug It Off","floor":12.0},{"not_picked":["Immolate","Shrug It Off"],"picked":"Juggernaut","floor":13.0},{"not_picked":["Cleave","Blood for Blood"],"picked":"Spot Weakness","floor":14.0},{"not_picked":["Exhume","Demon Form"],"picked":"Juggernaut","floor":16.0},{"not_picked":["Spot Weakness","Havoc+1"],"picked":"Heavy Blade+1","floor":18.0},{"not_picked":["Intimidate","Disarm"],"picked":"Flame Barrier+1","floor":24.0},{"not_picked":["Intimidate","Warcry","Wild Strike"],"picked":"SKIP","floor":28.0},{"not_picked":["Fire Breathing+1","Sword Boomerang"],"picked":"Spot Weakness","floor":30.0},{"not_picked":["Intimidate","Burning Pact+1","Disarm"],"picked":"SKIP","floor":31.0},{"not_picked":["Demon Form","Impervious"],"picked":"Barricade","floor":33.0},{"not_picked":["Thunderclap","Shrug It Off"],"picked":"Entrench","floor":35.0},{"not_picked":["Burning Pact","Sever Soul+1","Evolve+1"],"picked":"SKIP","floor":36.0},{"not_picked":["Corruption","Iron Wave","Cleave"],"picked":"SKIP","floor":37.0},{"not_picked":["Burning Pact+1","Carnage+1"],"picked":"Iron Wave+1","floor":39.0},{"not_picked":["Battle Trance+1","Fiend Fire","Iron Wave"],"picked":"SKIP","floor":40.0},{"not_picked":["Dual Wield+1","Perfected Strike","True Grit"],"picked":"SKIP","floor":42.0},{"not_picked":["Shrug It Off","Iron Wave"],"picked":"Rage","floor":44.0},{"not_picked":["Whirlwind+1","Spot Weakness+1"],"picked":"Heavy Blade+1","floor":54.0}],"player_experience":118609,"relics_obtained":[{"floor":7.0,"key":"Centennial Puzzle"},{"floor":10.0,"key":"Ancient Tea Set"},{"floor":13.0,"key":"War Paint"},{"floor":19.0,"key":"FossilizedHelix"},{"floor":22.0,"key":"Pen Nib"},{"floor":24.0,"key":"Lantern"},{"floor":26.0,"key":"Gremlin Horn"},{"floor":40.0,"key":"Thread and Needle"},{"floor":43.0,"key":"Bottled Flame"},{"floor":44.0,"key":"Pocketwatch"},{"floor":46.0,"key":"Magic Flower"},{"floor":54.0,"key":"Sundial"}],"event_choices":[{"damage_healed":0.0,"max_hp_gain":0.0,"max_hp_loss":0.0,"gold_gain":0.0,"event_name":"The Woman in Blue","player_choice":"Bought 0 Potions","floor":2.0,"gold_loss":0.0,"damage_taken":0.0},{"damage_healed":0.0,"max_hp_gain":0.0,"max_hp_loss":0.0,"gold_gain":99.0,"event_name":"Nest","player_choice":"Stole From Cult","floor":21.0,"gold_loss":0.0,"damage_taken":0.0},{"damage_healed":0.0,"max_hp_gain":0.0,"max_hp_loss":0.0,"gold_gain":0.0,"event_name":"Mysterious Sphere","player_choice":"Fight","floor":46.0,"gold_loss":0.0,"damage_taken":0.0}],"is_beta":false,"boss_relics":[{"not_picked":["Snecko Eye","Eternal Feather"],"picked":"Runic Pyramid"},{"not_picked":["Lizard Tail","Orrery"],"picked":"Sozu"}],"items_purged_floors":[5,11,38,47],"is_endless":false,"potions_floor_spawned":[7,13,14,24,30,31,35,40,44,46,48],"killed_by":"The Heart","ascension_level":1}