{"gold_per_floor":[111,127,127,143,159,62,62,72,153,167,167,179,179,191,191,288,288,304,484,504,515,527,527,545,561,561,571,496,508,423,434,434,434],"floor_reached":33,"playtime":3848,"items_purged":["Defend_G"],"score":249,"play_id":"b0ff2d34-f2b4-4078-89d0-4c235c21e14e","local_time":"20190627004308","is_ascension_mode":false,"campfire_choices":[{"data":"Finisher","floor":7,"key":"SMITH"},{"data":"Well Laid Plans","floor":11,"key":"SMITH"},{"data":"Blade Dance","floor":13,"key":"SMITH"},{"floor":15,"key":"REST"},{"floor":23,"key":"REST"},{"floor":32,"key":"REST"}],"neow_cost":"NONE","seed_source_timestamp":301692813847342,"circlet_count":0,"master_deck":["Defend_G","Defend_G","Defend_G","Strike_G","Strike_G","Strike_G","Survivor","Neutralize","Masterful Stab","Finisher+1","Quick Slash","Masterful Stab","Dagger Spray","Well Laid Plans+1","Blade Dance+1","Flying Knee","Prepared","Tools of the Trade","Predator","Flying Knee","Endless Agony","Quick Slash+1","Dagger Spray","Blade Dance","Die Die Die"],"relics":["White Beast Statue","FossilizedHelix","Gremlin Horn","Empty Cage","Matryoshka","Regal Pillow"],"potions_floor_usage":[18,20,21,22,22,24,25,27,27,33,33,33],"damage_taken":[{"damage":7,"enemies":"Small Slimes","floor":1,"turns":5},{"damage":0,"enemies":"Cultist","floor":2,"turns":3},{"damage":0,"enemies":"Jaw Worm","floor":4,"turns":3},{"damage":13,"enemies":"Gremlin Gang","floor":5,"turns":7},{"damage":0,"enemies":"2 Fungi Beasts","floor":8,"turns":1},{"damage":0,"enemies":"3 Louse","floor":10,"turns":1},{"damage":0,"enemies":"Exordium Thugs","floor":12,"turns":2},{"damage":0,"enemies":"2 Fungi Beasts","floor":14,"turns":1},{"damage":61,"enemies":"Slime Boss","floor":16,"turns":15},{"damage":12,"enemies":"Chosen","floor":18,"turns":4},{"damage":8,"enemies":"Shell Parasite","floor":20,"turns":4},{"damage":0,"enemies":"3 Cultists","floor":21,"turns":3},{"damage":10,"enemies":"Snake Plant","floor":22,"turns":4},{"damage":16,"enemies":"Chosen and Byrds","floor":24,"turns":6},{"damage":10,"enemies":"Centurion and Healer","floor":25,"turns":4},{"damage":0,"enemies":"3 Cultists","floor":27,"turns":4},{"damage":5,"enemies":"Snecko","floor":29,"turns":4},{"damage":0,"enemies":"Chosen and Byrds","floor":31,"turns":4},{"damage":68,"enemies":"Automaton","floor":33,"turns":10}],"seed_played":"-1801098280651805599","potions_obtained":[{"floor":1,"key":"GamblersBrew"},{"floor":2,"key":"GhostInAJar"},{"floor":4,"key":"SpeedPotion"},{"floor":5,"key":"LiquidBronze"},{"floor":8,"key":"Fire Potion"},{"floor":10,"key":"SkillPotion"},{"floor":12,"key":"Block Potion"},{"floor":14,"key":"Explosive Potion"},{"floor":16,"key":"GamblersBrew"},{"floor":18,"key":"Strength Potion"},{"floor":20,"key":"GhostInAJar"},{"floor":21,"key":"Poison Potion"},{"floor":22,"key":"EssenceOfSteel"},{"floor":24,"key":"Swift Potion"},{"floor":25,"key":"Regen Potion"},{"floor":27,"key":"Swift Potion"},{"floor":29,"key":"SkillPotion"},{"floor":31,"key":"Weak Potion"}],"is_trial":false,"path_per_floor":["M","M","?","M","M","$","R","M","T","M","R","M","R","M","R","B",null,"M","?","M","M","M","R","M","M","T","M","?","M","?","M","R","B"],"character_chosen":"THE_SILENT","items_purchased":["Dagger Spray"],"campfire_rested":3,"item_purchase_floors":[6],"current_hp_per_floor":[63,63,63,63,50,50,50,50,50,50,50,50,50,50,70,9,70,58,37,29,29,19,40,24,14,14,26,26,21,21,21,57,0],"gold":434,"neow_bonus":"BOSS_RELIC","is_prod":false,"is_daily":false,"chose_seed":false,"campfire_upgraded":3,"win_rate":0.0,"timestamp":1561567388,"path_taken":["M","M","?","?","M","$","R","?","T","M","R","M","R","M","R","BOSS","M","?","M","M","?","R","M","M","T","M","?","M","?","M","R","BOSS"],"build_version":"2019-01-23","purchased_purges":1,"victory":false,"max_hp_per_floor":[70,70,70,70,70,70,70,70,70,70,70,70,70,70,70,70,70,70,70,70,70,70,70,70,70,70,70,70,70,70,70,70,70],"card_choices":[{"not_picked":["Dagger Spray","Quick Slash"],"picked":"Masterful Stab","floor":1},{"not_picked":["Bane","Prepared"],"picked":"Finisher","floor":2},{"not_picked":["Deflect","Prepared"],"picked":"Quick Slash","floor":4},{"not_picked":["Caltrops","Distraction"],"picked":"Masterful Stab","floor":5},{"not_picked":["Flying Knee","Acrobatics"],"picked":"Well Laid Plans","floor":8},{"not_picked":["Acrobatics","Deadly Poison"],"picked":"Blade Dance","floor":10},{"not_picked":["Leg Sweep","Backflip"],"picked":"Flying Knee","floor":12},{"not_picked":["Catalyst","Caltrops"],"picked":"Prepared","floor":14},{"not_picked":["Burst","Phantasmal Killer"],"picked":"Tools of the Trade","floor":16},{"not_picked":["Bane","Reflex"],"picked":"Predator","floor":18},{"not_picked":["Catalyst+1","Dodge and Roll"],"picked":"Flying Knee","floor":20},{"not_picked":["Deadly Poison","Poisoned Stab+1"],"picked":"Endless Agony","floor":21},{"not_picked":["Riddle With Holes","Poisoned Stab","Bouncing Flask"],"picked":"SKIP","floor":22},{"not_picked":["Blur","Deadly Poison+1","Eviscerate"],"picked":"SKIP","floor":24},{"not_picked":["Backflip+1","Poisoned Stab"],"picked":"Quick Slash+1","floor":25},{"not_picked":["Escape Plan","Bane"],"picked":"Dagger Spray","floor":27},{"not_picked":["Backflip+1","Dagger Spray"],"picked":"Blade Dance","floor":29},{"not_picked":["Backflip","Expertise"],"picked":"Die Die Die","floor":31}],"player_experience":16885,"relics_obtained":[{"floor":9,"key":"Gremlin Horn"},{"floor":26,"key":"Matryoshka"}],"event_choices":[{"damage_healed":0,"gold_gain":0,"player_choice":"Gave Potion","damage_taken":0,"relics_obtained":["FossilizedHelix"],"max_hp_gain":0,"max_hp_loss":0,"event_name":"WeMeetAgain","floor":3,"gold_loss":0},{"damage_healed":0,"gold_gain":180,"player_choice":"GOLD GOLD ","damage_taken":21,"max_hp_gain":0,"max_hp_loss":0,"event_name":"Knowing Skull","floor":19,"potions_obtained":[],"gold_loss":0,"cards_obtained":[]},{"cards_removed":["Defend_G"],"damage_healed":0,"gold_gain":0,"player_choice":"Gave Gold","damage_taken":0,"max_hp_gain":0,"max_hp_loss":0,"event_name":"Beggar","floor":28,"gold_loss":75},{"damage_healed":0,"gold_gain":0,"player_choice":"Obtained Relic","damage_taken":0,"relics_obtained":["Regal Pillow"],"max_hp_gain":0,"max_hp_loss":0,"event_name":"Addict","floor":30,"gold_loss":85}],"is_beta":false,"boss_relics":[{"not_picked":["Busted Crown","Fusion Hammer"],"picked":"Empty Cage"}],"items_purged_floors":[6],"is_endless":false,"potions_floor_spawned":[1,2,4,5,8,10,12,14,16,18,20,21,22,24,25,27,29,31],"killed_by":"Automaton","ascension_level":0}