{"gold_per_floor":[112,126,126,141,73,23,38,38,38,63,74,99,99,127,127,230,230,247,265,294,393,107,139,139,164,215,241,258,114,126,126,126,224,274,294,204,216,231,241,241],"floor_reached":40,"playtime":2455,"items_purged":["Strike_R"],"score":570,"play_id":"bdabd5ca-1748-473e-9d4a-b9a83ba4d6ca","local_time":"20190716225245","is_ascension_mode":true,"campfire_choices":[{"data":"Immolate","floor":8.0,"key":"SMITH"},{"data":"Clothesline","floor":13.0,"key":"SMITH"},{"data":"Hemokinesis","floor":15.0,"key":"SMITH"},{"floor":24.0,"key":"REST"},{"floor":32,"key":"REST"}],"neow_cost":"NONE","seed_source_timestamp":560683006518257,"circlet_count":0,"master_deck":["Strike_R","Strike_R","Defend_R","Defend_R","Defend_R","Defend_R","Bash+1","Clothesline+1","Pommel Strike","Shrug It Off","Hemokinesis+1","Immolate+1","Iron Wave","Metallicize","Spot Weakness","Shrug It Off+1","Limit Break+1","Metallicize","Wild Strike+1","Inflame+1","Seeing Red+1","Havoc+1","Offering+1","Warcry+1","Corruption+1","Disarm+1","Ghostly Armor+1","True Grit+1","Headbutt+1","Juggernaut","Infernal Blade+1","Fiend Fire","Shockwave+1","Entrench+1"],"special_seed":0,"relics":["Burning Blood","Odd Mushroom","Self Forming Clay","Toxic Egg 2","Orrery","Red Mask","Happy Flower","Regal Pillow","Peace Pipe","Omamori","Question Card","Tiny House"],"potions_floor_usage":[33,33,33,38],"damage_taken":[{"damage":1.0,"enemies":"Cultist","floor":1.0,"turns":3.0},{"damage":4.0,"enemies":"2 Louse","floor":2.0,"turns":4.0},{"damage":9.0,"enemies":"Jaw Worm","floor":4.0,"turns":3.0},{"damage":4.0,"enemies":"Looter","floor":7.0,"turns":4.0},{"damage":0.0,"enemies":"The Mushroom Lair","floor":10.0,"turns":1.0},{"damage":7.0,"enemies":"2 Fungi Beasts","floor":11.0,"turns":3.0},{"damage":12.0,"enemies":"Gremlin Nob","floor":12.0,"turns":4.0},{"damage":33.0,"enemies":"Lagavulin","floor":14.0,"turns":6.0},{"damage":30.0,"enemies":"Hexaghost","floor":16.0,"turns":12.0},{"damage":9.0,"enemies":"Chosen","floor":18.0,"turns":4.0},{"damage":22.0,"enemies":"2 Thieves","floor":19.0,"turns":3.0},{"damage":0.0,"enemies":"Masked Bandits","floor":20.0,"turns":3.0},{"damage":36.0,"enemies":"Gremlin Leader","floor":23.0,"turns":6.0},{"damage":26.0,"enemies":"Slavers","floor":25.0,"turns":5.0},{"damage":32.0,"enemies":"Gremlin Leader","floor":27.0,"turns":6.0},{"damage":44.0,"enemies":"3 Cultists","floor":28.0,"turns":8.0},{"damage":7.0,"enemies":"Shelled Parasite and Fungi","floor":30.0,"turns":6.0},{"damage":26,"enemies":"Collector","floor":33,"turns":8},{"damage":13,"enemies":"3 Shapes","floor":35,"turns":5},{"damage":14,"enemies":"Orb Walker","floor":37,"turns":5},{"damage":17,"enemies":"Transient","floor":38,"turns":5},{"damage":52,"enemies":"Sphere and 2 Shapes","floor":39,"turns":10},{"damage":27,"enemies":"Giant Head","floor":40,"turns":5}],"seed_played":"3986098771619323986","potions_obtained":[{"floor":0.0,"key":"Energy Potion"},{"floor":0.0,"key":"BloodPotion"},{"floor":0.0,"key":"Swift Potion"},{"floor":4.0,"key":"EssenceOfSteel"},{"floor":19.0,"key":"LiquidBronze"},{"floor":23.0,"key":"Poison Potion"},{"floor":27.0,"key":"BloodPotion"},{"floor":28.0,"key":"Poison Potion"},{"floor":34,"key":"Dexterity Potion"},{"floor":37,"key":"Regen Potion"}],"is_trial":false,"path_per_floor":["M","M","?","M","$","?","M","R","T","?","M","E","R","E","R","B",null,"M","M","?","?","$","E","R","E","T","E","M","$","M","?","R","B",null,"M","?","M","M","M","E"],"character_chosen":"IRONCLAD","items_purchased":["Hemokinesis","Disarm+1","Happy Flower","Juggernaut"],"campfire_rested":2,"item_purchase_floors":[5,22,22,29],"current_hp_per_floor":[80,80,80,77,77,77,79,79,79,80,79,73,73,46,46,22,66,63,67,73,73,73,43,80,60,60,34,16,16,15,15,54,34,74,67,67,59,63,17,0],"gold":241,"neow_bonus":"THREE_SMALL_POTIONS","is_prod":false,"is_daily":false,"chose_seed":false,"campfire_upgraded":3,"win_rate":0,"timestamp":1563331965,"path_taken":["M","?","?","?","?","?","M","R","T","?","M","E","R","E","R","BOSS","M","M","?","?","?","E","R","E","T","E","M","$","M","?","R","BOSS","M","?","M","M","M","E"],"build_version":"2019-07-05","purchased_purges":1,"victory":false,"max_hp_per_floor":[80,80,80,80,80,80,80,80,80,80,80,80,80,80,80,80,80,80,80,80,80,80,80,80,80,80,80,80,80,80,80,80,80,85,85,85,85,85,85,85],"card_choices":[{"not_picked":["Twin Strike","Dropkick"],"picked":"Clothesline","floor":1.0},{"not_picked":["Flex","Heavy Blade"],"picked":"Pommel Strike","floor":2.0},{"not_picked":["Headbutt","Heavy Blade"],"picked":"Shrug It Off","floor":4.0},{"not_picked":["Anger","Thunderclap"],"picked":"Immolate","floor":7.0},{"not_picked":["Pommel Strike","Shrug It Off"],"picked":"Iron Wave","floor":10.0},{"not_picked":["Evolve","Clash"],"picked":"Metallicize","floor":11.0},{"not_picked":["Sentinel","Havoc"],"picked":"Spot Weakness","floor":12.0},{"not_picked":["Perfected Strike","Reckless Charge"],"picked":"Shrug It Off","floor":14.0},{"not_picked":["Fiend Fire","Immolate"],"picked":"Limit Break+1","floor":16.0},{"not_picked":["Headbutt","Clothesline"],"picked":"Metallicize","floor":17.0},{"not_picked":["Heavy Blade","Rupture"],"picked":"Wild Strike","floor":17.0},{"not_picked":["Sword Boomerang","Thunderclap"],"picked":"Inflame","floor":17.0},{"not_picked":["Iron Wave","Entrench+1"],"picked":"Seeing Red+1","floor":17.0},{"not_picked":["Body Slam","Clash"],"picked":"Havoc+1","floor":17.0},{"not_picked":["Anger","Havoc+1"],"picked":"Offering+1","floor":18.0},{"not_picked":["Heavy Blade+1","Iron Wave+1"],"picked":"Warcry+1","floor":19.0},{"not_picked":["Rage+1","Rupture"],"picked":"Corruption+1","floor":20.0},{"not_picked":["Clothesline","Inflame+1"],"picked":"Ghostly Armor+1","floor":23.0},{"not_picked":["Inflame","Headbutt"],"picked":"True Grit+1","floor":25.0},{"not_picked":["Metallicize","Intimidate+1","Bloodletting+1"],"picked":"SKIP","floor":27.0},{"not_picked":["Wild Strike","Heavy Blade","Carnage"],"picked":"Headbutt+1","floor":28.0},{"not_picked":["Blood for Blood","Pommel Strike","Brutality"],"picked":"Infernal Blade+1","floor":30.0},{"not_picked":["Offering+1","Berserk","Exhume+1"],"picked":"Fiend Fire","floor":33},{"not_picked":["Clash","Thunderclap","Shrug It Off+1"],"picked":"Shockwave+1","floor":34},{"not_picked":["Clothesline+1","Exhume+1","Evolve+1"],"picked":"Entrench+1","floor":35},{"not_picked":["Body Slam+1","Clash","Spot Weakness+1","Twin Strike"],"picked":"SKIP","floor":37},{"not_picked":["Clothesline+1","Warcry+1","Twin Strike","Heavy Blade"],"picked":"SKIP","floor":38},{"not_picked":["Pummel","Wild Strike+1","Dual Wield+1","Cleave+1"],"picked":"SKIP","floor":39}],"player_experience":191222,"relics_obtained":[{"floor":10.0,"key":"Odd Mushroom"},{"floor":12.0,"key":"Self Forming Clay"},{"floor":14.0,"key":"Toxic Egg 2"},{"floor":20.0,"key":"Red Mask"},{"floor":23.0,"key":"Regal Pillow"},{"floor":25.0,"key":"Peace Pipe"},{"floor":26.0,"key":"Omamori"},{"floor":27.0,"key":"Question Card"}],"event_choices":[{"damage_healed":0.0,"max_hp_gain":0.0,"max_hp_loss":0.0,"gold_gain":0.0,"event_name":"Accursed Blacksmith","player_choice":"Forge","floor":3.0,"gold_loss":0.0,"damage_taken":0.0,"cards_upgraded":["Bash"]},{"cards_removed":["Strike_R"],"damage_healed":0.0,"max_hp_gain":0.0,"max_hp_loss":0.0,"gold_gain":0.0,"event_name":"The Cleric","player_choice":"Card Removal","floor":6.0,"gold_loss":50.0,"damage_taken":0.0},{"damage_healed":0.0,"max_hp_gain":0.0,"max_hp_loss":0.0,"gold_gain":0.0,"event_name":"Mushrooms","player_choice":"Fought Mushrooms","floor":10.0,"gold_loss":0.0,"damage_taken":0.0},{"damage_healed":0.0,"max_hp_gain":0.0,"max_hp_loss":0.0,"gold_gain":0.0,"event_name":"Masked Bandits","player_choice":"Fought Bandits","floor":20.0,"gold_loss":0.0,"damage_taken":0.0},{"damage_healed":0.0,"max_hp_gain":0.0,"max_hp_loss":0.0,"gold_gain":99.0,"event_name":"Nest","player_choice":"Stole From Cult","floor":21.0,"gold_loss":0.0,"damage_taken":0.0},{"damage_healed":0,"gold_gain":0,"player_choice":"Leave","damage_taken":0,"max_hp_gain":0,"max_hp_loss":0,"event_name":"FaceTrader","floor":31,"gold_loss":0},{"cards_removed":["Strike_R"],"damage_healed":0,"gold_gain":0,"player_choice":"Upgrade and Remove","damage_taken":0,"max_hp_gain":0,"max_hp_loss":0,"event_name":"Designer","floor":36,"gold_loss":90,"cards_upgraded":["Inflame"]}],"is_beta":false,"boss_relics":[{"not_picked":["Cursed Key","Coffee Dripper"],"picked":"Orrery"},{"not_picked":["Empty Cage","Runic Cube"],"picked":"Tiny House"}],"items_purged_floors":[22],"is_endless":false,"potions_floor_spawned":[2,4,7,19,23,27,28,37],"killed_by":"Giant Head","ascension_level":5}