{"gold_per_floor":[118,130,142,159,176,208,208,208,208,225,225,206,223,242,242,242],"floor_reached":16,"playtime":625,"items_purged":[],"score":162,"play_id":"dc85a417-f22a-431e-8d01-541f17bc4649","local_time":"20181104184325","is_ascension_mode":true,"campfire_choices":[{"floor":8,"key":"RECALL"},{"floor":15,"key":"REST"}],"neow_cost":"NONE","seed_source_timestamp":107167385259448,"circlet_count":0,"master_deck":["AscendersBane","Defend_G","Defend_G","Defend_G","Defend_G","Defend_G","Strike_G","Strike_G","Strike_G","Strike_G","Survivor","Neutralize","Blur","Blur","Setup","All Out Attack","Quick Slash","Backflip","Blur","Backflip"],"special_seed":0,"relics":["Fusion Hammer","Bronze Scales","Mango"],"potions_floor_usage":[4,6],"damage_taken":[{"damage":2,"enemies":"Jaw Worm","floor":1,"turns":4},{"damage":0,"enemies":"Cultist","floor":2,"turns":5},{"damage":0,"enemies":"Small Slimes","floor":3,"turns":5},{"damage":0,"enemies":"Looter","floor":4,"turns":4},{"damage":13,"enemies":"3 Louse","floor":5,"turns":5},{"damage":29,"enemies":"Gremlin Nob","floor":6,"turns":6},{"damage":6,"enemies":"Gremlin Gang","floor":10,"turns":2},{"damage":4,"enemies":"Exordium Thugs","floor":12,"turns":4},{"damage":18,"enemies":"Large Slime","floor":13,"turns":8},{"damage":0,"enemies":"Looter","floor":14,"turns":4},{"damage":0,"enemies":"Hexaghost","floor":16,"turns":1}],"seed_played":"-6719484376225980974","potions_obtained":[{"floor":1,"key":"SmokeBomb"},{"floor":2,"key":"Block Potion"},{"floor":3,"key":"AttackPotion"},{"floor":5,"key":"SmokeBomb"},{"floor":12,"key":"Weak Potion"}],"is_trial":false,"path_per_floor":["M","M","M","M","M","E","?","R","T","M","?","M","M","M","R","B"],"character_chosen":"THE_SILENT","items_purchased":[],"campfire_rested":1,"item_purchase_floors":[],"current_hp_per_floor":[61,61,61,61,48,19,19,19,33,27,27,23,5,5,30,30],"gold":242,"neow_bonus":"BOSS_RELIC","is_prod":false,"is_daily":false,"chose_seed":false,"campfire_upgraded":0,"win_rate":0,"timestamp":1541317405,"path_taken":["M","M","M","M","M","E","?","R","T","M","?","M","?","M","R","BOSS"],"build_version":"2018-11-02","purchased_purges":0,"victory":false,"max_hp_per_floor":[70,70,70,70,70,70,70,70,84,84,84,84,84,84,84,84],"card_choices":[{"not_picked":["Bouncing Flask","Underhanded Strike"],"picked":"Blur","floor":1},{"not_picked":["Dodge and Roll","Riddle With Holes"],"picked":"Blur","floor":2},{"not_picked":["Acrobatics","Reflex"],"picked":"Setup","floor":3},{"not_picked":["Underhanded Strike","Setup"],"picked":"All Out Attack","floor":4},{"not_picked":["Expertise","Flechettes"],"picked":"Quick Slash","floor":5},{"not_picked":["Deflect","Eviscerate"],"picked":"Backflip","floor":6},{"not_picked":["Bane","Expertise","Wraith Form v2"],"picked":"SKIP","floor":10},{"not_picked":["Deadly Poison","Riddle With Holes","Setup"],"picked":"SKIP","floor":12},{"not_picked":["Outmaneuver","Flying Knee"],"picked":"Blur","floor":13},{"not_picked":["Deadly Poison","Bane"],"picked":"Backflip","floor":14}],"player_experience":418897,"relics_obtained":[{"floor":6,"key":"Bronze Scales"},{"floor":9,"key":"Mango"}],"event_choices":[{"damage_healed":0,"gold_gain":0,"player_choice":"Searched \u00271\u0027 times","damage_taken":0,"max_hp_gain":0,"max_hp_loss":0,"event_name":"Dead Adventurer","floor":7,"gold_loss":0},{"cards_removed":["Strike_G"],"damage_healed":0,"gold_gain":0,"player_choice":"Offered Basic","damage_taken":0,"max_hp_gain":0,"max_hp_loss":0,"event_name":"Bonfire Elementals","floor":11,"gold_loss":0}],"is_beta":true,"boss_relics":[],"items_purged_floors":[],"is_endless":false,"potions_floor_spawned":[1,2,3,5,12],"killed_by":"Hexaghost","ascension_level":10}