{"gold_per_floor":[116,129,142,161,179,179,213,105,105,29,59,59,77,94,94,166,166,183,201,215,215,215,215,52,52,52,72,83,101,101,119,119,190,190,202,252,267,281,125,125,137,152,152,152,171,181,181,181,181,181],"floor_reached":51,"playtime":3721,"items_purged":["Prepared"],"score":1141,"play_id":"2bf3f579-c58e-4837-876e-3c66f1fcd92c","local_time":"20190114191347","is_ascension_mode":true,"campfire_choices":[{"data":"Neutralize","floor":6.0,"key":"SMITH"},{"floor":15.0,"key":"REST"},{"data":"Cloak And Dagger","floor":23.0,"key":"SMITH"},{"data":"Crippling Poison","floor":25.0,"key":"SMITH"},{"floor":32.0,"key":"REST"},{"data":"A Thousand Cuts","floor":40.0,"key":"SMITH"},{"data":"After Image","floor":44.0,"key":"SMITH"},{"data":"Choke","floor":47.0,"key":"SMITH"},{"data":"Footwork","floor":49.0,"key":"SMITH"}],"neow_cost":"NONE","seed_source_timestamp":95354565431552,"circlet_count":0,"master_deck":["AscendersBane","Defend_G","Defend_G","Defend_G","Defend_G","Defend_G","Strike_G","Strike_G","Strike_G","Survivor","Neutralize+1","Terror","All Out Attack","Footwork+1","Bouncing Flask+1","Bandage Up","Crippling Poison+1","PiercingWail","After Image+1","Venomology","Dash","Leg Sweep","Cloak And Dagger+1","PiercingWail","PiercingWail","Necronomicurse","A Thousand Cuts+1","Blade Dance+1","Well Laid Plans","Choke+1","Parasite"],"special_seed":0,"relics":["Ring of the Snake","Darkstone Periapt","Sundial","Dead Branch","Cursed Key","Snake Skull","Necronomicon","Busted Crown"],"potions_floor_usage":[50,50],"damage_taken":[{"damage":0.0,"enemies":"2 Louse","floor":1.0,"turns":4.0},{"damage":0.0,"enemies":"Cultist","floor":2.0,"turns":3.0},{"damage":0.0,"enemies":"Small Slimes","floor":3.0,"turns":3.0},{"damage":5.0,"enemies":"Blue Slaver","floor":4.0,"turns":4.0},{"damage":0.0,"enemies":"Exordium Thugs","floor":5.0,"turns":4.0},{"damage":25.0,"enemies":"Gremlin Nob","floor":7.0,"turns":4.0},{"damage":28.0,"enemies":"Lagavulin","floor":11.0,"turns":10.0},{"damage":2.0,"enemies":"Looter","floor":13.0,"turns":4.0},{"damage":5.0,"enemies":"Blue Slaver","floor":14.0,"turns":4.0},{"damage":8.0,"enemies":"The Guardian","floor":16.0,"turns":10.0},{"damage":4.0,"enemies":"Shell Parasite","floor":18.0,"turns":5.0},{"damage":0.0,"enemies":"Chosen","floor":19.0,"turns":4.0},{"damage":14.0,"enemies":"3 Cultists","floor":20.0,"turns":5.0},{"damage":7.0,"enemies":"Snecko","floor":27.0,"turns":4.0},{"damage":13.0,"enemies":"Shelled Parasite and Fungi","floor":28.0,"turns":5.0},{"damage":5.0,"enemies":"Centurion and Healer","floor":29.0,"turns":6.0},{"damage":8.0,"enemies":"Chosen and Byrds","floor":31.0,"turns":6.0},{"damage":36.0,"enemies":"Collector","floor":33.0,"turns":10.0},{"damage":0.0,"enemies":"3 Shapes","floor":35.0,"turns":6.0},{"damage":0.0,"enemies":"Orb Walker","floor":37.0,"turns":4.0},{"damage":31.0,"enemies":"Maw","floor":38.0,"turns":7.0},{"damage":8.0,"enemies":"Transient","floor":41.0,"turns":6.0},{"damage":9.0,"enemies":"Spire Growth","floor":42.0,"turns":4.0},{"damage":7.0,"enemies":"Writhing Mass","floor":45.0,"turns":5.0},{"damage":6.0,"enemies":"Jaw Worm Horde","floor":46.0,"turns":5.0},{"damage":28,"enemies":"Donu and Deca","floor":50,"turns":10}],"seed_played":"2548446424681313037","potions_obtained":[{"floor":2.0,"key":"GhostInAJar"},{"floor":3.0,"key":"Swift Potion"},{"floor":16.0,"key":"Block Potion"},{"floor":18.0,"key":"PowerPotion"},{"floor":19.0,"key":"Poison Potion"},{"floor":27.0,"key":"GhostInAJar"},{"floor":33.0,"key":"LiquidBronze"},{"floor":38.0,"key":"Dexterity Potion"},{"floor":46.0,"key":"SpeedPotion"}],"is_trial":false,"path_per_floor":["M","M","M","M","M","R","E","$","T","$","E","?","M","M","R","B",null,"M","M","M","?","?","R","$","R","T","M","M","M","?","M","R","B",null,"M","?","M","M","$","R","M","M","T","R","M","M","R","?","R","B",null],"character_chosen":"THE_SILENT","items_purchased":["Bandage Up","Crippling Poison","Snake Skull","Well Laid Plans"],"campfire_rested":2,"item_purchase_floors":[8,10,24,39],"current_hp_per_floor":[59,59,59,54,54,54,29,29,29,29,5,5,7,6,25,21,55,55,59,49,49,49,49,49,49,49,42,33,32,17,13,34,2,55,59,59,59,32,32,32,28,23,23,23,26,36,36,64,64,40],"gold":181,"neow_bonus":"THREE_CARDS","is_prod":false,"is_daily":false,"chose_seed":false,"campfire_upgraded":7,"win_rate":0,"timestamp":1547453627,"path_taken":["M","M","M","M","M","R","E","$","T","$","E","?","?","M","R","BOSS","M","M","M","?","?","R","$","R","T","?","M","M","?","M","R","BOSS","M","?","?","M","$","R","M","M","T","R","M","M","R","?","R","BOSS"],"build_version":"2019-01-10","purchased_purges":1,"victory":true,"max_hp_per_floor":[66,66,66,66,66,66,66,66,66,66,66,66,66,66,66,66,66,66,66,66,66,66,66,66,66,66,66,66,66,72,72,72,72,72,72,72,72,72,72,72,72,72,72,72,78,78,78,64,64,64],"card_choices":[{"not_picked":["Dagger Spray","Dodge and Roll"],"picked":"Terror","floor":0.0},{"not_picked":["Bane","Quick Slash"],"picked":"All Out Attack","floor":1.0},{"not_picked":["Blur","Distraction","Setup"],"picked":"SKIP","floor":2.0},{"not_picked":["Escape Plan","Cloak And Dagger","Slice"],"picked":"SKIP","floor":3.0},{"not_picked":["Escape Plan","Cloak And Dagger","Slice"],"picked":"SKIP","floor":3.0},{"not_picked":["Bouncing Flask","Acrobatics"],"picked":"Footwork","floor":4.0},{"not_picked":["Poisoned Stab","Dagger Spray"],"picked":"Bouncing Flask","floor":5.0},{"not_picked":["Riddle With Holes","Endless Agony","Terror"],"picked":"SKIP","floor":7.0},{"not_picked":["Bouncing Flask","Poisoned Stab"],"picked":"PiercingWail","floor":11.0},{"not_picked":["Flying Knee","Deadly Poison"],"picked":"After Image","floor":13.0},{"not_picked":["Infinite Blades","Outmaneuver","Dagger Spray"],"picked":"SKIP","floor":14.0},{"not_picked":["Doppelganger","Storm of Steel"],"picked":"Venomology","floor":16.0},{"not_picked":["Eviscerate","Concentrate"],"picked":"Dash","floor":18.0},{"not_picked":["Quick Slash","Infinite Blades"],"picked":"Leg Sweep","floor":19.0},{"not_picked":["Underhanded Strike","Bane"],"picked":"Cloak And Dagger","floor":20.0},{"not_picked":["Dagger Throw","Sucker Punch","Underhanded Strike"],"picked":"SKIP","floor":27.0},{"not_picked":["Masterful Stab","PiercingWail","Outmaneuver"],"picked":"SKIP","floor":28.0},{"not_picked":["Masterful Stab","Outmaneuver"],"picked":"PiercingWail","floor":28.0},{"not_picked":["Tactician","Backflip"],"picked":"PiercingWail","floor":29.0},{"not_picked":["Deflect","Slice","Leg Sweep"],"picked":"SKIP","floor":31.0},{"not_picked":["Grand Finale","Phantasmal Killer"],"picked":"A Thousand Cuts","floor":33.0},{"not_picked":["Setup"],"picked":"SKIP","floor":35.0},{"not_picked":[],"picked":"Blade Dance+1","floor":37.0},{"not_picked":["Accuracy"],"picked":"SKIP","floor":38.0},{"not_picked":["Accuracy"],"picked":"SKIP","floor":38.0},{"not_picked":["Poisoned Stab"],"picked":"SKIP","floor":41.0},{"not_picked":[],"picked":"Choke","floor":42.0},{"not_picked":["Blade Dance"],"picked":"SKIP","floor":45.0},{"not_picked":["Quick Slash"],"picked":"SKIP","floor":46.0}],"player_experience":550226,"relics_obtained":[{"floor":7.0,"key":"Darkstone Periapt"},{"floor":9.0,"key":"Sundial"},{"floor":11.0,"key":"Dead Branch"},{"floor":30.0,"key":"Necronomicon"}],"event_choices":[{"damage_healed":0.0,"max_hp_gain":0.0,"max_hp_loss":0.0,"gold_gain":0.0,"event_name":"Accursed Blacksmith","player_choice":"Forge","floor":12.0,"gold_loss":0.0,"damage_taken":0.0,"cards_upgraded":["Bouncing Flask"]},{"cards_removed":["Strike_G"],"damage_healed":0.0,"max_hp_gain":0.0,"max_hp_loss":0.0,"gold_gain":0.0,"event_name":"Back to Basics","player_choice":"Elegance","floor":21.0,"gold_loss":0.0,"damage_taken":0.0},{"damage_healed":0.0,"max_hp_gain":0.0,"max_hp_loss":0.0,"gold_gain":0.0,"cards_transformed":["Strike_G"],"event_name":"Transmorgrifier","player_choice":"Transformed","floor":22.0,"gold_loss":0.0,"damage_taken":0.0,"cards_obtained":["Prepared"]},{"damage_healed":0.0,"max_hp_gain":0.0,"max_hp_loss":0.0,"gold_gain":0.0,"event_name":"Cursed Tome","player_choice":"Obtained Book","floor":30.0,"gold_loss":0.0,"damage_taken":21.0},{"damage_healed":0.0,"max_hp_gain":0.0,"max_hp_loss":0.0,"gold_gain":50.0,"event_name":"Golden Shrine","player_choice":"Pray","floor":36.0,"gold_loss":0.0,"damage_taken":0.0},{"damage_healed":64.0,"max_hp_gain":0.0,"max_hp_loss":14.0,"gold_gain":0.0,"event_name":"The Moai Head","player_choice":"Heal","floor":48.0,"gold_loss":0.0,"damage_taken":0.0}],"is_beta":false,"boss_relics":[{"not_picked":["Empty Cage","Astrolabe"],"picked":"Cursed Key"},{"not_picked":["Coffee Dripper","WristBlade"],"picked":"Busted Crown"}],"items_purged_floors":[39],"is_endless":false,"potions_floor_spawned":[2,3,5,7,16,18,19,27,33,38,46],"ascension_level":17}