{"gold_per_floor":[118,43,43,61,61,89,104,120,120,120,149,169,196,212,212,289,289,309,34,46,78,96,96,124,124,148,182,97,110,129,164,164,164],"floor_reached":33,"playtime":4007,"items_purged":["Strike_R"],"score":686,"play_id":"0f425fa9-af77-4988-ad6f-f1a3b2039195","local_time":"20190214235134","is_ascension_mode":true,"campfire_choices":[{"data":"Bash","floor":10,"key":"SMITH"},{"data":"Battle Trance","floor":15,"key":"SMITH"},{"data":"Rage","floor":23,"key":"SMITH"},{"floor":25,"key":"REST"},{"floor":32,"key":"DIG"}],"neow_cost":"NONE","seed_source_timestamp":137441355778560,"circlet_count":0,"master_deck":["AscendersBane","Strike_R","Strike_R","Strike_R","Defend_R","Defend_R","Defend_R","Defend_R","Bash+1","Anger","Battle Trance+1","Thunderclap","Rage+1","Dropkick","Shrug It Off","Rage+1","Warcry+1","Anger","Shrug It Off+1","Feed","Panache","Limit Break+1","Shrug It Off+1","Pommel Strike","Inflame","Anger+1","Disarm+1","Reaper"],"relics":["Burning Blood","NeowsBlessing","Shuriken","Paper Frog","Toxic Egg 2","Magic Flower","Anchor","Mark of Pain","Red Mask","Regal Pillow","Vajra","Shovel","Bronze Scales","Blue Candle","Lantern"],"potions_floor_usage":[11,24,27,33],"damage_taken":[{"damage":0,"enemies":"Cultist","floor":1,"turns":1},{"damage":0,"enemies":"Small Slimes","floor":4,"turns":1},{"damage":0,"enemies":"Lagavulin","floor":6,"turns":1},{"damage":6,"enemies":"Jaw Worm","floor":7,"turns":2},{"damage":2,"enemies":"Exordium Wildlife","floor":8,"turns":3},{"damage":8,"enemies":"Gremlin Nob","floor":11,"turns":3},{"damage":6,"enemies":"Looter","floor":12,"turns":3},{"damage":14,"enemies":"Lagavulin","floor":13,"turns":5},{"damage":12,"enemies":"Exordium Thugs","floor":14,"turns":4},{"damage":12,"enemies":"Hexaghost","floor":16,"turns":8},{"damage":15,"enemies":"2 Thieves","floor":18,"turns":4},{"damage":4,"enemies":"Shell Parasite","floor":20,"turns":5},{"damage":22,"enemies":"Masked Bandits","floor":21,"turns":4},{"damage":35,"enemies":"Sentry and Sphere","floor":22,"turns":7},{"damage":14,"enemies":"Slavers","floor":24,"turns":6},{"damage":33,"enemies":"Book of Stabbing","floor":27,"turns":5},{"damage":0,"enemies":"Snake Plant","floor":29,"turns":3},{"damage":0,"enemies":"3 Cultists","floor":30,"turns":4},{"damage":32,"enemies":"Gremlin Leader","floor":31,"turns":6},{"damage":79,"enemies":"Collector","floor":33,"turns":8}],"seed_played":"1061672592021889236","potions_obtained":[{"floor":4,"key":"Poison Potion"},{"floor":6,"key":"Ancient Potion"},{"floor":12,"key":"Strength Potion"},{"floor":24,"key":"Block Potion"},{"floor":27,"key":"PowerPotion"},{"floor":30,"key":"Strength Potion"}],"is_trial":false,"path_per_floor":["M","$","?","M","?","E","M","M","T","R","E","M","E","M","R","B",null,"M","$","M","?","M","R","E","R","T","E","?","M","M","E","R","B"],"character_chosen":"IRONCLAD","items_purchased":["Battle Trance","Panache"],"campfire_rested":1,"item_purchase_floors":[2,19],"current_hp_per_floor":[74,74,74,75,64,70,70,74,74,74,72,75,70,67,67,64,72,66,66,71,63,37,37,32,70,70,51,51,65,79,56,56,0],"gold":164,"neow_bonus":"THREE_ENEMY_KILL","is_prod":false,"is_daily":false,"chose_seed":false,"campfire_upgraded":3,"win_rate":0,"timestamp":1550184694,"path_taken":["M","?","?","?","?","E","M","M","T","R","E","M","E","M","R","BOSS","M","$","M","?","M","R","E","R","T","E","?","M","M","E","R","BOSS"],"build_version":"2019-02-06","purchased_purges":1,"victory":false,"max_hp_per_floor":[75,75,75,75,75,75,75,75,75,75,75,75,75,75,75,75,75,75,75,75,78,78,78,78,78,78,81,81,84,87,87,87,87],"card_choices":[{"not_picked":["Warcry","Sword Boomerang"],"picked":"Anger","floor":1},{"not_picked":["Sword Boomerang","Uppercut"],"picked":"Thunderclap","floor":4},{"not_picked":["Rupture","Sentinel"],"picked":"Rage","floor":6},{"not_picked":["Ghostly Armor","Sever Soul"],"picked":"Dropkick","floor":7},{"not_picked":["Headbutt","Clash"],"picked":"Shrug It Off","floor":8},{"not_picked":["Havoc+1","Burning Pact+1"],"picked":"Rage+1","floor":11},{"not_picked":["Sword Boomerang","Combust"],"picked":"Warcry+1","floor":12},{"not_picked":["Flame Barrier+1","Hemokinesis"],"picked":"Anger","floor":13},{"not_picked":["Uppercut","Intimidate+1"],"picked":"Shrug It Off+1","floor":14},{"not_picked":["Barricade","Dark Embrace"],"picked":"Feed","floor":16},{"not_picked":["Entrench+1","Perfected Strike+1","Intimidate+1"],"picked":"SKIP","floor":18},{"not_picked":["Armaments+1","Blood for Blood","True Grit+1"],"picked":"SKIP","floor":20},{"not_picked":["Armaments+1","Anger"],"picked":"Limit Break+1","floor":21},{"not_picked":["Pummel","Body Slam"],"picked":"Shrug It Off+1","floor":22},{"not_picked":["Pummel","Rampage"],"picked":"Pommel Strike","floor":24},{"not_picked":["Shrug It Off+1","Immolate"],"picked":"Inflame","floor":27},{"not_picked":["Iron Wave","Blood for Blood"],"picked":"Anger+1","floor":29},{"not_picked":["Perfected Strike","Clash"],"picked":"Disarm+1","floor":30},{"not_picked":["Second Wind+1","Bloodletting+1"],"picked":"Reaper","floor":31}],"player_experience":766808,"relics_obtained":[{"floor":6,"key":"Paper Frog"},{"floor":9,"key":"Toxic Egg 2"},{"floor":11,"key":"Magic Flower"},{"floor":13,"key":"Anchor"},{"floor":21,"key":"Red Mask"},{"floor":24,"key":"Regal Pillow"},{"floor":26,"key":"Vajra"},{"floor":27,"key":"Shovel"},{"floor":31,"key":"Blue Candle"},{"floor":32,"key":"Lantern"}],"event_choices":[{"cards_removed":["Strike_R"],"damage_healed":0,"gold_gain":0,"player_choice":"Card Removal","damage_taken":0,"max_hp_gain":0,"max_hp_loss":0,"event_name":"Wheel of Change","floor":3,"gold_loss":0},{"damage_healed":0,"gold_gain":0,"player_choice":"Success","damage_taken":11,"relics_obtained":["Shuriken"],"max_hp_gain":0,"max_hp_loss":0,"event_name":"Scrap Ooze","floor":5,"gold_loss":0},{"damage_healed":0,"gold_gain":0,"player_choice":"Fought Bandits","damage_taken":0,"max_hp_gain":0,"max_hp_loss":0,"event_name":"Masked Bandits","floor":21,"gold_loss":0},{"damage_healed":0,"gold_gain":0,"player_choice":"Obtained Relic","damage_taken":0,"relics_obtained":["Bronze Scales"],"max_hp_gain":0,"max_hp_loss":0,"event_name":"Addict","floor":28,"gold_loss":85}],"is_beta":true,"boss_relics":[{"not_picked":["Fusion Hammer","Runic Dome"],"picked":"Mark of Pain"}],"items_purged_floors":[19],"is_endless":false,"potions_floor_spawned":[4,6,8,12,14,16,18,24,27,30],"killed_by":"Collector","ascension_level":19}