{"gold_per_floor":[115,134,8,8,8,8,38,38,65,30,58,58,68,68,68,146,146,166,266,266],"floor_reached":20,"playtime":661,"items_purged":["Strike_B"],"score":376,"play_id":"1d6f216f-6ac4-4b38-9014-13ad2b41ccee","local_time":"20190311131153","is_ascension_mode":true,"campfire_choices":[{"data":"Zap","floor":6,"key":"SMITH"},{"data":"Dualcast","floor":8,"key":"SMITH"},{"data":"Streamline","floor":12,"key":"SMITH"},{"data":"White Noise","floor":15,"key":"SMITH"}],"neow_cost":"NONE","seed_source_timestamp":1549497071589881,"circlet_count":0,"master_deck":["AscendersBane","Strike_B","Strike_B","Strike_B","Defend_B","Defend_B","Defend_B","Defend_B","Zap+1","Dualcast+1","Reinforced Body","Cold Snap","Loop","Streamline+1","White Noise+1","Buffer+1","Self Repair+1","Heatsinks+1"],"relics":["Cracked Core","NeowsBlessing","Mercury Hourglass","Ancient Tea Set","DataDisk","Frozen Egg 2","Question Card","Fusion Hammer","Ginger","Matryoshka"],"potions_floor_usage":[16,19,19],"damage_taken":[{"damage":0,"enemies":"Cultist","floor":1,"turns":1},{"damage":0,"enemies":"2 Louse","floor":2,"turns":1},{"damage":0,"enemies":"Lagavulin","floor":7,"turns":1},{"damage":10,"enemies":"3 Sentries","floor":11,"turns":6},{"damage":4,"enemies":"Small Slimes","floor":13,"turns":2},{"damage":14,"enemies":"The Guardian","floor":16,"turns":9},{"damage":21,"enemies":"3 Byrds","floor":18,"turns":3},{"damage":25,"enemies":"Colosseum Slavers","floor":19,"turns":4},{"damage":7,"enemies":"Colosseum Nobs","floor":19,"turns":5},{"damage":38,"enemies":"Chosen","floor":20,"turns":4}],"seed_played":"8389936773708702584","potions_obtained":[{"floor":1,"key":"AttackPotion"},{"floor":2,"key":"Energy Potion"},{"floor":7,"key":"Swift Potion"},{"floor":18,"key":"Explosive Potion"}],"is_trial":false,"path_per_floor":["M","M","$","?","$","R","E","R","T","?","E","R","M","T","R","B",null,"M","?","M"],"character_chosen":"DEFECT","items_purchased":["Cold Snap"],"campfire_rested":0,"item_purchase_floors":[3],"current_hp_per_floor":[64,64,64,46,46,46,46,46,46,63,53,53,49,49,49,35,62,41,29,0],"gold":266,"neow_bonus":"THREE_ENEMY_KILL","is_prod":false,"is_daily":false,"chose_seed":false,"campfire_upgraded":4,"win_rate":0,"timestamp":1552306313,"path_taken":["M","?","?","?","$","R","E","R","T","?","E","R","M","?","R","BOSS","M","?","M"],"build_version":"2019-02-06","purchased_purges":1,"victory":false,"max_hp_per_floor":[71,71,71,71,71,71,71,71,71,71,71,71,71,71,71,71,71,71,71,71],"card_choices":[{"not_picked":["Recycle","Skim"],"picked":"Reinforced Body","floor":1},{"not_picked":["Rebound","Force Field","Beam Cell"],"picked":"SKIP","floor":2},{"not_picked":["Barrage","Stack"],"picked":"Loop","floor":7},{"not_picked":["Rebound","Barrage"],"picked":"Streamline","floor":11},{"not_picked":["Gash","Lockon"],"picked":"White Noise","floor":13},{"not_picked":["Meteor Strike","Thunder Strike","Rainbow"],"picked":"Buffer+1","floor":16},{"not_picked":["Cold Snap","Go for the Eyes","Hologram+1"],"picked":"Self Repair+1","floor":18},{"not_picked":["Loop+1","Coolheaded+1","Cold Snap"],"picked":"Heatsinks+1","floor":19}],"player_experience":949963,"relics_obtained":[{"floor":7,"key":"Ancient Tea Set"},{"floor":9,"key":"DataDisk"},{"floor":11,"key":"Frozen Egg 2"},{"floor":14,"key":"Question Card"},{"floor":19,"key":"Ginger"},{"floor":19,"key":"Matryoshka"}],"event_choices":[{"damage_healed":0,"gold_gain":0,"player_choice":"Success","damage_taken":18,"relics_obtained":["Mercury Hourglass"],"max_hp_gain":0,"max_hp_loss":0,"event_name":"Scrap Ooze","floor":4,"gold_loss":0},{"damage_healed":17,"gold_gain":0,"player_choice":"Healed","damage_taken":0,"max_hp_gain":0,"max_hp_loss":0,"event_name":"The Cleric","floor":10,"gold_loss":35},{"damage_healed":0,"gold_gain":0,"player_choice":"Fight","damage_taken":0,"max_hp_gain":0,"max_hp_loss":0,"event_name":"Colosseum","floor":19,"gold_loss":0},{"damage_healed":0,"gold_gain":0,"player_choice":"Fought Nobs","damage_taken":0,"max_hp_gain":0,"max_hp_loss":0,"event_name":"Colosseum","floor":19,"gold_loss":0}],"is_beta":true,"boss_relics":[{"not_picked":["Runic Dome","FrozenCore"],"picked":"Fusion Hammer"}],"items_purged_floors":[3],"is_endless":false,"potions_floor_spawned":[1,2,7,18,19],"killed_by":"Chosen","ascension_level":17}