{"gold_per_floor":[111,61,61,75,94,94,121,141,141,141,158,170,170,198,198,295,295,311,325,46,58,76,76,105,105,128,128,161,177,197,227,227,227],"floor_reached":33,"playtime":990,"items_purged":[],"score":369,"play_id":"d7b25d34-4c81-4ea0-9430-325596079c6c","local_time":"20190311004444","is_ascension_mode":false,"campfire_choices":[{"data":"Go for the Eyes","floor":6,"key":"SMITH"},{"data":"Beam Cell","floor":10,"key":"SMITH"},{"data":"Tempest","floor":13,"key":"SMITH"},{"data":"Hologram","floor":15,"key":"SMITH"},{"data":"Tempest","floor":23,"key":"SMITH"},{"data":"Dualcast","floor":25,"key":"SMITH"},{"floor":27,"key":"REST"},{"data":"Seek","floor":32,"key":"SMITH"}],"neow_cost":"NONE","seed_source_timestamp":22497046656352,"circlet_count":0,"master_deck":["Strike_B","Strike_B","Strike_B","Defend_B","Defend_B","Defend_B","Defend_B","Zap+1","Dualcast+1","Go for the Eyes+1","Rebound","Hologram+1","Seek+1","Beam Cell+1","Tempest+1","Tempest+1","Buffer+1","Biased Cognition+1","Conserve Battery","Loop+1","Ball Lightning","Loop+1","Static Discharge+1","Rebound","Beam Cell"],"relics":["Cracked Core","FaceOfCleric","PreservedInsect","Shuriken","Frozen Egg 2","Busted Crown","Mummified Hand","Dream Catcher","Regal Pillow","Bottled Flame","The Courier"],"potions_floor_usage":[7,7,24,28],"damage_taken":[{"damage":0,"enemies":"Small Slimes","floor":1,"turns":2},{"damage":0,"enemies":"2 Louse","floor":4,"turns":2},{"damage":1,"enemies":"Cultist","floor":5,"turns":3},{"damage":9,"enemies":"Lagavulin","floor":7,"turns":5},{"damage":20,"enemies":"Gremlin Gang","floor":8,"turns":3},{"damage":14,"enemies":"Lots of Slimes","floor":11,"turns":3},{"damage":2,"enemies":"Looter","floor":12,"turns":3},{"damage":8,"enemies":"3 Sentries","floor":14,"turns":4},{"damage":7,"enemies":"Hexaghost","floor":16,"turns":8},{"damage":0,"enemies":"Spheric Guardian","floor":18,"turns":2},{"damage":7,"enemies":"Shell Parasite","floor":19,"turns":5},{"damage":4,"enemies":"Centurion and Healer","floor":21,"turns":4},{"damage":0,"enemies":"Sentry and Sphere","floor":22,"turns":4},{"damage":32,"enemies":"Slavers","floor":24,"turns":3},{"damage":0,"enemies":"Gremlin Leader","floor":28,"turns":5},{"damage":5,"enemies":"Snake Plant","floor":29,"turns":3},{"damage":5,"enemies":"Snecko","floor":30,"turns":4},{"damage":10,"enemies":"Book of Stabbing","floor":31,"turns":3},{"damage":81,"enemies":"Collector","floor":33,"turns":6}],"seed_played":"-8432788715009118214","potions_obtained":[{"floor":4,"key":"Poison Potion"},{"floor":5,"key":"Block Potion"},{"floor":12,"key":"Swift Potion"},{"floor":16,"key":"Weak Potion"},{"floor":19,"key":"SpeedPotion"},{"floor":22,"key":"Dexterity Potion"},{"floor":29,"key":"Ancient Potion"}],"is_trial":false,"path_per_floor":["M","?","?","M","M","R","E","M","T","R","M","M","R","E","R","B",null,"M","M","$","M","M","R","E","R","T","R","E","M","M","E","R","B"],"character_chosen":"DEFECT","items_purchased":["Mummified Hand","Loop+1"],"campfire_rested":1,"item_purchase_floors":[20,20],"current_hp_per_floor":[75,75,75,76,76,76,68,49,49,49,36,35,35,28,28,22,83,84,78,78,75,76,76,45,45,45,86,87,83,79,70,70,0],"gold":227,"neow_bonus":"UPGRADE_CARD","is_prod":false,"is_daily":false,"chose_seed":false,"campfire_upgraded":7,"win_rate":0,"timestamp":1552286684,"path_taken":["M","?","?","?","M","R","E","M","T","R","M","?","R","E","R","BOSS","M","M","$","M","M","R","E","R","T","R","E","M","M","E","R","BOSS"],"build_version":"2019-01-23","purchased_purges":0,"victory":false,"max_hp_per_floor":[75,75,75,76,77,77,78,79,79,79,80,81,81,82,82,83,83,84,85,85,86,87,87,88,88,88,88,89,90,91,92,92,92],"card_choices":[{"not_picked":["Gash","Blizzard"],"picked":"Go for the Eyes","floor":1},{"not_picked":["Go for the Eyes","Steam Power"],"picked":"Rebound","floor":4},{"not_picked":["Streamline","Consume"],"picked":"Hologram","floor":5},{"not_picked":["Stack","Compile Driver"],"picked":"Seek","floor":7},{"not_picked":["Loop","Recycle"],"picked":"Beam Cell","floor":8},{"not_picked":["Auto Shields","Reprogram"],"picked":"Tempest","floor":11},{"not_picked":["Compile Driver","Stack"],"picked":"Tempest","floor":12},{"not_picked":["Storm","Chill"],"picked":"Buffer","floor":14},{"not_picked":["All For One","Amplify"],"picked":"Biased Cognition+1","floor":16},{"not_picked":["Redo+1"],"picked":"SKIP","floor":18},{"not_picked":[],"picked":"Conserve Battery","floor":19},{"not_picked":[],"picked":"Ball Lightning","floor":21},{"not_picked":[],"picked":"Loop+1","floor":22},{"not_picked":[],"picked":"Static Discharge+1","floor":24},{"not_picked":[],"picked":"Rebound","floor":28},{"not_picked":["Leap"],"picked":"SKIP","floor":29},{"not_picked":[],"picked":"Beam Cell","floor":30},{"not_picked":["Steam"],"picked":"SKIP","floor":31}],"player_experience":1031713,"relics_obtained":[{"floor":7,"key":"PreservedInsect"},{"floor":9,"key":"Shuriken"},{"floor":14,"key":"Frozen Egg 2"},{"floor":24,"key":"Dream Catcher"},{"floor":26,"key":"Regal Pillow"},{"floor":28,"key":"Bottled Flame"},{"floor":31,"key":"The Courier"}],"event_choices":[{"cards_removed":["Strike_B"],"damage_healed":0,"gold_gain":0,"player_choice":"Card Removal","damage_taken":0,"max_hp_gain":0,"max_hp_loss":0,"event_name":"The Cleric","floor":2,"gold_loss":50},{"damage_healed":0,"gold_gain":0,"player_choice":"Trade","damage_taken":0,"relics_obtained":["FaceOfCleric"],"max_hp_gain":0,"max_hp_loss":0,"event_name":"FaceTrader","floor":3,"gold_loss":0}],"is_beta":false,"boss_relics":[{"not_picked":["Velvet Choker","Orrery"],"picked":"Busted Crown"}],"items_purged_floors":[],"is_endless":false,"potions_floor_spawned":[4,5,12,16,19,22,29],"killed_by":"Collector","ascension_level":0}