{"gold_per_floor":[113,113,113,128,73,73,88,88,88,88,116,116,136,150,150,229,229,239,37,37,37,41,41,72,72,121,121,138,167,186,86,86,163,213,233,249,170,188,203,203,219,219,219,249,149,165,177,196,196,196],"floor_reached":51,"playtime":5705,"items_purged":["Strike_B","Strike_B+1","Strike_B+1"],"score":1204,"play_id":"4e5dba43-04de-41dd-acba-3cf68bf677a7","local_time":"20190309220108","is_ascension_mode":true,"campfire_choices":[{"data":"Zap","floor":6,"key":"SMITH"},{"data":"Defragment","floor":10,"key":"SMITH"},{"data":"Defragment","floor":12,"key":"SMITH"},{"data":"Dualcast","floor":15,"key":"SMITH"},{"data":"Loop","floor":23,"key":"SMITH"},{"floor":25,"key":"REST"},{"data":"Biased Cognition","floor":27,"key":"SMITH"},{"data":"Reinforced Body","floor":32,"key":"SMITH"},{"data":"Defragment","floor":40,"key":"SMITH"},{"data":"Seek","floor":42,"key":"SMITH"},{"data":"Coolheaded","floor":49,"key":"SMITH"}],"neow_cost":"CURSE","seed_source_timestamp":1403378565410263,"circlet_count":0,"master_deck":["AscendersBane","Strike_B+1","Defend_B+1","Defend_B+1","Defend_B+1","Defend_B+1","Zap+1","Dualcast+1","Defragment+1","Defragment+1","Ball Lightning","BootSequence+1","Reinforced Body+1","Genetic Algorithm","Biased Cognition+1","Loop+1","Conserve Battery","Chill+1","Cold Snap","Hologram+1","Seek+1","Coolheaded+1","Defragment+1"],"relics":["Cracked Core","FossilizedHelix","Pantograph","Gremlin Horn","Vajra","Black Star","DataDisk","Anchor","Centennial Puzzle","Art of War","Matryoshka","Tiny House","Strawberry","The Courier","Boot","Ancient Tea Set"],"potions_floor_usage":[39,50],"damage_taken":[{"damage":0,"enemies":"Cultist","floor":1,"turns":3},{"damage":6,"enemies":"2 Louse","floor":4,"turns":2},{"damage":0,"enemies":"Small Slimes","floor":7,"turns":2},{"damage":15,"enemies":"Gremlin Nob","floor":11,"turns":4},{"damage":0,"enemies":"2 Fungi Beasts","floor":13,"turns":2},{"damage":0,"enemies":"Looter","floor":14,"turns":3},{"damage":12,"enemies":"The Guardian","floor":16,"turns":9},{"damage":0,"enemies":"Chosen","floor":18,"turns":4},{"damage":0,"enemies":"2 Thieves","floor":22,"turns":4},{"damage":23,"enemies":"Gremlin Leader","floor":24,"turns":6},{"damage":8,"enemies":"Snake Plant","floor":28,"turns":3},{"damage":1,"enemies":"Book of Stabbing","floor":29,"turns":7},{"damage":0,"enemies":"Cultist and Chosen","floor":30,"turns":7},{"damage":33,"enemies":"Champ","floor":33,"turns":11},{"damage":0,"enemies":"3 Shapes","floor":35,"turns":5},{"damage":0,"enemies":"3 Darklings","floor":36,"turns":6},{"damage":0,"enemies":"Jaw Worm Horde","floor":38,"turns":5},{"damage":1,"enemies":"Transient","floor":39,"turns":5},{"damage":0,"enemies":"3 Darklings","floor":41,"turns":7},{"damage":28,"enemies":"Giant Head","floor":44,"turns":11},{"damage":0,"enemies":"4 Shapes","floor":46,"turns":8},{"damage":0,"enemies":"Transient","floor":47,"turns":5},{"damage":0,"enemies":"Maw","floor":48,"turns":7},{"damage":41,"enemies":"Awakened One","floor":50,"turns":18}],"seed_played":"3094966225615320830","potions_obtained":[{"floor":7,"key":"SteroidPotion"},{"floor":11,"key":"Dexterity Potion"},{"floor":18,"key":"Energy Potion"},{"floor":41,"key":"SteroidPotion"},{"floor":47,"key":"Swift Potion"}],"is_trial":false,"path_per_floor":["M","?","?","M","$","R","M","?","T","R","E","R","M","M","R","B",null,"M","$","?","?","M","R","E","R","T","R","M","E","M","$","R","B",null,"M","M","$","M","M","R","M","R","T","E","$","M","M","M","R","B",null],"character_chosen":"DEFECT","items_purchased":["Ball Lightning","Loop","Conserve Battery","Defragment"],"campfire_rested":1,"item_purchase_floors":[5,19,19,37],"current_hp_per_floor":[64,43,43,37,37,37,37,37,37,37,22,22,22,22,22,35,62,62,62,42,42,42,42,19,41,41,41,33,32,32,32,32,24,68,68,68,68,68,67,67,67,67,74,46,46,46,46,46,46,30],"gold":196,"neow_bonus":"ONE_RARE_RELIC","is_prod":false,"is_daily":false,"chose_seed":false,"campfire_upgraded":10,"win_rate":0,"timestamp":1552165268,"path_taken":["M","?","?","M","$","R","M","?","T","R","E","R","?","M","R","BOSS","M","$","?","?","M","R","E","R","T","R","M","E","M","?","R","BOSS","M","M","$","M","?","R","M","R","T","E","$","M","M","M","R","BOSS"],"build_version":"2019-02-06","purchased_purges":3,"victory":true,"max_hp_per_floor":[71,71,71,71,71,71,71,71,71,71,71,71,71,71,71,71,71,71,71,76,76,76,76,76,76,76,76,76,76,76,76,76,76,81,81,81,81,81,81,81,81,81,88,88,88,88,88,88,88,88],"card_choices":[{"not_picked":["Gash","Beam Cell"],"picked":"Defragment","floor":1},{"not_picked":["Compile Driver","Scrape"],"picked":"Defragment","floor":4},{"not_picked":["Steam Power","Hologram"],"picked":"BootSequence","floor":7},{"not_picked":["Meteor Strike","Gash"],"picked":"Reinforced Body","floor":11},{"not_picked":["Reprogram","Streamline","Barrage"],"picked":"SKIP","floor":13},{"not_picked":["Melter","Sweeping Beam"],"picked":"Genetic Algorithm","floor":14},{"not_picked":["Core Surge","Buffer"],"picked":"Biased Cognition","floor":16},{"not_picked":["Barrage","Rebound","Steam Power"],"picked":"SKIP","floor":18},{"not_picked":["Heatsinks","Turbo"],"picked":"Chill+1","floor":22},{"not_picked":["Sweeping Beam","Creative AI"],"picked":"Cold Snap","floor":24},{"not_picked":["Aggregate","Hello World"],"picked":"Hologram+1","floor":28},{"not_picked":["Gash","Steam","Skim"],"picked":"SKIP","floor":29},{"not_picked":["Beam Cell","Reinforced Body","Hyperbeam"],"picked":"SKIP","floor":30},{"not_picked":["Fission","Amplify"],"picked":"Seek","floor":33},{"not_picked":["Go for the Eyes","Barrage"],"picked":"Coolheaded","floor":35},{"not_picked":["Beam Cell","Hologram","Steam"],"picked":"SKIP","floor":36},{"not_picked":["Multi-Cast","Compile Driver","Conserve Battery"],"picked":"SKIP","floor":38},{"not_picked":["Compile Driver+1","Doom and Gloom","Beam Cell"],"picked":"SKIP","floor":39},{"not_picked":["Leap+1","Turbo","Tempest+1"],"picked":"SKIP","floor":41},{"not_picked":["Steam","Cold Snap","Go for the Eyes"],"picked":"SKIP","floor":44},{"not_picked":["Sweeping Beam","Conserve Battery","Leap"],"picked":"SKIP","floor":46},{"not_picked":["Chaos","Conserve Battery","Rebound"],"picked":"SKIP","floor":47},{"not_picked":["Gash","BootSequence","Double Energy"],"picked":"SKIP","floor":48}],"player_experience":932896,"relics_obtained":[{"floor":9,"key":"Gremlin Horn"},{"floor":11,"key":"Vajra"},{"floor":24,"key":"DataDisk"},{"floor":24,"key":"Anchor"},{"floor":26,"key":"Centennial Puzzle"},{"floor":29,"key":"Art of War"},{"floor":29,"key":"Matryoshka"},{"floor":43,"key":"Strawberry"},{"floor":43,"key":"The Courier"},{"floor":44,"key":"Boot"},{"floor":44,"key":"Ancient Tea Set"}],"event_choices":[{"damage_healed":0,"gold_gain":0,"player_choice":"Entered Light","damage_taken":21,"max_hp_gain":0,"max_hp_loss":0,"event_name":"Shining Light","floor":2,"gold_loss":0,"cards_upgraded":["Defend_B","Strike_B"]},{"cards_removed":["Injury"],"damage_healed":0,"gold_gain":0,"player_choice":"Forget","damage_taken":0,"max_hp_gain":0,"max_hp_loss":0,"event_name":"Living Wall","floor":3,"gold_loss":0},{"damage_healed":0,"gold_gain":0,"player_choice":"Gave Potion","damage_taken":0,"relics_obtained":["Pantograph"],"max_hp_gain":0,"max_hp_loss":0,"event_name":"WeMeetAgain","floor":8,"gold_loss":0},{"damage_healed":0,"gold_gain":0,"player_choice":"Shed Blood","damage_taken":25,"max_hp_gain":5,"max_hp_loss":0,"event_name":"Forgotten Altar","floor":20,"gold_loss":0},{"damage_healed":0,"gold_gain":0,"player_choice":"Simplicity","damage_taken":0,"max_hp_gain":0,"max_hp_loss":0,"event_name":"Back to Basics","floor":21,"gold_loss":0,"cards_upgraded":["Strike_B","Strike_B","Defend_B","Defend_B","Defend_B"]}],"is_beta":true,"boss_relics":[{"not_picked":["Pandora\u0027s Box","White Beast Statue"],"picked":"Black Star"},{"not_picked":["Fusion Hammer","Velvet Choker"],"picked":"Tiny House"}],"items_purged_floors":[19,31,45],"is_endless":false,"potions_floor_spawned":[7,11,18,22,35,41,47,48],"ascension_level":16}