{"path_per_floor":["M","M","?","M","M","R","?","?","T","R","?","M","M","M","R","B",null,"M","?","M","?","M","R","M","$","T","M","M","M","R","?","R","B",null,"M","?","M","M","?","R","?","R","T","?","M","M","M","$","R"],"character_chosen":"IRONCLAD","items_purchased":["Perfected Strike","Iron Wave","Toolbox","Armaments","Shrug It Off","Poison Potion"],"gold_per_floor":[110,129,129,143,158,158,234,234,288,288,288,303,323,338,338,458,458,473,473,463,463,484,484,509,92,140,153,166,180,180,180,180,277,277,291,291,301,320,320,320,320,320,320,0,19,36,50,0,0],"floor_reached":50,"campfire_rested":5,"playtime":3672,"current_hp_per_floor":[75,78,78,75,64,64,64,69,69,69,69,75,81,85,85,49,85,63,47,56,56,45,70,85,85,92,92,92,70,70,70,92,20,92,72,72,83,47,47,74,62,89,89,89,92,92,78,78,92],"items_purged":[],"gold":0,"score":490,"play_id":"324c6e4b-5e1c-419a-9305-6652653fa65d","local_time":"20180321203251","is_prod":false,"is_daily":false,"is_ascension_mode":false,"campfire_upgraded":4,"timestamp":1521678771,"path_taken":["M","M","?","M","?","R","?","?","T","R","?","M","M","M","R","BOSS","M","?","M","?","M","R","M","$","T","M","?","?","R","?","R","BOSS","M","?","?","M","?","R","?","R","T","?","M","?","M","?","R","BOSS"],"build_version":"2018-03-15v3","purchased_purges":0,"victory":false,"master_deck":["Strike_R","Strike_R","Strike_R","Strike_R","Defend_R","Defend_R","Defend_R","Defend_R","Bash","Iron Wave","Twin Strike+1","Injury","Ghostly Armor","Cleave+1","Bludgeon+1","Battle Trance","Flame Barrier+1","Combust","Reaper","Sword Boomerang+1","Necronomicurse","Sword Boomerang+1","Cleave+1","Carnage+1","Perfected Strike","Iron Wave","Armaments","Shrug It Off","Perfected Strike","Uppercut","Anger+1","Reaper","Headbutt","Clothesline","Warcry+1","Infernal Blade+1","Disarm+1","Pommel Strike+1","Anger+1","Madness","Madness","Headbutt+1","Battle Trance","Rage+1"],"max_hp_per_floor":[80,80,80,80,80,80,80,85,85,85,85,85,85,85,85,85,85,85,85,85,85,85,85,85,85,92,92,92,92,92,92,92,92,92,92,92,92,92,92,92,92,92,92,92,92,92,92,92,92],"relics":["Burning Blood","Bloody Idol","Anchor","Question Card","Necronomicon","Toolbox","Strawberry","Orrery","Thread and Needle","Red Mask"],"card_choices":[{"not_picked":["Clash","True Grit"],"picked":"Iron Wave"},{"not_picked":["True Grit","Clothesline"],"picked":"Twin Strike"},{"not_picked":["Flex","Clothesline"],"picked":"Ghostly Armor"},{"not_picked":["Sword Boomerang","Clash"],"picked":"Cleave"},{"not_picked":["Flex","Power Through"],"picked":"Battle Trance"},{"not_picked":["Sword Boomerang","Corruption"],"picked":"Flame Barrier"},{"not_picked":["Bloodletting","Flex"],"picked":"Combust"},{"not_picked":["Feed","Barricade"],"picked":"Reaper"},{"not_picked":["Fire Breathing","Body Slam","Clothesline"],"picked":"Sword Boomerang"},{"not_picked":["Pommel Strike","Thunderclap","Clash"],"picked":"Sword Boomerang"},{"not_picked":["Infernal Blade","Flame Barrier","Body Slam"],"picked":"Cleave"},{"not_picked":["Clash","Second Wind","Flex"],"picked":"Carnage"},{"not_picked":["Thunderclap","Sword Boomerang","Carnage"],"picked":"Perfected Strike"},{"not_picked":["Impervious","Rage","Bloodletting"],"picked":"Uppercut"},{"not_picked":["Rage","Twin Strike","Iron Wave"],"picked":"Anger"},{"not_picked":["Double Tap","Offering","Brutality"],"picked":"Reaper"},{"not_picked":["Shrug It Off","Flex","Rupture"],"picked":"Headbutt"},{"not_picked":["Pommel Strike","Thunderclap","True Grit"],"picked":"Clothesline"},{"not_picked":["Shrug It Off","Flex","Bloodletting"],"picked":"Demon Form"},{"not_picked":["Iron Wave","Burning Pact","Combust"],"picked":"Warcry"},{"not_picked":["True Grit","Carnage","Dual Wield"],"picked":"Infernal Blade"},{"not_picked":["Headbutt","Power Through","Sword Boomerang"],"picked":"Disarm"},{"not_picked":["Sword Boomerang","Armaments","Combust"],"picked":"Pommel Strike"},{"not_picked":["Seeing Red","Inflame","Iron Wave"],"picked":"Anger"},{"not_picked":["Reckless Charge","True Grit","Ghostly Armor"],"picked":"Headbutt"},{"not_picked":["Reckless Charge","Rampage","Clash"],"picked":"Battle Trance"},{"not_picked":["Feed","Sword Boomerang","Clash"],"picked":"Rage"}],"player_experience":0,"potions_floor_usage":[13,16,16,16,27,33,33,47,50,50,50],"damage_taken":[{"damage":11,"enemies":"Jaw Worm","floor":1,"turns":2},{"damage":3,"enemies":"Small Slimes","floor":2,"turns":3},{"damage":9,"enemies":"Cultist","floor":4,"turns":4},{"damage":17,"enemies":"Gremlin Gang","floor":5,"turns":6},{"damage":0,"enemies":"3 Louse","floor":12,"turns":3},{"damage":0,"enemies":"Blue Slaver","floor":13,"turns":2},{"damage":0,"enemies":"Large Slime","floor":14,"turns":4},{"damage":42,"enemies":"The Guardian","floor":16,"turns":11},{"damage":28,"enemies":"Chosen","floor":18,"turns":5},{"damage":0,"enemies":"2 Thieves","floor":20,"turns":4},{"damage":17,"enemies":"Snake Plant","floor":22,"turns":3},{"damage":2,"enemies":"Centurion and Healer","floor":24,"turns":5},{"damage":13,"enemies":"Chosen and Byrds","floor":27,"turns":4},{"damage":0,"enemies":"Cultist and Chosen","floor":28,"turns":3},{"damage":28,"enemies":"3 Cultists","floor":29,"turns":6},{"damage":91,"enemies":"Champ","floor":33,"turns":8},{"damage":47,"enemies":"3 Darklings","floor":35,"turns":6},{"damage":0,"enemies":"Orb Walker","floor":37,"turns":2},{"damage":56,"enemies":"3 Darklings","floor":38,"turns":5},{"damage":5,"enemies":"Sphere and 2 Shapes","floor":45,"turns":3},{"damage":10,"enemies":"4 Shapes","floor":46,"turns":4},{"damage":25,"enemies":"Maw","floor":47,"turns":7},{"damage":105,"enemies":"Awakened One","floor":50,"turns":11}],"event_choices":[{"event_name":"Golden Idol","player_choice":"Take Wound","floor":3,"damage_taken":0},{"event_name":"Golden Wing","player_choice":"Gained Gold","floor":7,"damage_taken":0},{"event_name":"Big Fish","player_choice":"Donut","floor":8,"damage_taken":0},{"event_name":"Living Wall","player_choice":"Change","floor":11,"damage_taken":0},{"event_name":"Cursed Tome","player_choice":"Obtained Book","floor":19,"damage_taken":0},{"event_name":"Upgrade Shrine","player_choice":"Upgraded","floor":21,"damage_taken":0},{"event_name":"Forgotten Altar","player_choice":"Gave Idol","floor":31,"damage_taken":0},{"event_name":"Accursed Blacksmith","player_choice":"Ignore","floor":39,"damage_taken":0},{"event_name":"Winding Halls","player_choice":"Embrace Madness","floor":41,"damage_taken":0},{"event_name":"Tomb of Lord Red Mask","player_choice":"Paid","floor":44,"damage_taken":0}],"boss_relics":[{"not_picked":["Calling Bell","Mark of Pain"],"picked":"Question Card"},{"not_picked":["Runic Cube","Snecko Eye"],"picked":"Orrery"}],"potions_floor_spawned":[2,4,12,13,18,22,24,35,37,46],"seed_played":"-9167320847625542760","killed_by":"Awakened One","ascension_level":0,"is_trial":false}