{"gold_per_floor":[109,121,86,86,102,102,177,198,280,299,299,322,322,175,175,269,269,282,321,321,321,335,335,197,197,197,197],"floor_reached":27,"playtime":1039,"items_purged":["Defend_G","Strike_G"],"score":439,"play_id":"a54b8753-57e7-4810-a602-8a6f2376251f","local_time":"20190216135137","is_ascension_mode":true,"campfire_choices":[{"data":"1","floor":6.0,"key":"LIFT"},{"data":"2","floor":13.0,"key":"LIFT"},{"data":"3","floor":15.0,"key":"LIFT"},{"data":"Cloak And Dagger","floor":23.0,"key":"SMITH"},{"data":"Terror","floor":25.0,"key":"SMITH"}],"neow_cost":"PERCENT_DAMAGE","seed_source_timestamp":18141400822442,"circlet_count":0,"master_deck":["AscendersBane","Defend_G","Defend_G","Defend_G","Defend_G","Strike_G","Strike_G","Strike_G","Survivor","Neutralize","Cloak And Dagger+1","Accuracy","Escape Plan","Dash","Cloak And Dagger","Blade Dance","Accuracy","After Image","Dodge and Roll","RitualDagger","Terror+1","Footwork"],"special_seed":0,"relics":["Ring of the Snake","Girya","Golden Idol","Bottled Flame","Coffee Dripper","Red Mask","Bottled Tornado"],"potions_floor_usage":[27],"damage_taken":[{"damage":0.0,"enemies":"2 Louse","floor":1.0,"turns":5.0},{"damage":3.0,"enemies":"Small Slimes","floor":2.0,"turns":5.0},{"damage":1.0,"enemies":"Jaw Worm","floor":5.0,"turns":5.0},{"damage":3.0,"enemies":"3 Louse","floor":8.0,"turns":4.0},{"damage":0.0,"enemies":"2 Fungi Beasts","floor":10.0,"turns":5.0},{"damage":0.0,"enemies":"Blue Slaver","floor":12.0,"turns":4.0},{"damage":0.0,"enemies":"Slime Boss","floor":16.0,"turns":5.0},{"damage":0.0,"enemies":"3 Byrds","floor":18.0,"turns":6.0},{"damage":32.0,"enemies":"Masked Bandits","floor":19.0,"turns":6.0},{"damage":12.0,"enemies":"2 Thieves","floor":22.0,"turns":4.0},{"damage":6,"enemies":"Snecko","floor":27,"turns":3}],"seed_played":"-175423638820296159","potions_obtained":[{"floor":1.0,"key":"Fire Potion"},{"floor":8.0,"key":"AttackPotion"},{"floor":10.0,"key":"EssenceOfSteel"},{"floor":22.0,"key":"Fire Potion"}],"is_trial":false,"path_per_floor":["M","M","?","?","M","R","?","M","T","M","?","M","R","$","R","B",null,"M","?","?","?","M","R","$","R","T","M"],"character_chosen":"THE_SILENT","items_purchased":["Accuracy","Footwork"],"campfire_rested":0,"item_purchase_floors":[14,24],"current_hp_per_floor":[44,41,57,57,56,56,45,42,42,42,35,35,35,35,35,35,54,54,22,16,16,4,4,4,4,4,0],"gold":197,"neow_bonus":"ONE_RARE_RELIC","is_prod":false,"is_daily":false,"chose_seed":false,"campfire_upgraded":2,"win_rate":0,"timestamp":1550321497,"path_taken":["M","M","?","?","M","R","?","M","T","M","?","M","R","$","R","BOSS","M","?","?","?","M","R","$","R","T","M"],"build_version":"2019-02-06","purchased_purges":2,"victory":false,"max_hp_per_floor":[66,66,66,60,60,60,60,60,60,60,60,60,60,60,60,60,60,60,60,60,60,60,60,60,60,60,60],"card_choices":[{"not_picked":["Acrobatics","Flying Knee"],"picked":"Cloak And Dagger","floor":1.0},{"not_picked":["Prepared","Poisoned Stab"],"picked":"Accuracy","floor":2.0},{"not_picked":["Prepared","Underhanded Strike"],"picked":"Escape Plan","floor":5.0},{"not_picked":["Underhanded Strike","All Out Attack"],"picked":"Dash","floor":8.0},{"not_picked":["Flying Knee","Deadly Poison"],"picked":"Cloak And Dagger","floor":10.0},{"not_picked":["Quick Slash","Bane"],"picked":"Blade Dance","floor":12.0},{"not_picked":["Unload","Grand Finale"],"picked":"After Image","floor":16.0},{"not_picked":["Underhanded Strike","Distraction","Expertise+1"],"picked":"SKIP","floor":18.0},{"not_picked":["Flying Knee","Sucker Punch"],"picked":"Dodge and Roll","floor":19.0},{"not_picked":["Skewer","Underhanded Strike","Sucker Punch+1"],"picked":"SKIP","floor":22.0}],"player_experience":787763,"relics_obtained":[{"floor":9.0,"key":"Bottled Flame"},{"floor":19.0,"key":"Red Mask"},{"floor":26,"key":"Bottled Tornado"}],"event_choices":[{"damage_healed":16.0,"max_hp_gain":0.0,"max_hp_loss":0.0,"gold_gain":0.0,"event_name":"The Cleric","player_choice":"Healed","floor":3.0,"gold_loss":35.0,"damage_taken":0.0},{"damage_healed":0.0,"max_hp_gain":0.0,"max_hp_loss":6.0,"gold_gain":0.0,"event_name":"Golden Idol","player_choice":"Lose Max HP","floor":4.0,"gold_loss":0.0,"damage_taken":0.0,"relics_obtained":["Golden Idol"]},{"damage_healed":0.0,"max_hp_gain":0.0,"max_hp_loss":0.0,"gold_gain":75.0,"event_name":"World of Goop","player_choice":"Gather Gold","floor":7.0,"gold_loss":0.0,"damage_taken":11.0},{"cards_removed":["Strike_G"],"damage_healed":0.0,"max_hp_gain":0.0,"max_hp_loss":0.0,"gold_gain":0.0,"event_name":"Golden Wing","player_choice":"Card Removal","floor":11.0,"gold_loss":0.0,"damage_taken":7.0},{"damage_healed":0.0,"max_hp_gain":0.0,"max_hp_loss":0.0,"gold_gain":0.0,"event_name":"Masked Bandits","player_choice":"Fought Bandits","floor":19.0,"gold_loss":0.0,"damage_taken":0.0},{"damage_healed":0.0,"max_hp_gain":0.0,"max_hp_loss":0.0,"gold_gain":0.0,"event_name":"Nest","player_choice":"Joined the Cult","floor":20.0,"gold_loss":0.0,"damage_taken":6.0,"cards_obtained":["RitualDagger"]},{"damage_healed":0.0,"max_hp_gain":0.0,"max_hp_loss":0.0,"gold_gain":0.0,"event_name":"The Library","player_choice":"Read","floor":21.0,"gold_loss":0.0,"damage_taken":0.0,"cards_obtained":["Terror"]}],"is_beta":true,"boss_relics":[{"not_picked":["Fusion Hammer","HoveringKite"],"picked":"Coffee Dripper"}],"items_purged_floors":[14,24],"is_endless":false,"potions_floor_spawned":[1,8,10,22],"killed_by":"Snecko","ascension_level":15}