{"path_per_floor":["M","M","$","?","?","E","M","R","T","M","M","E","M","E","R","B",null,"M","M","$","M","M","E","M","R","T","M","R","M","$","M","R","B",null,"M","T","M","$"],"character_chosen":"IRONCLAD","items_purchased":["Anger","Panache","Clash","Shrug It Off","Centennial Puzzle","Sever Soul","Clash"],"gold_per_floor":[111,129,6,6,6,34,52,52,52,72,82,108,118,151,151,248,248,264,284,26,36,51,77,90,90,390,406,406,418,13,33,33,132,132,144,222,233,136],"floor_reached":39,"campfire_rested":3,"playtime":4845,"current_hp_per_floor":[80,80,80,77,77,33,34,58,58,63,69,59,65,62,62,44,80,75,80,80,58,58,51,19,43,43,43,43,47,47,45,69,45,80,80,80,63,63],"items_purged":["Strike_R","Defend_R"],"gold":136,"play_id":"261acd82-7bfd-4b83-a165-02fc8d0af127","is_prod":false,"is_daily":false,"campfire_rituals":0,"campfire_upgraded":2,"is_hardmode":false,"path_taken":["M","M","$","?","?","E","M","R","T","?","M","E","M","E","R","BOSS","M","M","$","M","M","E","M","R","T","M","R","M","$","M","R","BOSS","M","?","M","$","?"],"build_version":"2018-01-18-PROD4","purchased_purges":3,"victory":false,"master_deck":["Strike_R","Strike_R","Strike_R","Strike_R","Defend_R","Defend_R","Defend_R","Bash","Anger","Warcry","Anger","Shrug It Off","Clash","Anger","Thunderclap","Battle Trance","Double Tap","Panache","Clash","Armaments","Headbutt","Headbutt","Headbutt","Second Wind","Shrug It Off","Iron Wave","Sever Soul","Clash"],"max_hp_per_floor":[80,80,80,80,80,80,80,80,80,80,80,80,80,80,80,80,80,80,80,80,80,80,80,80,80,80,80,80,80,80,80,80,80,80,80,80,80,80],"relics":["Black Blood","Pen Nib","Vajra","Shuriken","Peace Pipe","Happy Flower","Ornamental Fan","Old Coin","Centennial Puzzle","Question Card","Kunai"],"campfire_meditates":0,"card_choices":[{"not_picked":["True Grit","Body Slam"],"picked":"Anger"},{"not_picked":["Sword Boomerang","Iron Wave"],"picked":"Warcry"},{"not_picked":["True Grit","Power Through"],"picked":"Shrug It Off"},{"not_picked":["Heavy Blade","Thunderclap"],"picked":"Clash"},{"not_picked":["Warcry","Infernal Blade"],"picked":"Anger"},{"not_picked":["Flame Barrier","Warcry"],"picked":"Thunderclap"},{"not_picked":["Sword Boomerang","Double Tap"],"picked":"Battle Trance"},{"not_picked":["Brutality","Feed"],"picked":"Double Tap"},{"not_picked":["Warcry","Clash"],"picked":"Armaments"},{"not_picked":["Pommel Strike","Burning Pact"],"picked":"Headbutt"},{"not_picked":["Body Slam","Reckless Charge"],"picked":"Headbutt"},{"not_picked":["Reckless Charge","Sword Boomerang"],"picked":"Headbutt"},{"not_picked":["Reckless Charge","Impervious"],"picked":"Second Wind"},{"not_picked":["Shrug It Off","Intimidate"],"picked":"Iron Wave"}],"player_experience":33637,"potions_floor_usage":[10,16,22,23,23,24,29,39,39],"damage_taken":[{"damage":5,"enemies":"Small Slimes","floor":1,"turns":4},{"damage":1,"enemies":"Cultist","floor":2,"turns":3},{"damage":50,"enemies":"3 Sentries","floor":6,"turns":8},{"damage":5,"enemies":"2 Louse","floor":7,"turns":3},{"damage":1,"enemies":"Large Slime","floor":10,"turns":3},{"damage":0,"enemies":"Exordium Thugs","floor":11,"turns":3},{"damage":16,"enemies":"Gremlin Nob","floor":12,"turns":3},{"damage":0,"enemies":"Red Slaver","floor":13,"turns":3},{"damage":9,"enemies":"3 Sentries","floor":14,"turns":4},{"damage":36,"enemies":"Hexaghost","floor":16,"turns":6},{"damage":15,"enemies":"Shell Parasite","floor":18,"turns":3},{"damage":0,"enemies":"Spheric Guardian","floor":19,"turns":3},{"damage":32,"enemies":"Chosen and Byrds","floor":21,"turns":5},{"damage":10,"enemies":"Snake Plant","floor":22,"turns":3},{"damage":17,"enemies":"Slavers","floor":23,"turns":5},{"damage":42,"enemies":"Snecko","floor":24,"turns":5},{"damage":10,"enemies":"Sentry and Sphere","floor":27,"turns":4},{"damage":18,"enemies":"Slaver and Parasite","floor":29,"turns":5},{"damage":12,"enemies":"Snake Plant","floor":31,"turns":2},{"damage":34,"enemies":"Champ","floor":33,"turns":8},{"damage":6,"enemies":"3 Darklings","floor":35,"turns":4},{"damage":27,"enemies":"Orb Walker","floor":37,"turns":4},{"damage":69,"enemies":"Mysterious Sphere","floor":39,"turns":4}],"event_choices":[{"event_name":"Scrap Ooze","player_choice":"success","floor":4,"damage_taken":3},{"event_name":"Living Wall","player_choice":"Grow","floor":5,"damage_taken":0},{"event_name":"Mysterious Sphere","player_choice":"Fight","floor":39,"damage_taken":0}],"boss_relics":[{"not_picked":["Sozu","Runic Pyramid"],"picked":"Black Blood"},{"not_picked":["Tiny House","Cursed Key"],"picked":"Question Card"}],"potions_floor_spawned":[6,10,11,14,18,19,22,24,33,35],"seed_played":"1206398965910301465","killed_by":"Mysterious Sphere","is_trial":false}