{"gold_per_floor":[118,42,60,83,101,101,131,131,131,141,141],"floor_reached":11,"playtime":400,"items_purged":[],"score":131,"play_id":"5d4d0647-7a4e-4a17-ba71-afc5a2ff8485","local_time":"20190307113403","is_ascension_mode":true,"campfire_choices":[{"data":"Zap","floor":6,"key":"SMITH"},{"data":"Chaos","floor":8,"key":"SMITH"}],"neow_cost":"NONE","seed_source_timestamp":1198271333845332,"circlet_count":0,"master_deck":["AscendersBane","Strike_B","Strike_B","Strike_B","Strike_B","Defend_B","Defend_B","Defend_B","Defend_B","Zap+1","Dualcast","Core Surge","Self Repair","Doom and Gloom","Chaos+1","Coolheaded","Conserve Battery"],"relics":["Cracked Core","Pen Nib","Letter Opener","Molten Egg 2"],"potions_floor_usage":[7],"damage_taken":[{"damage":5,"enemies":"Cultist","floor":1,"turns":5},{"damage":9,"enemies":"Jaw Worm","floor":3,"turns":5},{"damage":13,"enemies":"2 Louse","floor":5,"turns":2},{"damage":16,"enemies":"Gremlin Nob","floor":7,"turns":3},{"damage":29,"enemies":"Lots of Slimes","floor":10,"turns":3},{"damage":13,"enemies":"Gremlin Gang","floor":11,"turns":2}],"seed_played":"-8069482907141144539","potions_obtained":[{"floor":1,"key":"FearPotion"},{"floor":5,"key":"FearPotion"},{"floor":10,"key":"Dexterity Potion"}],"is_trial":false,"path_per_floor":["M","$","M","T","M","R","E","R","T","M","M"],"character_chosen":"DEFECT","items_purchased":["Doom and Gloom"],"campfire_rested":0,"item_purchase_floors":[2],"current_hp_per_floor":[59,59,57,57,51,51,35,35,35,13,0],"gold":141,"neow_bonus":"ONE_RANDOM_RARE_CARD","is_prod":false,"is_daily":false,"chose_seed":false,"campfire_upgraded":2,"win_rate":0,"timestamp":1551954843,"path_taken":["M","$","M","?","?","R","E","R","T","M","M"],"build_version":"2019-02-06","purchased_purges":0,"victory":false,"max_hp_per_floor":[71,71,71,71,71,71,71,71,71,71,71],"card_choices":[{"not_picked":["Coolheaded","Turbo"],"picked":"Self Repair","floor":1},{"not_picked":["Stack","Heatsinks"],"picked":"Chaos","floor":3},{"not_picked":["Hello World","Scrape","Consume"],"picked":"SKIP","floor":5},{"not_picked":["Static Discharge","Rebound"],"picked":"Coolheaded","floor":7},{"not_picked":["Cold Snap+1","Reinforced Body"],"picked":"Conserve Battery","floor":10}],"player_experience":886388,"relics_obtained":[{"floor":4,"key":"Pen Nib"},{"floor":7,"key":"Letter Opener"},{"floor":9,"key":"Molten Egg 2"}],"event_choices":[],"is_beta":true,"boss_relics":[],"items_purged_floors":[],"is_endless":false,"potions_floor_spawned":[1,5,10],"killed_by":"Gremlin Gang","ascension_level":16}