{"gold_per_floor":[113,27,27,27,44,44,78,88,88,88,107,107,107,125,125,202,202,213,213,232,232],"floor_reached":21,"playtime":945,"items_purged":[],"score":322,"play_id":"0dbeee2e-396e-4b21-8202-d9c0053285ad","local_time":"20190216210426","is_ascension_mode":true,"campfire_choices":[{"data":"Crippling Poison","floor":6.0,"key":"SMITH"},{"floor":12.0,"key":"REST"},{"floor":15.0,"key":"REST"}],"neow_cost":"NONE","seed_source_timestamp":44239356309607,"circlet_count":0,"master_deck":["AscendersBane","Defend_G","Defend_G","Defend_G","Defend_G","Defend_G","Strike_G","Strike_G+1","Strike_G","Strike_G","Strike_G+1","Survivor","Neutralize","Phantasmal Killer+1","Crippling Poison+1","Escape Plan","Footwork","Dagger Spray","Bane","Deflect","Predator","Burst","Deflect","Necronomicurse"],"special_seed":0,"relics":["Ring of the Serpent","Peace Pipe","Turnip","Nunchaku","Necronomicon"],"potions_floor_usage":[21,21],"damage_taken":[{"damage":10.0,"enemies":"Cultist","floor":1.0,"turns":5.0},{"damage":0.0,"enemies":"Small Slimes","floor":5.0,"turns":3.0},{"damage":26.0,"enemies":"Lagavulin","floor":7.0,"turns":8.0},{"damage":0.0,"enemies":"2 Louse","floor":8.0,"turns":3.0},{"damage":4.0,"enemies":"Large Slime","floor":11.0,"turns":6.0},{"damage":0.0,"enemies":"2 Fungi Beasts","floor":14.0,"turns":2.0},{"damage":15.0,"enemies":"Slime Boss","floor":16.0,"turns":12.0},{"damage":18,"enemies":"Spheric Guardian","floor":18,"turns":10},{"damage":12,"enemies":"2 Thieves","floor":20,"turns":5},{"damage":3,"enemies":"3 Cultists","floor":21,"turns":2}],"seed_played":"-6120599443204221888","potions_obtained":[{"floor":7.0,"key":"Weak Potion"},{"floor":14.0,"key":"Explosive Potion"},{"floor":16,"key":"Dexterity Potion"}],"is_trial":false,"path_per_floor":["M","$","?","?","M","R","E","M","T","?","M","R","?","M","R","B",null,"M","?","M","M"],"character_chosen":"THE_SILENT","items_purchased":["Escape Plan"],"campfire_rested":2,"item_purchase_floors":[2],"current_hp_per_floor":[49,49,49,49,49,49,23,23,23,12,8,27,7,7,26,11,52,34,13,1,0],"gold":232,"neow_bonus":"ONE_RANDOM_RARE_CARD","is_prod":false,"is_daily":false,"chose_seed":false,"campfire_upgraded":1,"win_rate":0,"timestamp":1550347466,"path_taken":["M","$","?","?","M","R","E","M","T","?","M","R","?","M","R","BOSS","BOSS","M","?","M","M"],"build_version":"2019-02-06","purchased_purges":0,"victory":false,"max_hp_per_floor":[66,66,66,66,66,66,66,66,66,66,66,66,66,66,66,66,66,66,66,66,66],"card_choices":[{"not_picked":["Underhanded Strike","PiercingWail"],"picked":"Crippling Poison","floor":1.0},{"not_picked":["Deflect","Poisoned Stab"],"picked":"Footwork","floor":5.0},{"not_picked":["PiercingWail","Setup"],"picked":"Dagger Spray","floor":7.0},{"not_picked":["Underhanded Strike","Dodge and Roll"],"picked":"Bane","floor":8.0},{"not_picked":["Dagger Throw","Distraction"],"picked":"Deflect","floor":11.0},{"not_picked":["Underhanded Strike","Choke"],"picked":"Predator","floor":14.0},{"not_picked":["Glass Knife","Wraith Form v2"],"picked":"Burst","floor":16},{"not_picked":["Backflip","Flying Knee"],"picked":"Deflect","floor":18},{"not_picked":["Eviscerate","Endless Agony","Backstab"],"picked":"SKIP","floor":20}],"player_experience":794287,"relics_obtained":[{"floor":7.0,"key":"Peace Pipe"},{"floor":9.0,"key":"Turnip"},{"floor":19,"key":"Necronomicon"}],"event_choices":[{"damage_healed":0.0,"max_hp_gain":0.0,"max_hp_loss":0.0,"gold_gain":0.0,"event_name":"Liars Game","player_choice":"Ignored","floor":3.0,"gold_loss":0.0,"damage_taken":0.0},{"damage_healed":0.0,"max_hp_gain":0.0,"max_hp_loss":0.0,"gold_gain":0.0,"event_name":"Living Wall","player_choice":"Grow","floor":4.0,"gold_loss":0.0,"damage_taken":0.0,"cards_upgraded":["Phantasmal Killer"]},{"damage_healed":0.0,"max_hp_gain":0.0,"max_hp_loss":0.0,"gold_gain":0.0,"event_name":"Scrap Ooze","player_choice":"Success","floor":10.0,"gold_loss":0.0,"damage_taken":11.0,"relics_obtained":["Nunchaku"]},{"damage_healed":0.0,"max_hp_gain":0.0,"max_hp_loss":0.0,"gold_gain":0.0,"event_name":"Shining Light","player_choice":"Entered Light","floor":13.0,"gold_loss":0.0,"damage_taken":20.0,"cards_upgraded":["Strike_G","Strike_G"]},{"damage_healed":0,"gold_gain":0,"player_choice":"Obtained Book","damage_taken":21,"max_hp_gain":0,"max_hp_loss":0,"event_name":"Cursed Tome","floor":19,"gold_loss":0}],"is_beta":true,"boss_relics":[{"not_picked":["Snecko Eye","Empty Cage"],"picked":"Ring of the Serpent"}],"items_purged_floors":[],"is_endless":false,"potions_floor_spawned":[7,14,16],"killed_by":"3 Cultists","ascension_level":16}