{"gold_per_floor":[110,120,120,45,45,75,75,132,155,51,78,106,126,126],"floor_reached":14,"playtime":416,"items_purged":["Strike_G"],"score":230,"play_id":"e08bfb36-12fb-4435-8a40-a097f127becf","local_time":"20190304111742","is_ascension_mode":true,"campfire_choices":[{"data":"Skewer","floor":7,"key":"SMITH"}],"neow_cost":"NONE","seed_source_timestamp":938070523535543,"circlet_count":0,"master_deck":["AscendersBane","Defend_G","Defend_G","Defend_G","Defend_G","Defend_G","Strike_G","Strike_G","Survivor","Neutralize","Skewer","Skewer+1","Noxious Fumes","Caltrops","Outmaneuver","Blur","Terror"],"relics":["Ring of the Snake","NeowsBlessing","Dream Catcher","Ancient Tea Set","Boot","Omamori","Bag of Marbles"],"potions_floor_usage":[8,8],"damage_taken":[{"damage":0,"enemies":"Small Slimes","floor":1,"turns":1},{"damage":0,"enemies":"Jaw Worm","floor":2,"turns":1},{"damage":0,"enemies":"3 Sentries","floor":6,"turns":1},{"damage":10,"enemies":"3 Sentries","floor":8,"turns":7},{"damage":15,"enemies":"Lagavulin","floor":12,"turns":7},{"damage":0,"enemies":"Cultist","floor":13,"turns":2},{"damage":30,"enemies":"Gremlin Nob","floor":14,"turns":3}],"seed_played":"2739908892799823919","potions_obtained":[{"floor":1,"key":"FearPotion"},{"floor":2,"key":"Fire Potion"},{"floor":13,"key":"FearPotion"}],"is_trial":false,"path_per_floor":["M","M","?","?","$","E","R","?","T","$","T","E","M","E"],"character_chosen":"THE_SILENT","items_purchased":["Outmaneuver"],"campfire_rested":0,"item_purchase_floors":[10],"current_hp_per_floor":[59,59,52,52,52,52,52,42,42,42,42,27,27,0],"gold":126,"neow_bonus":"THREE_ENEMY_KILL","is_prod":false,"is_daily":false,"chose_seed":false,"campfire_upgraded":1,"win_rate":0,"timestamp":1551694662,"path_taken":["M","M","?","?","$","E","R","?","T","$","?","E","M","E"],"build_version":"2019-02-06","purchased_purges":1,"victory":false,"max_hp_per_floor":[66,66,66,66,66,66,66,66,66,66,66,66,66,66],"card_choices":[{"not_picked":["Leg Sweep","Infinite Blades"],"picked":"Skewer","floor":1},{"not_picked":["Prepared","Poisoned Stab"],"picked":"Skewer","floor":2},{"not_picked":["PiercingWail","Slice"],"picked":"Noxious Fumes","floor":6},{"not_picked":["Bane","Bouncing Flask"],"picked":"Caltrops","floor":8},{"not_picked":["Blade Dance","Acrobatics"],"picked":"Blur","floor":12},{"not_picked":["PiercingWail","Quick Slash"],"picked":"Terror","floor":13}],"player_experience":833309,"relics_obtained":[{"floor":6,"key":"Dream Catcher"},{"floor":8,"key":"Ancient Tea Set"},{"floor":9,"key":"Boot"},{"floor":11,"key":"Omamori"},{"floor":12,"key":"Bag of Marbles"}],"event_choices":[{"cards_removed":["Strike_G"],"damage_healed":0,"gold_gain":0,"player_choice":"Card Removal","damage_taken":7,"max_hp_gain":0,"max_hp_loss":0,"event_name":"Golden Wing","floor":3,"gold_loss":0},{"cards_removed":["Strike_G"],"damage_healed":0,"gold_gain":0,"player_choice":"Card Removal","damage_taken":0,"max_hp_gain":0,"max_hp_loss":0,"event_name":"The Cleric","floor":4,"gold_loss":75},{"damage_healed":0,"gold_gain":30,"player_choice":"Searched \u00273\u0027 times","damage_taken":0,"max_hp_gain":0,"max_hp_loss":0,"event_name":"Dead Adventurer","floor":8,"gold_loss":0}],"is_beta":true,"boss_relics":[],"items_purged_floors":[10],"is_endless":false,"potions_floor_spawned":[1,2,13],"killed_by":"Gremlin Nob","ascension_level":18}