{"gold_per_floor":[110,127,127,145,162,195,195,227,252,252,270,12,31,51,51,125,125,141,141,155,174,188,188,201,234,260,272,295,342,372,395,407,498,510,533,545,182,192,0,0,32,46,46,81,81,81,96,113,113,113],"floor_reached":50,"playtime":3877,"items_purged":["Strike_G"],"score":1119,"play_id":"f2551d8d-de4a-48e0-8558-d9e4f7d2dd84","local_time":"20190217151405","is_ascension_mode":true,"campfire_choices":[{"floor":7.0,"key":"REST"},{"data":"Adrenaline","floor":10.0,"key":"SMITH"},{"floor":15.0,"key":"REST"},{"data":"Apotheosis","floor":23.0,"key":"SMITH"},{"floor":32.0,"key":"REST"},{"data":"Well Laid Plans","floor":40.0,"key":"SMITH"},{"floor":45.0,"key":"REST"},{"floor":49,"key":"REST"}],"neow_cost":"TEN_PERCENT_HP_LOSS","seed_source_timestamp":106587025640522,"circlet_count":0,"master_deck":["AscendersBane","Defend_G","Defend_G","Defend_G","Defend_G","Defend_G","Strike_G","Strike_G","Strike_G","Strike_G","Survivor","Neutralize+1","Footwork+1","Backstab","Cloak And Dagger","Adrenaline+1","Well Laid Plans+1","Predator","Apotheosis+1","Blade Dance","PiercingWail","After Image+1","Neutralize","Backflip","Clumsy","Flying Knee","Terror+1","Dagger Spray","Endless Agony","Adrenaline","Panacea+1","Accuracy+1","Backflip+1","Backstab+1","Choke+1","Acrobatics+1","Noxious Fumes+1","A Thousand Cuts+1"],"special_seed":0,"relics":["Ring of the Snake","Nunchaku","Gambling Chip","PreservedInsect","Dream Catcher","Odd Mushroom","Cursed Key","Happy Flower","MawBank","Frozen Egg 2","Sozu","Toxic Egg 2","Red Mask","Centennial Puzzle","Incense Burner"],"potions_floor_usage":[50],"damage_taken":[{"damage":2.0,"enemies":"Small Slimes","floor":1.0,"turns":4.0},{"damage":1.0,"enemies":"Cultist","floor":2.0,"turns":7.0},{"damage":17.0,"enemies":"Jaw Worm","floor":4.0,"turns":6.0},{"damage":4.0,"enemies":"Large Slime","floor":5.0,"turns":9.0},{"damage":24.0,"enemies":"3 Sentries","floor":6.0,"turns":13.0},{"damage":1.0,"enemies":"Gremlin Nob","floor":8.0,"turns":4.0},{"damage":3.0,"enemies":"Gremlin Gang","floor":11.0,"turns":7.0},{"damage":0.0,"enemies":"2 Fungi Beasts","floor":13.0,"turns":2.0},{"damage":16.0,"enemies":"The Mushroom Lair","floor":14.0,"turns":5.0},{"damage":11.0,"enemies":"The Guardian","floor":16.0,"turns":12.0},{"damage":0.0,"enemies":"Chosen","floor":18.0,"turns":4.0},{"damage":4.0,"enemies":"Shell Parasite","floor":20.0,"turns":4.0},{"damage":0.0,"enemies":"Centurion and Healer","floor":21.0,"turns":5.0},{"damage":0.0,"enemies":"Chosen and Byrds","floor":22.0,"turns":5.0},{"damage":3.0,"enemies":"Snecko","floor":24.0,"turns":5.0},{"damage":3.0,"enemies":"Book of Stabbing","floor":25.0,"turns":5.0},{"damage":0.0,"enemies":"Centurion and Healer","floor":28.0,"turns":6.0},{"damage":0.0,"enemies":"Gremlin Leader","floor":29.0,"turns":6.0},{"damage":0.0,"enemies":"Snake Plant","floor":30.0,"turns":6.0},{"damage":8.0,"enemies":"Sentry and Sphere","floor":31.0,"turns":6.0},{"damage":29.0,"enemies":"Champ","floor":33.0,"turns":18.0},{"damage":17.0,"enemies":"3 Darklings","floor":35.0,"turns":6.0},{"damage":0.0,"enemies":"3 Shapes","floor":38.0,"turns":6.0},{"damage":0.0,"enemies":"Reptomancer","floor":41.0,"turns":4.0},{"damage":0.0,"enemies":"Spire Growth","floor":42.0,"turns":5.0},{"damage":31.0,"enemies":"Nemesis","floor":44.0,"turns":5.0},{"damage":0,"enemies":"4 Shapes","floor":47,"turns":4},{"damage":0,"enemies":"Jaw Worm Horde","floor":48,"turns":5},{"damage":41,"enemies":"Time Eater","floor":50,"turns":5}],"seed_played":"7785124681930004414","potions_obtained":[{"floor":1.0,"key":"Ancient Potion"},{"floor":4.0,"key":"GhostInAJar"},{"floor":6.0,"key":"PowerPotion"},{"floor":11.0,"key":"Weak Potion"},{"floor":18.0,"key":"SneckoOil"},{"floor":21.0,"key":"SteroidPotion"},{"floor":30.0,"key":"Poison Potion"}],"is_trial":false,"path_per_floor":["M","M","?","M","M","E","R","E","T","R","M","$","M","?","R","B",null,"M","?","M","M","M","R","M","E","T","?","M","E","M","M","R","B",null,"M","?","$","M","?","R","E","M","T","E","R","?","M","M","R","B"],"character_chosen":"THE_SILENT","items_purchased":["Apotheosis","Toxic Egg 2","Panacea+1"],"campfire_rested":5,"item_purchase_floors":[12,37,37],"current_hp_per_floor":[57,56,56,39,35,11,29,28,28,28,25,25,25,9,27,16,49,49,49,45,45,45,45,42,39,39,39,39,39,39,31,49,20,50,33,33,33,33,33,33,33,33,33,2,19,19,19,19,36,0],"gold":113,"neow_bonus":"ONE_RARE_RELIC","is_prod":false,"is_daily":false,"chose_seed":false,"campfire_upgraded":3,"win_rate":0,"timestamp":1550412845,"path_taken":["M","M","?","?","M","E","R","E","T","R","M","$","M","?","R","BOSS","M","?","?","M","M","R","M","E","T","?","?","E","M","M","R","BOSS","M","?","$","M","?","R","E","M","T","E","R","?","M","?","R","BOSS"],"build_version":"2019-02-06","purchased_purges":1,"victory":false,"max_hp_per_floor":[60,60,60,60,60,60,60,60,60,60,60,60,60,60,60,60,60,60,60,60,60,60,60,60,60,60,60,60,60,60,60,60,60,60,60,57,57,57,57,57,57,57,57,57,57,57,57,57,57,57],"card_choices":[{"not_picked":["PiercingWail","Slice"],"picked":"Footwork","floor":1.0},{"not_picked":["Bane","Prepared","Tactician"],"picked":"SKIP","floor":2.0},{"not_picked":["Outmaneuver","Slice"],"picked":"Backstab","floor":4.0},{"not_picked":["Masterful Stab","Underhanded Strike"],"picked":"Cloak And Dagger","floor":5.0},{"not_picked":["Cloak And Dagger","Finisher"],"picked":"Adrenaline","floor":6.0},{"not_picked":["Flying Knee","Underhanded Strike"],"picked":"Well Laid Plans","floor":8.0},{"not_picked":["Concentrate","Underhanded Strike"],"picked":"Predator","floor":11.0},{"not_picked":["Backflip","Leg Sweep"],"picked":"Blade Dance","floor":13.0},{"not_picked":["Acrobatics","Predator"],"picked":"PiercingWail","floor":15.0},{"not_picked":["Doppelganger","Storm of Steel"],"picked":"After Image","floor":16.0},{"not_picked":["Sucker Punch","Bane","Dagger Throw"],"picked":"SKIP","floor":18.0},{"not_picked":["Flying Knee","Deadly Poison"],"picked":"Backflip","floor":20.0},{"not_picked":["Eviscerate","Backflip","Prepared"],"picked":"SKIP","floor":21.0},{"not_picked":["Flechettes","Poisoned Stab","Flying Knee"],"picked":"SKIP","floor":22.0},{"not_picked":["Underhanded Strike","Crippling Poison","Backflip"],"picked":"SKIP","floor":24.0},{"not_picked":["Deadly Poison","Wraith Form v2","Well Laid Plans"],"picked":"SKIP","floor":25.0},{"not_picked":["Leg Sweep","Noxious Fumes+1"],"picked":"Flying Knee","floor":28.0},{"not_picked":["Skewer","Caltrops","Well Laid Plans"],"picked":"SKIP","floor":29.0},{"not_picked":["Poisoned Stab","Noxious Fumes+1"],"picked":"Terror+1","floor":30.0},{"not_picked":["Deadly Poison+1","Dagger Throw"],"picked":"Dagger Spray","floor":31.0},{"not_picked":["Masterful Stab","Venomology"],"picked":"Endless Agony","floor":32.0},{"not_picked":["Night Terror","Unload"],"picked":"Adrenaline","floor":33.0},{"not_picked":["Dagger Throw+1","Choke","PiercingWail"],"picked":"SKIP","floor":35.0},{"not_picked":["Backflip+1","Eviscerate"],"picked":"Accuracy+1","floor":38.0},{"not_picked":["Riddle With Holes","Well Laid Plans+1"],"picked":"Backflip+1","floor":41.0},{"not_picked":["Setup+1","Reflex+1"],"picked":"Backstab+1","floor":42.0},{"not_picked":["Caltrops+1","Cloak And Dagger+1"],"picked":"Choke+1","floor":44.0},{"not_picked":["Cloak And Dagger+1","Underhanded Strike"],"picked":"Acrobatics+1","floor":45.0},{"not_picked":["Deflect+1","Heel Hook","Blade Dance+1"],"picked":"SKIP","floor":47},{"not_picked":["Dodge and Roll+1","Deadly Poison+1"],"picked":"Noxious Fumes+1","floor":48},{"not_picked":["Escape Plan+1","Backstab"],"picked":"A Thousand Cuts+1","floor":49}],"player_experience":798382,"relics_obtained":[{"floor":6.0,"key":"Gambling Chip"},{"floor":8.0,"key":"PreservedInsect"},{"floor":9.0,"key":"Dream Catcher"},{"floor":14.0,"key":"Odd Mushroom"},{"floor":25.0,"key":"Happy Flower"},{"floor":26.0,"key":"MawBank"},{"floor":29.0,"key":"Frozen Egg 2"},{"floor":41.0,"key":"Centennial Puzzle"},{"floor":44.0,"key":"Incense Burner"}],"event_choices":[{"damage_healed":0.0,"max_hp_gain":0.0,"max_hp_loss":0.0,"gold_gain":0.0,"event_name":"Upgrade Shrine","player_choice":"Upgraded","floor":3.0,"gold_loss":0.0,"damage_taken":0.0,"cards_upgraded":["Neutralize"]},{"damage_healed":0.0,"max_hp_gain":0.0,"max_hp_loss":0.0,"gold_gain":0.0,"event_name":"Mushrooms","player_choice":"Fought Mushrooms","floor":14.0,"gold_loss":0.0,"damage_taken":0.0},{"damage_healed":0.0,"max_hp_gain":0.0,"max_hp_loss":0.0,"gold_gain":0.0,"event_name":"Match and Keep!","player_choice":"1 cards matched","floor":19.0,"gold_loss":0.0,"damage_taken":0.0,"cards_obtained":["Neutralize"]},{"damage_healed":0.0,"max_hp_gain":0.0,"max_hp_loss":0.0,"gold_gain":0.0,"event_name":"Upgrade Shrine","player_choice":"Upgraded","floor":27.0,"gold_loss":0.0,"damage_taken":0.0,"cards_upgraded":["After Image"]},{"damage_healed":0.0,"max_hp_gain":0.0,"max_hp_loss":3.0,"gold_gain":0.0,"event_name":"Winding Halls","player_choice":"Max HP","floor":36.0,"gold_loss":0.0,"damage_taken":0.0},{"damage_healed":0.0,"max_hp_gain":0.0,"max_hp_loss":0.0,"gold_gain":0.0,"event_name":"Tomb of Lord Red Mask","player_choice":"Paid","floor":39.0,"gold_loss":192.0,"damage_taken":0.0,"relics_obtained":["Red Mask"]},{"damage_healed":0.0,"max_hp_gain":0.0,"max_hp_loss":0.0,"gold_gain":0.0,"event_name":"Upgrade Shrine","player_choice":"Upgraded","floor":46.0,"gold_loss":0.0,"damage_taken":0.0,"cards_upgraded":["Footwork"]}],"is_beta":true,"boss_relics":[{"not_picked":["Busted Crown","Ectoplasm"],"picked":"Cursed Key"},{"not_picked":["Orrery","Philosopher\u0027s Stone"],"picked":"Sozu"}],"items_purged_floors":[12],"is_endless":false,"potions_floor_spawned":[1,4,5,6,11,18,21,22,28,30,41,42,47,48],"killed_by":"Time Eater","ascension_level":16}