{"gold_per_floor":[114,125,138,154,154,154,181,197,197,197,197,232,247,227,227,301,301,311,330,103,103,18,18,38,38,106,121,121,133,52,66,66,66],"floor_reached":33,"playtime":1978,"items_purged":[],"score":556,"play_id":"4507e1e4-8300-448b-b56f-e5e5c22c2eaf","local_time":"20190307140524","is_ascension_mode":true,"campfire_choices":[{"data":"Hologram","floor":6,"key":"SMITH"},{"data":"Sunder","floor":10,"key":"SMITH"},{"floor":15,"key":"REST"},{"data":"RitualDagger","floor":23,"key":"SMITH"},{"floor":32,"key":"REST"}],"neow_cost":"NONE","seed_source_timestamp":1205772672948472,"circlet_count":0,"master_deck":["AscendersBane","Strike_B+1","Strike_B+1","Strike_B+1","Defend_B+1","Defend_B+1","Defend_B+1","Defend_B+1","Zap+1","Dualcast+1","BootSequence","Hologram+1","Hologram","Ball Lightning","Sunder+1","Defragment","Buffer","Cold Snap","Fission","Chill","Cold Snap","Double Energy","FTL","RitualDagger+1","Capacitor","White Noise","Blizzard"],"relics":["Cracked Core","Mercury Hourglass","DataDisk","Bag of Preparation","Black Star","Shuriken","Darkstone Periapt"],"potions_floor_usage":[12,16,18,19],"damage_taken":[{"damage":1,"enemies":"Cultist","floor":1,"turns":3},{"damage":0,"enemies":"Small Slimes","floor":2,"turns":3},{"damage":0,"enemies":"Jaw Worm","floor":3,"turns":3},{"damage":1,"enemies":"Looter","floor":4,"turns":3},{"damage":15,"enemies":"Lagavulin","floor":7,"turns":6},{"damage":0,"enemies":"3 Louse","floor":8,"turns":2},{"damage":18,"enemies":"Gremlin Nob","floor":12,"turns":3},{"damage":0,"enemies":"Blue Slaver","floor":13,"turns":2},{"damage":0,"enemies":"The Guardian","floor":16,"turns":9},{"damage":0,"enemies":"Spheric Guardian","floor":18,"turns":3},{"damage":7,"enemies":"2 Thieves","floor":19,"turns":4},{"damage":47,"enemies":"Snecko","floor":24,"turns":7},{"damage":0,"enemies":"Centurion and Healer","floor":27,"turns":6},{"damage":0,"enemies":"Snake Plant","floor":29,"turns":4},{"damage":0,"enemies":"3 Cultists","floor":31,"turns":7},{"damage":38,"enemies":"Collector","floor":33,"turns":6}],"seed_played":"-4199833039765556140","potions_obtained":[{"floor":3,"key":"SpeedPotion"},{"floor":4,"key":"GamblersBrew"},{"floor":8,"key":"Fire Potion"},{"floor":13,"key":"PowerPotion"},{"floor":14,"key":"Energy Potion"},{"floor":18,"key":"SkillPotion"},{"floor":27,"key":"Explosive Potion"}],"is_trial":false,"path_per_floor":["M","M","M","M","?","R","E","M","T","R","?","E","M","?","R","B",null,"M","M","$","?","?","R","M","?","T","M","?","M","$","M","R","B"],"character_chosen":"DEFECT","items_purchased":["Cold Snap","Double Energy","FTL","Blizzard"],"campfire_rested":2,"item_purchase_floors":[20,20,20,30],"current_hp_per_floor":[63,63,63,62,62,62,47,47,47,47,40,22,22,22,43,43,64,64,57,57,51,51,51,4,4,4,4,4,4,4,4,25,0],"gold":66,"neow_bonus":"UPGRADE_CARD","is_prod":false,"is_daily":false,"chose_seed":false,"campfire_upgraded":3,"win_rate":0,"timestamp":1551963924,"path_taken":["M","?","M","M","?","R","E","M","T","R","?","E","M","?","R","BOSS","M","M","?","?","?","R","?","?","T","M","?","M","?","M","R","BOSS"],"build_version":"2019-02-06","purchased_purges":0,"victory":false,"max_hp_per_floor":[71,71,71,71,71,71,71,71,71,71,71,71,71,71,71,71,71,71,71,71,71,71,71,71,71,71,71,71,71,71,71,71,71],"card_choices":[{"not_picked":["Turbo","Steam"],"picked":"BootSequence","floor":1},{"not_picked":["Steam","Beam Cell"],"picked":"Hologram","floor":2},{"not_picked":["Rebound","Beam Cell"],"picked":"Hologram","floor":3},{"not_picked":["Hello World","Turbo"],"picked":"Ball Lightning","floor":4},{"not_picked":["Steam","Turbo"],"picked":"Sunder","floor":7},{"not_picked":["Heatsinks","Cold Snap"],"picked":"Defragment","floor":8},{"not_picked":["White Noise","Reprogram"],"picked":"Buffer","floor":12},{"not_picked":["Undo","BootSequence"],"picked":"Cold Snap","floor":13},{"not_picked":["Multi-Cast","Reboot"],"picked":"Fission","floor":16},{"not_picked":["Fusion","Scrape"],"picked":"Chill","floor":18},{"not_picked":["Scrape","Hologram","Skim"],"picked":"SKIP","floor":19},{"not_picked":["Cold Snap","Consume","Stack"],"picked":"SKIP","floor":24},{"not_picked":["Streamline","Rebound"],"picked":"Capacitor","floor":27},{"not_picked":["Redo","Hologram"],"picked":"White Noise","floor":29},{"not_picked":["Darkness","Hologram","Conserve Battery"],"picked":"SKIP","floor":31}],"player_experience":893576,"relics_obtained":[{"floor":7,"key":"Mercury Hourglass"},{"floor":9,"key":"DataDisk"},{"floor":12,"key":"Bag of Preparation"},{"floor":26,"key":"Darkstone Periapt"}],"event_choices":[{"damage_healed":0,"gold_gain":0,"player_choice":"Grow","damage_taken":0,"max_hp_gain":0,"max_hp_loss":0,"event_name":"Living Wall","floor":5,"gold_loss":0,"cards_upgraded":["Dualcast"]},{"cards_removed":["Strike_B"],"damage_healed":0,"gold_gain":0,"player_choice":"Card Removal","damage_taken":7,"max_hp_gain":0,"max_hp_loss":0,"event_name":"Golden Wing","floor":11,"gold_loss":0},{"damage_healed":0,"gold_gain":0,"player_choice":"Bought 1 Potion","damage_taken":0,"max_hp_gain":0,"max_hp_loss":0,"event_name":"The Woman in Blue","floor":14,"gold_loss":0},{"damage_healed":0,"gold_gain":0,"player_choice":"Joined the Cult","damage_taken":6,"max_hp_gain":0,"max_hp_loss":0,"event_name":"Nest","floor":21,"gold_loss":0,"cards_obtained":["RitualDagger"]},{"damage_healed":0,"gold_gain":0,"player_choice":"Obtained Relic","damage_taken":0,"relics_obtained":["Shuriken"],"max_hp_gain":0,"max_hp_loss":0,"event_name":"Addict","floor":22,"gold_loss":85},{"damage_healed":0,"gold_gain":0,"player_choice":"Simplicity","damage_taken":0,"max_hp_gain":0,"max_hp_loss":0,"event_name":"Back to Basics","floor":25,"gold_loss":0,"cards_upgraded":["Strike_B","Strike_B","Strike_B","Defend_B","Defend_B","Defend_B","Defend_B"]},{"damage_healed":0,"gold_gain":0,"player_choice":"Ignored","damage_taken":0,"max_hp_gain":0,"max_hp_loss":0,"event_name":"Cursed Tome","floor":28,"gold_loss":0}],"is_beta":true,"boss_relics":[{"not_picked":["Snecko Eye","Runic Dome"],"picked":"Black Star"}],"items_purged_floors":[],"is_endless":false,"potions_floor_spawned":[3,4,8,13,18,27],"killed_by":"Collector","ascension_level":16}