{"gold_per_floor":[115,133,133,33,53,53,88,88,134,152,165,180,193,93,93,171,171,186,198,212,137,137,137,153,153,153,28,28,28,28,41,41,41],"floor_reached":33,"playtime":1396,"items_purged":["Strike_R","Strike_R","Doubt"],"score":486,"play_id":"786455f6-de19-4092-9625-13a53d7b8f37","local_time":"20190205114258","is_ascension_mode":true,"campfire_choices":[{"data":"Bash","floor":6,"key":"SMITH"},{"data":"Flex","floor":8,"key":"SMITH"},{"data":"Armaments","floor":15,"key":"SMITH"},{"floor":23,"key":"REST"},{"floor":28,"key":"REST"},{"floor":32,"key":"REST"}],"neow_cost":"NONE","seed_source_timestamp":1468107085904176,"circlet_count":0,"master_deck":["AscendersBane","Strike_R","Defend_R","Defend_R","Defend_R","Defend_R","Bash+1","Double Tap","Headbutt","Cleave","Flex+1","Thunderclap","Intimidate","Armaments+1","Clothesline","Rampage","Metallicize","Headbutt","Shrug It Off","Flame Barrier"],"relics":["Burning Blood","Oddly Smooth Stone","Matryoshka","Dream Catcher","Strawberry","Cursed Key","Molten Egg 2","Bottled Flame"],"potions_floor_usage":[7,12,13,31,33],"damage_taken":[{"damage":1,"enemies":"Cultist","floor":1,"turns":3},{"damage":0,"enemies":"Small Slimes","floor":2,"turns":2},{"damage":7,"enemies":"Jaw Worm","floor":5,"turns":5},{"damage":28,"enemies":"Lagavulin","floor":7,"turns":5},{"damage":5,"enemies":"Looter","floor":10,"turns":2},{"damage":0,"enemies":"Large Slime","floor":11,"turns":4},{"damage":9,"enemies":"2 Fungi Beasts","floor":12,"turns":3},{"damage":4,"enemies":"Lots of Slimes","floor":13,"turns":3},{"damage":52,"enemies":"Slime Boss","floor":16,"turns":12},{"damage":5,"enemies":"Chosen","floor":18,"turns":4},{"damage":18,"enemies":"3 Byrds","floor":19,"turns":6},{"damage":50,"enemies":"Cultist and Chosen","floor":20,"turns":6},{"damage":22,"enemies":"3 Cultists","floor":24,"turns":4},{"damage":22,"enemies":"Colosseum Slavers","floor":29,"turns":4},{"damage":19,"enemies":"Sentry and Sphere","floor":31,"turns":6},{"damage":62,"enemies":"Champ","floor":33,"turns":10}],"seed_played":"-5292300932808472052","potions_obtained":[{"floor":2,"key":"Energy Potion"},{"floor":7,"key":"GamblersBrew"},{"floor":10,"key":"SkillPotion"},{"floor":16,"key":"PowerPotion"},{"floor":20,"key":"Regen Potion"},{"floor":31,"key":"Energy Potion"}],"is_trial":false,"path_per_floor":["M","M","T","$","M","R","E","R","T","M","M","M","M","$","R","B",null,"M","M","M","?","?","R","M","?","T","$","R","?","?","M","R","B"],"character_chosen":"IRONCLAD","items_purchased":["Flex"],"campfire_rested":3,"item_purchase_floors":[4],"current_hp_per_floor":[73,75,75,75,74,74,52,52,59,60,66,63,65,65,65,19,66,67,55,11,11,11,35,19,19,19,19,43,27,27,14,38,0],"gold":41,"neow_bonus":"ONE_RANDOM_RARE_CARD","is_prod":false,"is_daily":false,"chose_seed":false,"campfire_upgraded":3,"win_rate":0,"timestamp":1549363378,"path_taken":["M","M","?","?","M","R","E","R","T","M","?","M","M","$","R","BOSS","M","M","M","?","?","R","M","?","T","$","R","?","?","M","R","BOSS"],"build_version":"2019-01-23","purchased_purges":3,"victory":false,"max_hp_per_floor":[75,75,75,75,75,75,75,75,82,82,82,82,82,82,82,82,82,82,82,82,82,82,82,82,82,82,82,82,82,82,82,82,82],"card_choices":[{"not_picked":["Clash","Sword Boomerang"],"picked":"Headbutt","floor":1},{"not_picked":["Rupture","Second Wind"],"picked":"Cleave","floor":2},{"not_picked":["True Grit","Shockwave"],"picked":"Thunderclap","floor":5},{"not_picked":["Combust","Armaments"],"picked":"Intimidate","floor":7},{"not_picked":["Anger","Rage"],"picked":"Armaments","floor":10},{"not_picked":["Entrench","Body Slam"],"picked":"Clothesline","floor":11},{"not_picked":["Armaments","True Grit"],"picked":"Rampage","floor":12},{"not_picked":["True Grit","Exhume"],"picked":"Metallicize","floor":13},{"not_picked":["Warcry","Anger","Havoc"],"picked":"SKIP","floor":18},{"not_picked":["Warcry","Cleave+1"],"picked":"Headbutt","floor":19},{"not_picked":["Havoc","Limit Break","Sever Soul"],"picked":"SKIP","floor":20},{"not_picked":["Anger","Cleave","Perfected Strike"],"picked":"SKIP","floor":24},{"not_picked":["Metallicize","Pommel Strike+1"],"picked":"Shrug It Off","floor":28},{"not_picked":["Barricade","Headbutt+1"],"picked":"Flame Barrier","floor":31}],"player_experience":700843,"relics_obtained":[{"floor":3,"key":"Oddly Smooth Stone"},{"floor":7,"key":"Matryoshka"},{"floor":9,"key":"Dream Catcher"},{"floor":9,"key":"Strawberry"},{"floor":26,"key":"Molten Egg 2"},{"floor":26,"key":"Bottled Flame"}],"event_choices":[{"cards_removed":["Strike_R"],"damage_healed":0,"gold_gain":0,"player_choice":"Gave Gold","damage_taken":0,"max_hp_gain":0,"max_hp_loss":0,"event_name":"Beggar","floor":21,"gold_loss":75},{"damage_healed":0,"gold_gain":0,"player_choice":"Ignored","damage_taken":0,"max_hp_gain":0,"max_hp_loss":0,"event_name":"Ghosts","floor":22,"gold_loss":0},{"damage_healed":0,"gold_gain":0,"player_choice":"Ignored","damage_taken":0,"max_hp_gain":0,"max_hp_loss":0,"event_name":"Vampires","floor":25,"gold_loss":0},{"damage_healed":0,"gold_gain":0,"player_choice":"Fight","damage_taken":0,"max_hp_gain":0,"max_hp_loss":0,"event_name":"Colosseum","floor":29,"gold_loss":0},{"damage_healed":0,"gold_gain":0,"player_choice":"Fled From Nobs","damage_taken":0,"max_hp_gain":0,"max_hp_loss":0,"event_name":"Colosseum","floor":29,"gold_loss":0},{"cards_removed":["Strike_R"],"damage_healed":0,"gold_gain":0,"player_choice":"Purged","damage_taken":0,"max_hp_gain":0,"max_hp_loss":0,"event_name":"Purifier","floor":30,"gold_loss":0}],"is_beta":true,"boss_relics":[{"not_picked":["Black Star","Sozu"],"picked":"Cursed Key"}],"items_purged_floors":[4,14,27],"is_endless":false,"potions_floor_spawned":[2,7,10,16,20,24,31],"killed_by":"Champ","ascension_level":19}