{"path_per_floor":["M","?","M","M","?","R","E","T","T","R","$","M","E","M","R","B",null,"M","M","$","M","?","R","E","R","T","E","M","?","M","M","R"],"character_chosen":"THE_SILENT","items_purchased":["Jack Of All Trades","Pen Nib","Terror"],"gold_per_floor":[111,61,79,89,89,89,120,196,196,196,100,89,117,130,130,227,227,216,236,7,17,17,17,52,52,128,157,171,171,190,201,201,201],"floor_reached":33,"campfire_rested":4,"playtime":2330,"current_hp_per_floor":[70,70,70,70,56,56,42,42,42,63,63,63,54,54,54,25,70,63,60,60,42,29,51,27,49,49,8,5,5,2,2,24,0],"items_purged":[],"gold":201,"score":323,"play_id":"74f1b97c-8ad6-48a8-aaa5-a4b5c418230a","local_time":"20180324103902","is_prod":false,"is_daily":false,"is_ascension_mode":false,"campfire_upgraded":2,"timestamp":1521902342,"path_taken":["M","?","M","M","?","R","E","?","T","R","?","M","E","M","R","BOSS","M","M","$","M","?","R","E","R","T","E","M","?","M","M","R","BOSS"],"build_version":"2018-03-22v2","purchased_purges":0,"victory":false,"master_deck":["Defend_G","Defend_G","Defend_G","Defend_G+1","Defend_G+1","Strike_G","Strike_G","Strike_G","Strike_G+1","Survivor","Neutralize","Bullet Time","Cloak And Dagger+1","Poisoned Stab+1","Bane","Poisoned Stab","Jack Of All Trades","Bouncing Flask","Poisoned Stab+1","Envenom","Dodge and Roll+1","Deadly Poison+1","Terror","Die Die Die","Poisoned Stab+1","Backstab+1","Cloak And Dagger+1","Blur+1","Escape Plan"],"max_hp_per_floor":[70,70,70,70,70,70,70,70,70,70,70,70,70,70,70,70,70,70,70,70,70,75,75,75,75,75,75,75,75,75,75,75,75],"relics":["Ring of the Snake","War Paint","Bottled Flame","Orichalcum","Ornamental Fan","The Specimen","Pen Nib","Molten Egg 2","Tiny Chest","Kunai"],"card_choices":[{"not_picked":["Reflex","Deflect"],"picked":"Cloak And Dagger","floor":1},{"not_picked":["Malaise","Flying Knee"],"picked":"Poisoned Stab","floor":3},{"not_picked":["Heel Hook","Dodge and Roll"],"picked":"Bane","floor":4},{"not_picked":["Backflip","Night Terror"],"picked":"Poisoned Stab","floor":7},{"not_picked":["Dagger Spray","Dagger Throw"],"picked":"Bouncing Flask","floor":12},{"not_picked":["Backflip","Infinite Blades"],"picked":"Poisoned Stab","floor":14},{"not_picked":["Unload","Burst"],"picked":"Envenom","floor":16},{"not_picked":["Deflect","Choke"],"picked":"Dodge and Roll","floor":18},{"not_picked":["Predator","Deflect"],"picked":"Deadly Poison","floor":19},{"not_picked":["PiercingWail","Acrobatics"],"picked":"Die Die Die","floor":21},{"not_picked":["Slice","Riddle With Holes"],"picked":"Poisoned Stab","floor":24},{"not_picked":["Dagger Spray","Acrobatics"],"picked":"Backstab","floor":27},{"not_picked":["Bouncing Flask","Crippling Poison"],"picked":"Cloak And Dagger","floor":28},{"not_picked":["Bane","Finisher"],"picked":"Blur","floor":30},{"not_picked":["Skewer","Malaise"],"picked":"Escape Plan","floor":31}],"player_experience":23199,"potions_floor_usage":[24,28,30,33],"damage_taken":[{"damage":0,"enemies":"Small Slimes","floor":1,"turns":4},{"damage":0,"enemies":"Jaw Worm","floor":3,"turns":5},{"damage":0,"enemies":"2 Louse","floor":4,"turns":4},{"damage":14,"enemies":"Lagavulin","floor":7,"turns":7},{"damage":0,"enemies":"Exordium Thugs","floor":12,"turns":4},{"damage":13,"enemies":"Gremlin Nob","floor":13,"turns":4},{"damage":0,"enemies":"3 Louse","floor":14,"turns":3},{"damage":29,"enemies":"Slime Boss","floor":16,"turns":13},{"damage":7,"enemies":"2 Thieves","floor":18,"turns":4},{"damage":3,"enemies":"3 Byrds","floor":19,"turns":6},{"damage":18,"enemies":"Snake Plant","floor":21,"turns":4},{"damage":24,"enemies":"Slavers","floor":24,"turns":4},{"damage":41,"enemies":"Gremlin Leader","floor":27,"turns":7},{"damage":3,"enemies":"Snecko","floor":28,"turns":4},{"damage":3,"enemies":"Centurion and Healer","floor":30,"turns":5},{"damage":0,"enemies":"Chosen and Byrds","floor":31,"turns":7},{"damage":43,"enemies":"Collector","floor":33,"turns":6}],"event_choices":[{"event_name":"The Cleric","player_choice":"Card Removal","floor":2,"damage_taken":0},{"event_name":"Shining Light","player_choice":"Entered Light","floor":5,"damage_taken":0},{"event_name":"Forgotten Altar","player_choice":"Shed Blood","floor":22,"damage_taken":0},{"event_name":"Drug Dealer","player_choice":"Ignored","floor":29,"damage_taken":0}],"boss_relics":[{"not_picked":["Eternal Feather","Lizard Tail"],"picked":"The Specimen"}],"potions_floor_spawned":[3,13,24,31],"seed_played":"568995883313904674","killed_by":"Collector","ascension_level":0,"is_trial":false}