{"gold_per_floor":[117,136,136,136,154,193,193,231,285,306,306,331,331,344,344,435,435,451,396,396,419,419,419,448,460,486,486,503,503,503,130,130,130],"floor_reached":33,"playtime":1203,"items_purged":[],"score":683,"play_id":"b838bc1f-2b1f-4de8-a0c3-606cf7df6ab8","local_time":"20190214211306","is_ascension_mode":true,"campfire_choices":[{"data":"Bludgeon","floor":7,"key":"SMITH"},{"floor":13,"key":"REST"},{"data":"Bludgeon","floor":15,"key":"SMITH"},{"data":"Perfected Strike","floor":23,"key":"SMITH"},{"data":"Uppercut","floor":27,"key":"SMITH"},{"data":"Flame Barrier","floor":29,"key":"SMITH"},{"data":"Enlightenment","floor":32,"key":"SMITH"}],"neow_cost":"TEN_PERCENT_HP_LOSS","seed_source_timestamp":130737979897600,"circlet_count":0,"master_deck":["AscendersBane","Strike_R","Strike_R","Strike_R","Strike_R","Strike_R","Defend_R","Defend_R+1","Defend_R","Defend_R+1","Bash","Bludgeon+1","Pommel Strike","Thunderclap","Uppercut+1","Offering","Bludgeon+1","Flame Barrier+1","Perfected Strike","Immolate","Shrug It Off","Perfected Strike+1","Clothesline","Enlightenment+1"],"relics":["Burning Blood","Bloody Idol","Self Forming Clay","Boot","War Paint","Busted Crown","Pen Nib","Orichalcum","Bottled Flame"],"potions_floor_usage":[14,21,33],"damage_taken":[{"damage":7,"enemies":"Small Slimes","floor":1,"turns":3},{"damage":1,"enemies":"2 Louse","floor":2,"turns":3},{"damage":1,"enemies":"Cultist","floor":5,"turns":3},{"damage":32,"enemies":"3 Sentries","floor":6,"turns":8},{"damage":25,"enemies":"Lagavulin","floor":8,"turns":5},{"damage":11,"enemies":"Large Slime","floor":10,"turns":5},{"damage":4,"enemies":"2 Fungi Beasts","floor":12,"turns":4},{"damage":0,"enemies":"3 Louse","floor":14,"turns":2},{"damage":6,"enemies":"Slime Boss","floor":16,"turns":4},{"damage":9,"enemies":"2 Thieves","floor":18,"turns":3},{"damage":6,"enemies":"Chosen","floor":21,"turns":3},{"damage":41,"enemies":"Book of Stabbing","floor":24,"turns":5},{"damage":0,"enemies":"Snecko","floor":25,"turns":3},{"damage":6,"enemies":"Centurion and Healer","floor":28,"turns":3},{"damage":56,"enemies":"Champ","floor":33,"turns":7}],"seed_played":"2544383003123327960","potions_obtained":[{"floor":8,"key":"SteroidPotion"},{"floor":10,"key":"Fire Potion"},{"floor":14,"key":"Swift Potion"},{"floor":18,"key":"EssenceOfSteel"},{"floor":25,"key":"Strength Potion"}],"is_trial":false,"path_per_floor":["M","M","?","?","M","E","R","E","T","M","?","M","R","M","R","B",null,"M","$","?","M","?","R","E","M","T","R","M","R","?","$","R","B"],"character_chosen":"IRONCLAD","items_purchased":["Shrug It Off","Enlightenment","Bottled Flame"],"campfire_rested":1,"item_purchase_floors":[19,31,31],"current_hp_per_floor":[67,68,68,62,62,36,36,17,17,12,12,14,32,38,38,38,56,53,53,49,49,49,49,19,30,35,35,40,40,52,52,52,0],"gold":130,"neow_bonus":"THREE_RARE_CARDS","is_prod":false,"is_daily":false,"chose_seed":false,"campfire_upgraded":6,"win_rate":0,"timestamp":1550175186,"path_taken":["M","M","?","?","M","E","R","E","T","M","?","M","R","M","R","BOSS","M","$","?","?","?","R","E","M","T","R","M","R","?","$","R","BOSS"],"build_version":"2019-02-06","purchased_purges":0,"victory":false,"max_hp_per_floor":[68,68,68,62,62,62,62,62,62,62,62,62,62,62,62,62,62,62,62,62,62,62,62,62,62,62,62,62,62,62,62,62,62],"card_choices":[{"not_picked":["Impervious","Fiend Fire"],"picked":"Bludgeon","floor":0},{"not_picked":["Twin Strike","Havoc"],"picked":"Pommel Strike","floor":1},{"not_picked":["Havoc","Flex"],"picked":"Thunderclap","floor":2},{"not_picked":["Cleave","Pommel Strike"],"picked":"Uppercut","floor":5},{"not_picked":["Heavy Blade","Iron Wave"],"picked":"Offering","floor":6},{"not_picked":["Clash","Body Slam"],"picked":"Bludgeon","floor":8},{"not_picked":["Iron Wave","Sever Soul"],"picked":"Flame Barrier","floor":10},{"not_picked":["Sever Soul","Armaments","Wild Strike"],"picked":"SKIP","floor":12},{"not_picked":["Bloodletting","Pommel Strike"],"picked":"Perfected Strike","floor":14},{"not_picked":["Bludgeon","Berserk"],"picked":"Immolate","floor":16},{"not_picked":["Entrench+1"],"picked":"SKIP","floor":18},{"not_picked":[],"picked":"Perfected Strike","floor":21},{"not_picked":["Dual Wield+1"],"picked":"SKIP","floor":24},{"not_picked":[],"picked":"Clothesline","floor":25},{"not_picked":["Cleave"],"picked":"SKIP","floor":28}],"player_experience":760312,"relics_obtained":[{"floor":6,"key":"Self Forming Clay"},{"floor":8,"key":"Boot"},{"floor":9,"key":"War Paint"},{"floor":24,"key":"Pen Nib"},{"floor":26,"key":"Orichalcum"}],"event_choices":[{"damage_healed":0,"gold_gain":0,"player_choice":"Ignored","damage_taken":0,"max_hp_gain":0,"max_hp_loss":0,"event_name":"Liars Game","floor":3,"gold_loss":0},{"damage_healed":0,"gold_gain":0,"player_choice":"Lose Max HP","damage_taken":0,"relics_obtained":["Golden Idol"],"max_hp_gain":0,"max_hp_loss":6,"event_name":"Golden Idol","floor":4,"gold_loss":0},{"damage_healed":0,"gold_gain":0,"player_choice":"Ignored","damage_taken":0,"max_hp_gain":0,"max_hp_loss":0,"event_name":"Shining Light","floor":11,"gold_loss":0},{"damage_healed":0,"gold_gain":0,"player_choice":"Bought 0 Potions","damage_taken":0,"max_hp_gain":0,"max_hp_loss":0,"event_name":"The Woman in Blue","floor":20,"gold_loss":0},{"damage_healed":0,"gold_gain":0,"player_choice":"Gave Idol","damage_taken":0,"relics_obtained":["Bloody Idol"],"max_hp_gain":0,"max_hp_loss":0,"event_name":"Forgotten Altar","floor":22,"relics_lost":["Golden Idol"],"gold_loss":0},{"damage_healed":12,"gold_gain":0,"player_choice":"Heal","damage_taken":0,"max_hp_gain":0,"max_hp_loss":0,"event_name":"The Library","floor":30,"gold_loss":0}],"is_beta":true,"boss_relics":[{"not_picked":["Black Star","Coffee Dripper"],"picked":"Busted Crown"}],"items_purged_floors":[],"is_endless":false,"potions_floor_spawned":[8,10,12,14,18,25,28],"killed_by":"Champ","ascension_level":19}