{"gold_per_floor":[112,127,127,139,92,92,122,42,118,145,47,47,60,60,60,160,160,177,190,44,60,14,14,40,40,40,40,60,60,60,160,160,260,260,277,293,310,310,310,310,343,358,358,95,125,135,135,148,148,148],"floor_reached":51,"playtime":6381,"items_purged":[],"score":804,"play_id":"d2bd76aa-f77d-43f6-870c-b1b454c7c94f","local_time":"20190310194119","is_ascension_mode":true,"campfire_choices":[{"data":"Zap","floor":6.0,"key":"SMITH"},{"data":"Defragment","floor":12.0,"key":"SMITH"},{"data":"Capacitor","floor":15.0,"key":"SMITH"},{"data":"Self Repair","floor":23,"key":"SMITH"},{"floor":25,"key":"REST"},{"data":"Genetic Algorithm","floor":27,"key":"SMITH"},{"floor":29,"key":"REST"},{"floor":32,"key":"REST"},{"data":"Amplify","floor":40,"key":"SMITH"},{"data":"Capacitor","floor":47,"key":"SMITH"},{"data":"Dualcast","floor":49,"key":"SMITH"}],"neow_cost":"NONE","seed_source_timestamp":66621800652516,"circlet_count":0,"master_deck":["Strike_B+1","Strike_B+1","Strike_B+1","Defend_B+1","Defend_B+1","Defend_B+1","Defend_B+1","Zap+1","Dualcast+1","Self Repair+1","Hologram","Ball Lightning","Streamline","Barrage","Defragment+1","Capacitor+1","Cold Snap","Amplify+1","Genetic Algorithm+1","Cold Snap","Core Surge","Glacier","Seek+1","Coolheaded+1","Static Discharge+1","Capacitor+1","Secret Technique+1","Barrage","Skim+1"],"special_seed":0,"relics":["FrozenCore","Centennial Puzzle","Strawberry","Dead Branch","Philosopher\u0027s Stone","Anchor","Singing Bowl","Bottled Tornado","Thread and Needle","Toxic Egg 2","Pocketwatch"],"potions_floor_usage":[19,19,50,50,50],"damage_taken":[{"damage":1.0,"enemies":"Small Slimes","floor":1.0,"turns":3.0},{"damage":1.0,"enemies":"Cultist","floor":2.0,"turns":3.0},{"damage":12.0,"enemies":"Jaw Worm","floor":4.0,"turns":5.0},{"damage":34.0,"enemies":"3 Sentries","floor":7.0,"turns":7.0},{"damage":6.0,"enemies":"Gremlin Nob","floor":10.0,"turns":3.0},{"damage":5.0,"enemies":"Looter","floor":13.0,"turns":4.0},{"damage":26.0,"enemies":"Slime Boss","floor":16.0,"turns":5.0},{"damage":19.0,"enemies":"2 Thieves","floor":18.0,"turns":4.0},{"damage":22,"enemies":"3 Byrds","floor":19,"turns":5},{"damage":27,"enemies":"Snake Plant","floor":21,"turns":4},{"damage":30,"enemies":"Book of Stabbing","floor":24,"turns":5},{"damage":26,"enemies":"3 Cultists","floor":28,"turns":5},{"damage":9,"enemies":"Champ","floor":33,"turns":12},{"damage":13,"enemies":"3 Darklings","floor":35,"turns":6},{"damage":4,"enemies":"3 Shapes","floor":36,"turns":6},{"damage":11,"enemies":"Spire Growth","floor":37,"turns":7},{"damage":4,"enemies":"Nemesis","floor":41,"turns":13},{"damage":18,"enemies":"3 Darklings","floor":42,"turns":9},{"damage":0,"enemies":"Giant Head","floor":45,"turns":11},{"damage":0,"enemies":"4 Shapes","floor":46,"turns":6},{"damage":0,"enemies":"Maw","floor":48,"turns":7},{"damage":40,"enemies":"Awakened One","floor":50,"turns":16}],"seed_played":"9098458306639783737","potions_obtained":[{"floor":2.0,"key":"Weak Potion"},{"floor":4.0,"key":"SmokeBomb"},{"floor":13.0,"key":"GamblersBrew"},{"floor":16.0,"key":"Ancient Potion"},{"floor":18.0,"key":"GamblersBrew"},{"floor":28,"key":"Energy Potion"},{"floor":35,"key":"SpeedPotion"},{"floor":42,"key":"Dexterity Potion"}],"is_trial":false,"path_per_floor":["M","M","?","M","$","R","E","$","T","E","$","R","M","$","R","B",null,"M","M","$","M","$","R","E","R","T","R","M","R","?","?","R","B",null,"M","M","M","$","?","R","E","M","T","$","E","M","R","M","R","B",null],"character_chosen":"DEFECT","items_purchased":["Streamline","Defragment","Capacitor","Cold Snap","Anchor","Cold Snap","Capacitor","Secret Technique+1"],"campfire_rested":3,"item_purchase_floors":[5,8,11,11,20,22,44,44],"current_hp_per_floor":[74,73,73,68,68,68,48,48,48,49,49,49,51,51,51,32,82,63,55,55,35,35,35,15,39,39,39,13,37,37,37,61,62,82,79,84,85,85,85,85,86,80,80,80,90,90,90,90,90,60],"gold":148,"neow_bonus":"RANDOM_COMMON_RELIC","is_prod":false,"is_daily":false,"chose_seed":false,"campfire_upgraded":8,"win_rate":0,"timestamp":1552207279,"path_taken":["M","M","?","M","$","R","E","?","T","E","?","R","M","$","R","BOSS","M","M","$","M","$","R","E","R","T","R","M","R","?","?","R","BOSS","M","M","?","$","?","R","E","M","T","$","E","M","R","M","R","BOSS"],"build_version":"2019-01-23","purchased_purges":0,"victory":true,"max_hp_per_floor":[75,75,75,75,75,75,82,82,82,82,82,82,82,82,82,82,82,82,82,82,82,82,82,82,82,82,82,82,82,82,82,82,82,82,82,84,86,86,86,86,86,88,88,88,90,90,90,90,90,90],"card_choices":[{"not_picked":["Cold Snap","Steam"],"picked":"Self Repair","floor":1.0},{"not_picked":["Storm","Steam"],"picked":"Hologram","floor":2.0},{"not_picked":["Barrage","Hologram"],"picked":"Ball Lightning","floor":4.0},{"not_picked":["Beam Cell","Melter"],"picked":"Barrage","floor":7.0},{"not_picked":["Compile Driver","Recycle","Redo"],"picked":"SKIP","floor":10.0},{"not_picked":["Sweeping Beam","Gash","Streamline"],"picked":"SKIP","floor":13.0},{"not_picked":["Sweeping Beam","Gash","Streamline"],"picked":"SKIP","floor":13.0},{"not_picked":["Multi-Cast","All For One"],"picked":"Amplify","floor":16.0},{"not_picked":["Storm","Go for the Eyes","Rip and Tear"],"picked":"SKIP","floor":18.0},{"not_picked":["Redo","Gash"],"picked":"Genetic Algorithm","floor":19},{"not_picked":["Rebound","Scrape+1","Stack"],"picked":"SKIP","floor":21},{"not_picked":["Barrage","Self Repair"],"picked":"Core Surge","floor":24},{"not_picked":["Ball Lightning+1","Gash"],"picked":"Glacier","floor":28},{"not_picked":["All For One","Hyperbeam"],"picked":"Seek","floor":33},{"not_picked":["Double Energy+1","FTL"],"picked":"Coolheaded+1","floor":35},{"not_picked":["Gash+1","Melter","Turbo+1"],"picked":"Singing Bowl","floor":36},{"not_picked":["Blizzard+1","Auto Shields","Melter"],"picked":"Singing Bowl","floor":37},{"not_picked":["Chill","Reinforced Body"],"picked":"Static Discharge+1","floor":41},{"not_picked":["Static Discharge","Coolheaded","Aggregate"],"picked":"Singing Bowl","floor":42},{"not_picked":["Steam+1","Core Surge","Heatsinks+1"],"picked":"Singing Bowl","floor":45},{"not_picked":["Streamline+1","White Noise+1"],"picked":"Barrage","floor":46},{"not_picked":["Coolheaded+1","Conserve Battery+1"],"picked":"Skim+1","floor":48}],"player_experience":807038,"relics_obtained":[{"floor":7.0,"key":"Strawberry"},{"floor":10.0,"key":"Dead Branch"},{"floor":24,"key":"Singing Bowl"},{"floor":26,"key":"Bottled Tornado"},{"floor":41,"key":"Thread and Needle"},{"floor":43,"key":"Toxic Egg 2"},{"floor":45,"key":"Pocketwatch"}],"event_choices":[{"cards_removed":["Strike_B"],"damage_healed":0.0,"max_hp_gain":0.0,"max_hp_loss":0.0,"gold_gain":0.0,"event_name":"Purifier","player_choice":"Purged","floor":3.0,"gold_loss":0.0,"damage_taken":0.0},{"damage_healed":0,"gold_gain":0,"player_choice":"Simplicity","damage_taken":0,"max_hp_gain":0,"max_hp_loss":0,"event_name":"Back to Basics","floor":30,"gold_loss":0,"cards_upgraded":["Strike_B","Strike_B","Strike_B","Defend_B","Defend_B","Defend_B","Defend_B"]},{"damage_healed":0,"gold_gain":100,"player_choice":"Pray","damage_taken":0,"max_hp_gain":0,"max_hp_loss":0,"event_name":"Golden Shrine","floor":31,"gold_loss":0},{"damage_healed":0,"gold_gain":0,"player_choice":"Upgraded","damage_taken":0,"max_hp_gain":0,"max_hp_loss":0,"event_name":"Upgrade Shrine","floor":39,"gold_loss":0,"cards_upgraded":["Seek"]}],"is_beta":false,"boss_relics":[{"not_picked":["Lizard Tail","Black Star"],"picked":"Philosopher\u0027s Stone"},{"not_picked":["Eternal Feather","Runic Dome"],"picked":"FrozenCore"}],"items_purged_floors":[],"is_endless":false,"potions_floor_spawned":[2,4,13,16,18,28,35,42,46,48],"ascension_level":2}