{"gold_per_floor":[119,119,63,81,31,62,62,92,92,92,109,109,109,121,121,121],"floor_reached":16,"playtime":576,"items_purged":[],"score":259,"play_id":"b4d86ccb-7e3c-490a-b078-852fcf0285ba","local_time":"20190205132802","is_ascension_mode":true,"campfire_choices":[{"data":"Armaments","floor":7,"key":"SMITH"},{"data":"Flame Barrier","floor":10,"key":"SMITH"},{"data":"Shrug It Off","floor":12,"key":"SMITH"},{"data":"Flame Barrier","floor":15,"key":"SMITH"}],"neow_cost":"NONE","seed_source_timestamp":1475232267952099,"circlet_count":0,"master_deck":["AscendersBane","Strike_R","Strike_R","Strike_R","Strike_R","Strike_R","Defend_R","Defend_R","Defend_R","Bash","Shrug It Off+1","Armaments+1","Shrug It Off","Iron Wave+1","Flame Barrier+1","Flame Barrier+1"],"relics":["Burning Blood","NeowsBlessing","Champion Belt","Kunai","Pear"],"potions_floor_usage":[16],"damage_taken":[{"damage":0,"enemies":"Cultist","floor":1,"turns":1},{"damage":0,"enemies":"2 Louse","floor":4,"turns":1},{"damage":0,"enemies":"Gremlin Nob","floor":6,"turns":1},{"damage":52,"enemies":"Lagavulin","floor":8,"turns":13},{"damage":0,"enemies":"Jaw Worm","floor":11,"turns":5},{"damage":9,"enemies":"2 Fungi Beasts","floor":14,"turns":4},{"damage":57,"enemies":"Hexaghost","floor":16,"turns":14}],"seed_played":"4870801725433476521","potions_obtained":[{"floor":1,"key":"SpeedPotion"},{"floor":8,"key":"Block Potion"},{"floor":11,"key":"Energy Potion"},{"floor":14,"key":"Regen Potion"}],"is_trial":false,"path_per_floor":["M","?","$","M","$","E","R","E","T","R","M","R","?","M","R","B"],"character_chosen":"IRONCLAD","items_purchased":["Armaments","Iron Wave"],"campfire_rested":0,"item_purchase_floors":[3,5],"current_hp_per_floor":[74,74,74,75,75,75,75,29,39,39,45,45,45,42,42,0],"gold":121,"neow_bonus":"THREE_ENEMY_KILL","is_prod":false,"is_daily":false,"chose_seed":false,"campfire_upgraded":4,"win_rate":0,"timestamp":1549369682,"path_taken":["M","?","$","?","$","E","R","E","T","R","M","R","?","?","R","BOSS"],"build_version":"2019-01-23","purchased_purges":0,"victory":false,"max_hp_per_floor":[75,75,75,75,75,75,75,75,85,85,85,85,85,85,85,85],"card_choices":[{"not_picked":["Feel No Pain","Spot Weakness"],"picked":"Shrug It Off","floor":1},{"not_picked":["Sentinel","Clothesline"],"picked":"Shrug It Off","floor":4},{"not_picked":["Bludgeon","Iron Wave"],"picked":"Flame Barrier","floor":6},{"not_picked":["Intimidate","Dual Wield"],"picked":"Flame Barrier","floor":8},{"not_picked":["Heavy Blade","Inflame","Perfected Strike"],"picked":"SKIP","floor":11},{"not_picked":["Iron Wave","Pommel Strike","Clash"],"picked":"SKIP","floor":14}],"player_experience":707266,"relics_obtained":[{"floor":6,"key":"Champion Belt"},{"floor":8,"key":"Kunai"},{"floor":9,"key":"Pear"}],"event_choices":[{"cards_removed":["Defend_R"],"damage_healed":0,"gold_gain":0,"player_choice":"Purged","damage_taken":0,"max_hp_gain":0,"max_hp_loss":0,"event_name":"Purifier","floor":2,"gold_loss":0},{"damage_healed":0,"gold_gain":0,"player_choice":"Upgraded","damage_taken":0,"max_hp_gain":0,"max_hp_loss":0,"event_name":"Upgrade Shrine","floor":13,"gold_loss":0,"cards_upgraded":["Iron Wave"]}],"is_beta":true,"boss_relics":[],"items_purged_floors":[],"is_endless":false,"potions_floor_spawned":[1,8,11,14],"killed_by":"Hexaghost","ascension_level":19}