{"gold_per_floor":[112,112,70,90,15,15,40,40,63,89,89,116,135,151,151,226,226,244,125,175,187,200,200,200,100,100,100],"floor_reached":27,"playtime":950,"items_purged":["Strike_R","Pain"],"score":495,"play_id":"1038309a-903c-4083-bd84-b2dbf7e3cd0b","local_time":"20190206003232","is_ascension_mode":true,"campfire_choices":[{"data":"Inflame","floor":6,"key":"SMITH"},{"data":"Sword Boomerang","floor":8,"key":"SMITH"},{"data":"Shrug It Off","floor":15,"key":"SMITH"},{"data":"Double Tap","floor":23,"key":"SMITH"}],"neow_cost":"NONE","seed_source_timestamp":1514725880768051,"circlet_count":0,"master_deck":["AscendersBane","Strike_R","Strike_R","Defend_R","Defend_R","Defend_R","Defend_R","Bash","Thunderclap+1","Inflame+1","Battle Trance","Sword Boomerang+1","Headbutt+1","Shrug It Off+1","Pummel+1","Double Tap+1","Heavy Blade+1","Shockwave","Normality"],"relics":["Burning Blood","NeowsBlessing","Mango","Dream Catcher","Molten Egg 2","WingedGreaves","Cursed Key","Blood Vial","Ancient Tea Set"],"potions_floor_usage":[12],"damage_taken":[{"damage":0,"enemies":"2 Louse","floor":1,"turns":1},{"damage":0,"enemies":"Jaw Worm","floor":4,"turns":1},{"damage":0,"enemies":"3 Sentries","floor":7,"turns":2},{"damage":20,"enemies":"Lagavulin","floor":10,"turns":4},{"damage":8,"enemies":"Gremlin Nob","floor":12,"turns":3},{"damage":0,"enemies":"Cultist","floor":13,"turns":3},{"damage":9,"enemies":"Large Slime","floor":14,"turns":4},{"damage":35,"enemies":"The Guardian","floor":16,"turns":8},{"damage":12,"enemies":"Chosen","floor":18,"turns":3},{"damage":25,"enemies":"3 Byrds","floor":21,"turns":4},{"damage":22,"enemies":"Sentry and Sphere","floor":22,"turns":4},{"damage":35,"enemies":"Snake Plant","floor":27,"turns":2}],"seed_played":"3835920092455279470","potions_obtained":[{"floor":7,"key":"FearPotion"},{"floor":12,"key":"FearPotion"},{"floor":14,"key":"Ancient Potion"}],"is_trial":false,"path_per_floor":["M","?","$","M","?","R","E","R","T","E","?","E","M","M","R","B",null,"M","$","?","M","M","R","T","$","T","M"],"character_chosen":"IRONCLAD","items_purchased":["Inflame","Shockwave"],"campfire_rested":0,"item_purchase_floors":[3,19],"current_hp_per_floor":[74,74,74,75,75,75,89,89,89,75,75,73,79,76,76,47,79,73,73,65,46,30,30,30,30,30,0],"gold":100,"neow_bonus":"THREE_ENEMY_KILL","is_prod":false,"is_daily":false,"chose_seed":false,"campfire_upgraded":4,"win_rate":0,"timestamp":1549409552,"path_taken":["M","?","$","M","?","R","E","R","T","E","?","E","M","?","R","BOSS","M","$","?","?","M","R","?","$","T","M"],"build_version":"2019-01-23","purchased_purges":2,"victory":false,"max_hp_per_floor":[75,75,75,75,75,75,89,89,89,89,89,89,89,89,89,89,89,89,89,89,89,89,89,89,89,89,89],"card_choices":[{"not_picked":["Cleave","Disarm"],"picked":"Thunderclap","floor":1},{"not_picked":["Entrench","Combust"],"picked":"Battle Trance","floor":4},{"not_picked":["Body Slam","Thunderclap"],"picked":"Sword Boomerang","floor":7},{"not_picked":["Immolate","Reckless Charge","Metallicize"],"picked":"SKIP","floor":10},{"not_picked":["Flex","Disarm"],"picked":"Headbutt+1","floor":12},{"not_picked":["Armaments","Perfected Strike+1"],"picked":"Shrug It Off","floor":13},{"not_picked":["Armaments","Warcry"],"picked":"Pummel+1","floor":14},{"not_picked":["Dark Embrace","Brutality"],"picked":"Double Tap","floor":16},{"not_picked":["Seeing Red","Sword Boomerang+1"],"picked":"Heavy Blade+1","floor":18},{"not_picked":["Clash+1","Feel No Pain+1","Rupture"],"picked":"SKIP","floor":21},{"not_picked":["Flex","Power Through","Burning Pact"],"picked":"SKIP","floor":22}],"player_experience":729678,"relics_obtained":[{"floor":7,"key":"Mango"},{"floor":9,"key":"Dream Catcher"},{"floor":10,"key":"Molten Egg 2"},{"floor":12,"key":"WingedGreaves"},{"floor":24,"key":"Blood Vial"},{"floor":26,"key":"Ancient Tea Set"}],"event_choices":[{"cards_removed":["Strike_R"],"damage_healed":0,"gold_gain":0,"player_choice":"Forget","damage_taken":0,"max_hp_gain":0,"max_hp_loss":0,"event_name":"Living Wall","floor":2,"gold_loss":0},{"cards_removed":["Strike_R"],"damage_healed":0,"gold_gain":0,"player_choice":"Card Removal","damage_taken":0,"max_hp_gain":0,"max_hp_loss":0,"event_name":"The Cleric","floor":5,"gold_loss":75},{"damage_healed":0,"gold_gain":0,"player_choice":"Upgraded","damage_taken":0,"max_hp_gain":0,"max_hp_loss":0,"event_name":"Upgrade Shrine","floor":11,"gold_loss":0,"cards_upgraded":["Thunderclap"]},{"damage_healed":0,"gold_gain":50,"player_choice":"Touch","damage_taken":8,"max_hp_gain":0,"max_hp_loss":0,"event_name":"FaceTrader","floor":20,"gold_loss":0}],"is_beta":true,"boss_relics":[{"not_picked":["Snecko Eye","Black Star"],"picked":"Cursed Key"}],"items_purged_floors":[19,25],"is_endless":false,"potions_floor_spawned":[7,12,14,16,21,22],"killed_by":"Snake Plant","ascension_level":19}