{"gold_per_floor":[211,159,63,79,79,79,92,92,92,126,126,126,145,180,180,303,303,316,416,436,459,303,303,326,30,30,49,49,64,104,104,104,223,223,236,569,569,582,602,602,613,613,613,626,626,15,15,115,115,115],"floor_reached":51,"playtime":7407,"items_purged":["Decay","Strike_B"],"score":760,"play_id":"fdf51cb7-bd8b-476e-9127-d598a59f16a2","local_time":"20190308230010","is_ascension_mode":true,"campfire_choices":[{"data":"Zap","floor":6.0,"key":"SMITH"},{"data":"Fission","floor":11.0,"key":"SMITH"},{"data":"Coolheaded","floor":15.0,"key":"SMITH"},{"data":"Seek","floor":23,"key":"SMITH"},{"data":"Genetic Algorithm","floor":28,"key":"SMITH"},{"data":"Steam","floor":32,"key":"SMITH"},{"data":"Dualcast","floor":40,"key":"SMITH"},{"data":"BootSequence","floor":42,"key":"SMITH"},{"data":"Seek","floor":49,"key":"SMITH"}],"neow_cost":"NONE","seed_source_timestamp":465532176229655,"circlet_count":0,"master_deck":["Strike_B","Strike_B+1","Defend_B","Defend_B","Defend_B","Defend_B","Zap+1","Dualcast+1","Streamline","Coolheaded+1","Cold Snap","Steam+1","Fission+1","Machine Learning+1","Seek+1","Cold Snap","Defragment+1","Buffer+1","Genetic Algorithm+1","Buffer+1","BootSequence+1","Creative AI+1","Glacier+1","Hologram+1","Darkness+1","Defragment+1","Capacitor+1","Defragment+1","Seek+1","Storm+1","Mayhem+1","Heatsinks+1","Biased Cognition+1"],"special_seed":0,"relics":["Cracked Core","Frozen Egg 2","Ice Cream","FossilizedHelix","Strawberry","Whetstone","Philosopher\u0027s Stone","Pen Nib","Centennial Puzzle","Orrery","The Courier","Unceasing Top"],"potions_floor_usage":[21,21,33,50,50,50],"damage_taken":[{"damage":6.0,"enemies":"Cultist","floor":1.0,"turns":3.0},{"damage":2.0,"enemies":"Jaw Worm","floor":4.0,"turns":3.0},{"damage":0.0,"enemies":"2 Louse","floor":7.0,"turns":2.0},{"damage":0.0,"enemies":"Lagavulin","floor":10.0,"turns":8.0},{"damage":0.0,"enemies":"Looter","floor":13.0,"turns":3.0},{"damage":4.0,"enemies":"Gremlin Nob","floor":14.0,"turns":4.0},{"damage":25.0,"enemies":"Hexaghost","floor":16.0,"turns":12.0},{"damage":9,"enemies":"2 Thieves","floor":18,"turns":4},{"damage":4,"enemies":"Shell Parasite","floor":20,"turns":4},{"damage":0,"enemies":"Snake Plant","floor":21,"turns":2},{"damage":0,"enemies":"Centurion and Healer","floor":24,"turns":7},{"damage":0,"enemies":"Cultist and Chosen","floor":27,"turns":6},{"damage":0,"enemies":"Sentry and Sphere","floor":29,"turns":6},{"damage":27,"enemies":"Slavers","floor":30,"turns":7},{"damage":13,"enemies":"Collector","floor":33,"turns":15},{"damage":0,"enemies":"3 Darklings","floor":35,"turns":8},{"damage":0,"enemies":"3 Shapes","floor":38,"turns":4},{"damage":0,"enemies":"Sphere and 2 Shapes","floor":39,"turns":10},{"damage":0,"enemies":"Jaw Worm Horde","floor":41,"turns":5},{"damage":0,"enemies":"3 Darklings","floor":44,"turns":8},{"damage":0,"enemies":"Mind Bloom Boss Battle","floor":48,"turns":5},{"damage":0,"enemies":"Donu and Deca","floor":50,"turns":6}],"seed_played":"-6104586597738954148","potions_obtained":[{"floor":4.0,"key":"AttackPotion"},{"floor":10.0,"key":"SteroidPotion"},{"floor":20,"key":"Fire Potion"},{"floor":24,"key":"SpeedPotion"},{"floor":33,"key":"Explosive Potion"},{"floor":35,"key":"Strength Potion"}],"is_trial":false,"path_per_floor":["M","?","$","M","?","R","M","?","T","E","R","?","M","E","R","B",null,"M","?","M","M","$","R","M","$","T","M","R","M","E","$","R","B",null,"M","?","?","M","M","R","M","R","T","M","?","$","?","?","R","B",null],"character_chosen":"DEFECT","items_purchased":["Coolheaded","Cold Snap","Defragment+1","Buffer+1","Genetic Algorithm","Capacitor+1","Defragment+1","Seek","Storm+1","Mayhem+1","Heatsinks+1","PowerPotion","Dexterity Potion"],"campfire_rested":0,"item_purchase_floors":[3,3,22,25,25,46,46,46,46,46,46,46,46],"current_hp_per_floor":[69,69,69,67,55,55,55,37,37,44,44,44,44,40,40,15,82,73,73,69,69,69,69,69,69,69,69,69,69,42,42,42,29,82,82,82,78,78,78,78,78,78,78,78,78,78,78,78,78,78],"gold":115,"neow_bonus":"HUNDRED_GOLD","is_prod":false,"is_daily":false,"chose_seed":false,"campfire_upgraded":9,"win_rate":0,"timestamp":1552046410,"path_taken":["M","?","$","?","?","R","M","?","T","E","R","?","?","E","R","BOSS","M","?","?","M","$","R","M","$","T","M","R","M","E","?","R","BOSS","M","?","?","M","M","R","M","R","T","M","?","$","?","?","R","BOSS"],"build_version":"2019-01-23","purchased_purges":2,"victory":true,"max_hp_per_floor":[75,75,75,75,75,75,75,75,75,82,82,82,82,82,82,82,82,82,82,82,82,82,82,82,82,82,82,82,82,82,82,82,82,82,82,82,78,78,78,78,78,78,78,78,78,78,78,78,78,78],"card_choices":[{"not_picked":["Stack","Barrage"],"picked":"Streamline","floor":1.0},{"not_picked":["Go for the Eyes","Leap"],"picked":"Steam","floor":4.0},{"not_picked":["Turbo","Redo","Streamline"],"picked":"SKIP","floor":7.0},{"not_picked":["Ball Lightning","Glacier"],"picked":"Fission","floor":10.0},{"not_picked":["Ball Lightning","Rebound","Turbo"],"picked":"SKIP","floor":13.0},{"not_picked":["Double Energy","Leap"],"picked":"Machine Learning+1","floor":14.0},{"not_picked":["Multi-Cast","Reboot"],"picked":"Seek","floor":16.0},{"not_picked":["Cold Snap","Sunder","Redo"],"picked":"SKIP","floor":18},{"not_picked":["Recycle","Aggregate","Blizzard+1"],"picked":"SKIP","floor":20},{"not_picked":["Barrage","Rebound"],"picked":"Cold Snap","floor":21},{"not_picked":["Compile Driver+1","Undo","Redo"],"picked":"SKIP","floor":24},{"not_picked":["Barrage","Leap+1","Heatsinks+1"],"picked":"SKIP","floor":27},{"not_picked":["Compile Driver","Fusion","Double Energy"],"picked":"SKIP","floor":29},{"not_picked":["Force Field","Double Energy","Beam Cell"],"picked":"SKIP","floor":30},{"not_picked":["Thunder Strike","Reboot"],"picked":"Buffer+1","floor":33},{"not_picked":["Gash","Compile Driver"],"picked":"BootSequence","floor":34},{"not_picked":["Lockon","Compile Driver+1"],"picked":"Creative AI+1","floor":34},{"not_picked":["Tempest+1","Barrage"],"picked":"Glacier+1","floor":34},{"not_picked":["Doom and Gloom","Darkness+1"],"picked":"Hologram+1","floor":35},{"not_picked":["Compile Driver","Melter"],"picked":"Darkness+1","floor":38},{"not_picked":["Streamline","Rebound+1"],"picked":"Defragment+1","floor":39},{"not_picked":["Reprogram","Beam Cell","Steam+1"],"picked":"SKIP","floor":41},{"not_picked":["Glacier","Undo","Conserve Battery"],"picked":"SKIP","floor":44},{"not_picked":["Sweeping Beam+1","Gash+1"],"picked":"Biased Cognition+1","floor":48}],"player_experience":799631,"relics_obtained":[{"floor":9.0,"key":"FossilizedHelix"},{"floor":10.0,"key":"Strawberry"},{"floor":14.0,"key":"Whetstone"},{"floor":26,"key":"Pen Nib"},{"floor":30,"key":"Centennial Puzzle"},{"floor":43,"key":"The Courier"},{"floor":48,"key":"Unceasing Top"}],"event_choices":[{"damage_healed":0.0,"max_hp_gain":0.0,"max_hp_loss":0.0,"gold_gain":0.0,"event_name":"WeMeetAgain","player_choice":"Paid Gold","floor":2.0,"gold_loss":52.0,"damage_taken":0.0,"relics_obtained":["Frozen Egg 2"]},{"damage_healed":0.0,"max_hp_gain":0.0,"max_hp_loss":0.0,"gold_gain":0.0,"event_name":"Scrap Ooze","player_choice":"Success","floor":5.0,"gold_loss":0.0,"damage_taken":12.0,"relics_obtained":["Ice Cream"]},{"damage_healed":0.0,"max_hp_gain":0.0,"max_hp_loss":0.0,"gold_gain":0.0,"event_name":"Golden Idol","player_choice":"Take Damage","floor":8.0,"gold_loss":0.0,"damage_taken":18.0,"relics_obtained":["Golden Idol"]},{"damage_healed":0.0,"max_hp_gain":0.0,"max_hp_loss":0.0,"gold_gain":0.0,"event_name":"Wheel of Change","player_choice":"Cursed","floor":12.0,"gold_loss":0.0,"damage_taken":0.0,"cards_obtained":["Decay"]},{"damage_healed":0,"gold_gain":100,"player_choice":"Pray","damage_taken":0,"max_hp_gain":0,"max_hp_loss":0,"event_name":"Golden Shrine","floor":19,"gold_loss":0},{"damage_healed":0,"gold_gain":333,"player_choice":"Gave Idol","damage_taken":0,"max_hp_gain":0,"max_hp_loss":0,"event_name":"The Moai Head","floor":36,"relics_lost":["Golden Idol"],"gold_loss":0},{"damage_healed":0,"gold_gain":0,"player_choice":"Max HP","damage_taken":0,"max_hp_gain":0,"max_hp_loss":4,"event_name":"Winding Halls","floor":37,"gold_loss":0},{"damage_healed":0,"gold_gain":0,"player_choice":"Ignored","damage_taken":0,"max_hp_gain":0,"max_hp_loss":0,"event_name":"Tomb of Lord Red Mask","floor":45,"gold_loss":0},{"cards_removed":["Strike_B"],"damage_healed":0,"gold_gain":0,"player_choice":"Removed Attack","damage_taken":0,"max_hp_gain":0,"max_hp_loss":0,"event_name":"Falling","floor":47,"gold_loss":0},{"damage_healed":0,"gold_gain":0,"player_choice":"Fight","damage_taken":0,"max_hp_gain":0,"max_hp_loss":0,"event_name":"MindBloom","floor":48,"gold_loss":0}],"is_beta":false,"boss_relics":[{"not_picked":["Eternal Feather","Fusion Hammer"],"picked":"Philosopher\u0027s Stone"},{"not_picked":["Busted Crown","Velvet Choker"],"picked":"Orrery"}],"items_purged_floors":[22,25],"is_endless":false,"potions_floor_spawned":[4,10,20,24,33,35,41,44],"ascension_level":1}