{"gold_per_floor":[119,119,136,152,165,165,197,217,270,270,287,41,41,60,60,164,164,174,192,225,315,333],"floor_reached":22,"playtime":996,"items_purged":["Pain"],"score":240,"play_id":"a64b1234-20aa-4594-bcae-e8fa7b08ff8d","local_time":"20190207151418","is_ascension_mode":false,"campfire_choices":[{"floor":6,"key":"RECALL"},{"floor":13,"key":"REST"},{"data":"Flex","floor":15,"key":"SMITH"}],"neow_cost":"NONE","seed_source_timestamp":1201828388291329,"circlet_count":0,"master_deck":["Strike_R","Strike_R","Defend_R","Defend_R","Defend_R","Bash","Fiend Fire","Cleave","Pommel Strike","Cleave","Cleave","Shrug It Off","Perfected Strike","Anger","Flex+1","Twin Strike","Bludgeon","Shrug It Off+1","Body Slam+1","Reaper+1","Spot Weakness","Pommel Strike","Warcry","Anger+1"],"relics":["Burning Blood","Happy Flower","Smiling Mask","Tiny Chest","WarpedTongs","Lantern","Astrolabe","Red Mask"],"potions_floor_usage":[7,18,19],"damage_taken":[{"damage":6,"enemies":"Jaw Worm","floor":1,"turns":5},{"damage":0,"enemies":"2 Louse","floor":3,"turns":2},{"damage":0,"enemies":"Cultist","floor":4,"turns":2},{"damage":23,"enemies":"Large Slime","floor":5,"turns":5},{"damage":8,"enemies":"Gremlin Nob","floor":7,"turns":3},{"damage":5,"enemies":"Looter","floor":8,"turns":3},{"damage":16,"enemies":"Exordium Thugs","floor":11,"turns":3},{"damage":8,"enemies":"Red Slaver","floor":14,"turns":3},{"damage":0,"enemies":"Slime Boss","floor":16,"turns":6},{"damage":27,"enemies":"3 Byrds","floor":18,"turns":5},{"damage":0,"enemies":"Shell Parasite","floor":19,"turns":1},{"damage":34,"enemies":"Masked Bandits","floor":20,"turns":5},{"damage":15,"enemies":"Shelled Parasite and Fungi","floor":22,"turns":5}],"seed_played":"8698897846340287925","potions_obtained":[{"floor":3,"key":"Strength Potion"},{"floor":5,"key":"SteroidPotion"},{"floor":11,"key":"Fire Potion"},{"floor":14,"key":"AttackPotion"},{"floor":19,"key":"Energy Potion"},{"floor":22,"key":"BloodPotion"}],"is_trial":false,"path_per_floor":["M","?","M","M","M","R","E","M","T","?","M","$","R","M","R","B",null,"M","M","?","?","M"],"character_chosen":"IRONCLAD","items_purchased":["Flex","Lantern"],"campfire_rested":1,"item_purchase_floors":[12,12],"current_hp_per_floor":[80,68,74,80,63,63,61,62,62,62,52,52,76,74,74,80,80,59,65,47,31,22],"gold":333,"neow_bonus":"TRANSFORM_CARD","is_prod":false,"is_daily":false,"chose_seed":false,"campfire_upgraded":1,"win_rate":0,"timestamp":1549570458,"path_taken":["M","?","M","M","M","R","E","M","T","?","?","$","R","M","R","BOSS","M","M","?","?","M"],"build_version":"2019-01-23","purchased_purges":1,"victory":false,"max_hp_per_floor":[80,80,80,80,80,80,80,80,80,80,80,80,80,80,80,80,80,80,80,80,80,80],"card_choices":[{"not_picked":["True Grit","Clash"],"picked":"Cleave","floor":1},{"not_picked":["Burning Pact","Heavy Blade"],"picked":"Pommel Strike","floor":3},{"not_picked":["Combust","Carnage"],"picked":"Cleave","floor":4},{"not_picked":["Sever Soul","Clash"],"picked":"Cleave","floor":5},{"not_picked":["Blood for Blood","Uppercut"],"picked":"Shrug It Off","floor":7},{"not_picked":["Intimidate","Power Through"],"picked":"Perfected Strike","floor":8},{"not_picked":["Body Slam","Pummel"],"picked":"Anger","floor":11},{"not_picked":["Berserk","Infernal Blade"],"picked":"Twin Strike","floor":14},{"not_picked":["Dark Embrace","Juggernaut"],"picked":"Bludgeon","floor":16},{"not_picked":["Iron Wave","Pommel Strike"],"picked":"Spot Weakness","floor":18},{"not_picked":["Iron Wave","Body Slam"],"picked":"Pommel Strike","floor":19},{"not_picked":["Thunderclap","Sword Boomerang+1"],"picked":"Warcry","floor":20},{"not_picked":["Dual Wield","Battle Trance"],"picked":"Anger+1","floor":22}],"player_experience":66263,"relics_obtained":[{"floor":7,"key":"Smiling Mask"},{"floor":9,"key":"Tiny Chest"},{"floor":20,"key":"Red Mask"}],"event_choices":[{"damage_healed":0,"gold_gain":0,"player_choice":"Success","damage_taken":12,"relics_obtained":["Happy Flower"],"max_hp_gain":0,"max_hp_loss":0,"event_name":"Scrap Ooze","floor":2,"gold_loss":0},{"damage_healed":0,"gold_gain":0,"player_choice":"Rummage","damage_taken":0,"relics_obtained":["WarpedTongs"],"max_hp_gain":0,"max_hp_loss":0,"event_name":"Accursed Blacksmith","floor":10,"gold_loss":0,"cards_obtained":["Pain"]},{"damage_healed":0,"gold_gain":0,"player_choice":"Fought Bandits","damage_taken":0,"max_hp_gain":0,"max_hp_loss":0,"event_name":"Masked Bandits","floor":20,"gold_loss":0},{"damage_healed":0,"gold_gain":90,"player_choice":"GOLD ","damage_taken":16,"max_hp_gain":0,"max_hp_loss":0,"event_name":"Knowing Skull","floor":21,"potions_obtained":[],"gold_loss":0,"cards_obtained":[]}],"is_beta":false,"boss_relics":[{"not_picked":["Philosopher\u0027s Stone","White Beast Statue"],"picked":"Astrolabe"}],"items_purged_floors":[12],"is_endless":false,"potions_floor_spawned":[3,5,11,14,19,22],"killed_by":"Shelled Parasite and Fungi","ascension_level":0}