{"gold_per_floor":[118,19,34,5,5,31,31,31,77,77,92,102,102,116,116,187,187,198,198,198,34,49,49,62,77,102,102,115,139,139,152,152,225,225,236,236,0,100,100,100,114,147,147,147,147,157,157,177,177,177],"floor_reached":51,"playtime":1134,"items_purged":["Strike_R"],"score":1349,"play_id":"996078bd-3cf0-4a0d-9d7c-7f4fb315e340","local_time":"20190312001837","is_ascension_mode":true,"campfire_choices":[{"data":"Armaments","floor":8.0,"key":"SMITH"},{"data":"Perfected Strike","floor":10.0,"key":"SMITH"},{"data":"Bash","floor":13.0,"key":"SMITH"},{"data":"Perfected Strike","floor":15.0,"key":"SMITH"},{"floor":23.0,"key":"REST"},{"floor":27.0,"key":"REST"},{"floor":32.0,"key":"REST"},{"floor":40.0,"key":"REST"},{"floor":44.0,"key":"REST"},{"floor":47.0,"key":"REST"},{"floor":49.0,"key":"REST"}],"neow_cost":"NONE","seed_source_timestamp":366876386038000,"circlet_count":0,"master_deck":["AscendersBane","Strike_R","Strike_R","Strike_R","Strike_R","Defend_R","Defend_R","Defend_R","Defend_R","Bash+1","Dropkick","Twin Strike","Armaments+1","Perfected Strike+1","Pain","Twin Strike","Pummel","Perfected Strike","Perfected Strike+1","Offering","Rupture+1","Necronomicurse","Madness","Thunderclap","Headbutt+1","Metallicize","Infernal Blade","Immolate","Perfected Strike+1","Flame Barrier"],"special_seed":0,"relics":["Burning Blood","NeowsBlessing","WarpedTongs","Gremlin Horn","Orichalcum","Fusion Hammer","Necronomicon","Regal Pillow","Bag of Marbles","Centennial Puzzle","Sozu","Red Mask","StoneCalendar","Strawberry","Bottled Tornado"],"potions_floor_usage":[50],"damage_taken":[{"damage":0.0,"enemies":"Cultist","floor":1.0,"turns":1.0},{"damage":0.0,"enemies":"2 Louse","floor":3.0,"turns":1.0},{"damage":0.0,"enemies":"3 Sentries","floor":6.0,"turns":1.0},{"damage":7.0,"enemies":"Jaw Worm","floor":11.0,"turns":2.0},{"damage":3.0,"enemies":"Lots of Slimes","floor":12.0,"turns":3.0},{"damage":9.0,"enemies":"Exordium Thugs","floor":14.0,"turns":3.0},{"damage":40.0,"enemies":"Hexaghost","floor":16.0,"turns":6.0},{"damage":6.0,"enemies":"Chosen","floor":18.0,"turns":2.0},{"damage":6.0,"enemies":"Spheric Guardian","floor":22.0,"turns":2.0},{"damage":21.0,"enemies":"Snake Plant","floor":24.0,"turns":2.0},{"damage":11.0,"enemies":"Centurion and Healer","floor":25.0,"turns":3.0},{"damage":9.0,"enemies":"Chosen and Byrds","floor":28.0,"turns":3.0},{"damage":0.0,"enemies":"Snecko","floor":31.0,"turns":2.0},{"damage":49.0,"enemies":"Champ","floor":33.0,"turns":6.0},{"damage":14.0,"enemies":"3 Shapes","floor":35.0,"turns":1.0},{"damage":6.0,"enemies":"Mind Bloom Boss Battle","floor":38.0,"turns":2.0},{"damage":15.0,"enemies":"3 Darklings","floor":41.0,"turns":3.0},{"damage":12.0,"enemies":"Reptomancer","floor":42.0,"turns":2.0},{"damage":15.0,"enemies":"Jaw Worm Horde","floor":46.0,"turns":2.0},{"damage":9.0,"enemies":"4 Shapes","floor":48.0,"turns":2.0},{"damage":86,"enemies":"Time Eater","floor":50,"turns":7}],"seed_played":"-7075612810582058945","potions_obtained":[{"floor":1.0,"key":"SkillPotion"},{"floor":12.0,"key":"LiquidBronze"},{"floor":16.0,"key":"Ancient Potion"},{"floor":22.0,"key":"Fire Potion"},{"floor":28.0,"key":"AttackPotion"},{"floor":33.0,"key":"Weak Potion"}],"is_trial":false,"path_per_floor":["M","$","M","$","?","E","$","R","T","R","M","M","R","M","R","B",null,"M","?","?","$","M","R","M","M","T","R","M","T","?","M","R","B",null,"M","?","?","?","?","R","M","E","T","R","$","M","R","M","R","B",null],"character_chosen":"IRONCLAD","items_purchased":["Twin Strike","Perfected Strike","Regal Pillow"],"campfire_rested":7,"item_purchase_floors":[2,4,21],"current_hp_per_floor":[74,74,75,75,75,75,75,75,75,75,74,75,75,72,72,38,66,66,45,31,31,31,68,53,48,48,75,72,72,51,57,80,37,69,61,61,61,61,61,80,71,72,72,87,87,78,87,84,87,7],"gold":177,"neow_bonus":"THREE_ENEMY_KILL","is_prod":false,"is_daily":false,"chose_seed":false,"campfire_upgraded":4,"win_rate":0,"timestamp":1552364317,"path_taken":["M","$","?","$","?","E","?","R","T","R","M","M","R","M","R","BOSS","M","?","?","$","M","R","M","?","T","R","M","?","?","M","R","BOSS","M","?","?","?","?","R","?","E","T","R","?","?","R","M","R","BOSS"],"build_version":"2019-02-06","purchased_purges":1,"victory":true,"max_hp_per_floor":[75,75,75,75,75,75,75,75,75,75,75,75,75,75,75,75,75,75,75,75,75,75,75,75,75,75,75,75,75,80,80,80,80,80,80,80,80,80,80,80,80,87,87,87,87,87,87,87,87,87],"card_choices":[{"not_picked":["Seeing Red","Pommel Strike"],"picked":"Dropkick","floor":1.0},{"not_picked":["True Grit","Evolve"],"picked":"Armaments","floor":3.0},{"not_picked":["Power Through","Exhume"],"picked":"Twin Strike","floor":6.0},{"not_picked":["Body Slam","Carnage"],"picked":"Pummel","floor":11.0},{"not_picked":["Rage","Cleave"],"picked":"Perfected Strike","floor":12.0},{"not_picked":["Headbutt","Flex"],"picked":"Perfected Strike","floor":14.0},{"not_picked":["Dark Embrace","Bludgeon"],"picked":"Offering","floor":16.0},{"not_picked":["Evolve","Shrug It Off"],"picked":"Rupture+1","floor":18.0},{"not_picked":["Clash","Sentinel+1"],"picked":"Thunderclap","floor":22.0},{"not_picked":["Entrench","Evolve"],"picked":"Headbutt+1","floor":24.0},{"not_picked":["Flex+1","Wild Strike"],"picked":"Metallicize","floor":25.0},{"not_picked":["Searing Blow","Body Slam"],"picked":"Infernal Blade","floor":28.0},{"not_picked":["Blood for Blood","Infernal Blade","Clash"],"picked":"SKIP","floor":31.0},{"not_picked":["Barricade","Dark Embrace"],"picked":"Immolate","floor":33.0},{"not_picked":["Evolve","Heavy Blade","Rupture"],"picked":"SKIP","floor":35.0},{"not_picked":["Inflame","Rupture","Cleave"],"picked":"SKIP","floor":41.0},{"not_picked":["Fiend Fire","Blood for Blood","Battle Trance"],"picked":"SKIP","floor":42.0},{"not_picked":["Clash","Seeing Red+1"],"picked":"Flame Barrier","floor":46.0},{"not_picked":["Cleave+1","Havoc+1","True Grit"],"picked":"SKIP","floor":48.0}],"player_experience":640956,"relics_obtained":[{"floor":6.0,"key":"Gremlin Horn"},{"floor":9.0,"key":"Orichalcum"},{"floor":19.0,"key":"Necronomicon"},{"floor":26.0,"key":"Bag of Marbles"},{"floor":29.0,"key":"Centennial Puzzle"},{"floor":38.0,"key":"StoneCalendar"},{"floor":42.0,"key":"Strawberry"},{"floor":43.0,"key":"Bottled Tornado"}],"event_choices":[{"damage_healed":0.0,"max_hp_gain":0.0,"max_hp_loss":0.0,"gold_gain":0.0,"event_name":"Accursed Blacksmith","player_choice":"Rummage","floor":5.0,"gold_loss":0.0,"damage_taken":0.0,"relics_obtained":["WarpedTongs"],"cards_obtained":["Pain"]},{"damage_healed":0.0,"max_hp_gain":0.0,"max_hp_loss":0.0,"gold_gain":0.0,"event_name":"Cursed Tome","player_choice":"Obtained Book","floor":19.0,"gold_loss":0.0,"damage_taken":21.0},{"damage_healed":0.0,"max_hp_gain":0.0,"max_hp_loss":0.0,"gold_gain":0.0,"event_name":"Knowing Skull","player_choice":"CARD ","floor":20.0,"potions_obtained":[],"gold_loss":0.0,"damage_taken":14.0,"cards_obtained":["Madness"]},{"damage_healed":0.0,"max_hp_gain":5.0,"max_hp_loss":0.0,"gold_gain":0.0,"event_name":"Forgotten Altar","player_choice":"Shed Blood","floor":30.0,"gold_loss":0.0,"damage_taken":26.0},{"damage_healed":0.0,"max_hp_gain":0.0,"max_hp_loss":0.0,"gold_gain":0.0,"event_name":"Mysterious Sphere","player_choice":"Ignored","floor":36.0,"gold_loss":0.0,"damage_taken":0.0},{"damage_healed":0.0,"max_hp_gain":0.0,"max_hp_loss":0.0,"gold_gain":0.0,"event_name":"Tomb of Lord Red Mask","player_choice":"Paid","floor":37.0,"gold_loss":236.0,"damage_taken":0.0,"relics_obtained":["Red Mask"]},{"damage_healed":0.0,"max_hp_gain":0.0,"max_hp_loss":0.0,"gold_gain":0.0,"event_name":"MindBloom","player_choice":"Fight","floor":38.0,"gold_loss":0.0,"damage_taken":0.0},{"damage_healed":0.0,"max_hp_gain":0.0,"max_hp_loss":0.0,"gold_gain":0.0,"event_name":"Duplicator","player_choice":"Copied","floor":39.0,"gold_loss":0.0,"damage_taken":0.0,"cards_obtained":["Perfected Strike"]}],"is_beta":true,"boss_relics":[{"not_picked":["Runic Pyramid","Mark of Pain"],"picked":"Fusion Hammer"},{"not_picked":["Runic Dome","Coffee Dripper"],"picked":"Sozu"}],"items_purged_floors":[2],"is_endless":false,"potions_floor_spawned":[1,12,16,22,28,31,33,41,46,48],"ascension_level":17}