{"gold_per_floor":[114,129,129,144,144,182,182,250,250,288,8,46,46,97,97,222,222,241,241,260,279,122,160,179,198,198,236,236,274,274,74,74,199,199,218,343,362,381,381,419,7,45,95,95,114,133,171,190,190,190],"floor_reached":51,"playtime":2458,"items_purged":[],"score":1148,"play_id":"115518fa-3d08-4c71-b78e-64e381e8e85c","local_time":"20190208132559","daily_mods":["SealedDeck","Colorless Cards","Elite Swarm"],"is_ascension_mode":false,"campfire_choices":[{"data":"Apotheosis","floor":7,"key":"SMITH"},{"data":"Bullet Time","floor":13,"key":"SMITH"},{"data":"Corpse Explosion","floor":15,"key":"SMITH"},{"data":"Noxious Fumes","floor":28,"key":"SMITH"},{"data":"Glass Knife","floor":32,"key":"SMITH"},{"floor":44,"key":"REST"},{"data":"A Thousand Cuts","floor":49,"key":"SMITH"}],"neow_cost":"","seed_source_timestamp":0,"circlet_count":0,"master_deck":["Endless Agony","Quick Slash","Finesse","Finesse","Dagger Throw","Quick Slash","Dagger Throw","Dagger Spray","Deflect","Deflect","Bane","Flying Knee","Poisoned Stab","Injury","Apotheosis+1","Bullet Time+1","Corpse Explosion+1","Backstab","Master of Strategy","Deflect+1","Blur+1","A Thousand Cuts+1","Dodge and Roll","Quick Slash+1","Dagger Spray","Noxious Fumes+1","Glass Knife+1","Magnetism","Deflect","Dagger Spray+1","Slice+1","Purity","Doubt","Mayhem+1","Die Die Die","Storm of Steel","Panacea+1","Outmaneuver+1","Outmaneuver+1","Catalyst","Backflip","Leg Sweep","Quick Slash+1","Regret","Mayhem+1","Bandage Up","Backflip","HandOfGreed","Clumsy","Bandage Up+1","Blade Dance+1","Dagger Throw+1","Glass Knife","Dark Shackles"],"special_seed":17935,"relics":["Ring of the Snake","Strawberry","Golden Idol","Prayer Wheel","Tiny Chest","Happy Flower","Du-Vu Doll","OrangePellets","Tingsha","Cursed Key","Mercury Hourglass","Frozen Egg 2","Blood Vial","Lantern","Lee\u0027s Waffle","WristBlade","Gambling Chip","Darkstone Periapt","Incense Burner","FossilizedHelix","Torii","Bag of Preparation","Paper Crane"],"potions_floor_usage":[18,27,47,50],"damage_taken":[{"damage":0,"enemies":"Small Slimes","floor":1,"turns":1},{"damage":0,"enemies":"2 Louse","floor":2,"turns":2},{"damage":0,"enemies":"Cultist","floor":4,"turns":2},{"damage":20,"enemies":"Lagavulin","floor":6,"turns":4},{"damage":3,"enemies":"3 Sentries","floor":8,"turns":4},{"damage":0,"enemies":"Lagavulin","floor":10,"turns":3},{"damage":0,"enemies":"3 Sentries","floor":12,"turns":3},{"damage":4,"enemies":"Slime Boss","floor":16,"turns":4},{"damage":20,"enemies":"2 Thieves","floor":18,"turns":2},{"damage":0,"enemies":"Spheric Guardian","floor":20,"turns":2},{"damage":6,"enemies":"Chosen and Byrds","floor":21,"turns":3},{"damage":7,"enemies":"Slavers","floor":23,"turns":2},{"damage":10,"enemies":"Shelled Parasite and Fungi","floor":24,"turns":2},{"damage":4,"enemies":"Snake Plant","floor":25,"turns":3},{"damage":0,"enemies":"Gremlin Leader","floor":27,"turns":3},{"damage":0,"enemies":"Slavers","floor":29,"turns":1},{"damage":6,"enemies":"Automaton","floor":33,"turns":5},{"damage":0,"enemies":"Orb Walker","floor":35,"turns":2},{"damage":3,"enemies":"Mind Bloom Boss Battle","floor":36,"turns":5},{"damage":7,"enemies":"3 Shapes","floor":37,"turns":2},{"damage":12,"enemies":"3 Darklings","floor":38,"turns":2},{"damage":49,"enemies":"Giant Head","floor":40,"turns":6},{"damage":0,"enemies":"Nemesis","floor":42,"turns":4},{"damage":0,"enemies":"Writhing Mass","floor":45,"turns":3},{"damage":0,"enemies":"Spire Growth","floor":46,"turns":2},{"damage":0,"enemies":"Reptomancer","floor":47,"turns":4},{"damage":0,"enemies":"Maw","floor":48,"turns":6},{"damage":56,"enemies":"Donu and Deca","floor":50,"turns":6}],"seed_played":"-7219234753305552814","potions_obtained":[{"floor":1,"key":"Fire Potion"},{"floor":4,"key":"LiquidBronze"},{"floor":6,"key":"SkillPotion"},{"floor":16,"key":"PowerPotion"},{"floor":23,"key":"SpeedPotion"},{"floor":27,"key":"Energy Potion"},{"floor":29,"key":"SteroidPotion"},{"floor":47,"key":"PowerPotion"}],"is_trial":false,"path_per_floor":["M","M","?","M","?","E","R","E","T","E","$","E","R","?","R","B",null,"M","?","M","M","$","E","M","M","T","E","R","E","?","$","R","B",null,"M","?","M","M","T","E","$","E","T","R","M","M","E","M","R","B",null],"character_chosen":"THE_SILENT","items_purchased":["OrangePellets","Backstab","Noxious Fumes","Glass Knife","Lee\u0027s Waffle","Bandage Up","Backflip","FossilizedHelix"],"campfire_rested":1,"item_purchase_floors":[11,11,22,22,31,41,41,41],"current_hp_per_floor":[70,70,74,74,74,54,54,51,51,51,51,51,51,51,51,47,77,57,87,87,81,81,74,64,60,60,60,60,62,54,94,94,88,94,94,91,86,76,76,29,29,31,37,67,75,83,95,100,100,56],"gold":190,"neow_bonus":"","is_prod":false,"is_daily":true,"chose_seed":false,"campfire_upgraded":6,"win_rate":0,"timestamp":1549650359,"path_taken":["M","M","?","M","?","E","R","E","T","E","$","E","R","?","R","BOSS","M","?","M","M","$","E","?","M","T","E","R","E","?","?","R","BOSS","M","?","M","M","?","E","?","E","T","R","M","M","E","M","R","BOSS"],"build_version":"2019-01-23","purchased_purges":0,"victory":true,"max_hp_per_floor":[70,70,77,77,77,77,77,77,77,77,77,77,77,77,77,77,77,77,87,87,87,87,87,87,87,87,87,87,87,87,94,94,94,94,94,94,94,94,94,94,94,94,100,100,100,100,100,100,100,100],"card_choices":[{"not_picked":["Dodge and Roll","Prepared"],"picked":"Bane","floor":1},{"not_picked":["PiercingWail","Acrobatics"],"picked":"Flying Knee","floor":2},{"not_picked":["Dagger Spray","Blade Dance"],"picked":"Poisoned Stab","floor":4},{"not_picked":["Venomology","Grand Finale"],"picked":"Apotheosis","floor":6},{"not_picked":["Night Terror","Doppelganger"],"picked":"Bullet Time","floor":8},{"not_picked":["Magnetism","Burst"],"picked":"Corpse Explosion","floor":10},{"not_picked":["Doppelganger","Transmutation"],"picked":"Master of Strategy","floor":12},{"not_picked":["The Bomb","Thinking Ahead"],"picked":"Apotheosis","floor":16},{"not_picked":["Dagger Throw","Reflex"],"picked":"Deflect+1","floor":18},{"not_picked":["PiercingWail","Deadly Poison"],"picked":"Blur+1","floor":18},{"not_picked":["Deadly Poison","Dodge and Roll"],"picked":"A Thousand Cuts","floor":20},{"not_picked":["Expertise+1","Sucker Punch"],"picked":"Dodge and Roll","floor":20},{"not_picked":["Madness+1","Flying Knee"],"picked":"Quick Slash+1","floor":21},{"not_picked":["Quick Slash","Mind Blast"],"picked":"Dagger Spray","floor":21},{"not_picked":["Mayhem","Wraith Form v2"],"picked":"Magnetism","floor":23},{"not_picked":["Dodge and Roll","Endless Agony"],"picked":"Deflect","floor":24},{"not_picked":["Blade Dance","Acrobatics+1"],"picked":"Dagger Spray+1","floor":24},{"not_picked":["Eviscerate","PiercingWail+1"],"picked":"Slice+1","floor":25},{"not_picked":["Wraith Form v2","Dodge and Roll"],"picked":"Purity","floor":25},{"not_picked":["Secret Technique","Tools of the Trade+1"],"picked":"Mayhem+1","floor":27},{"not_picked":["Phantasmal Killer","Night Terror"],"picked":"Die Die Die","floor":29},{"not_picked":["Bullet Time","Secret Technique"],"picked":"Storm of Steel","floor":33},{"not_picked":["Acrobatics","Concentrate"],"picked":"Panacea+1","floor":35},{"not_picked":["Dagger Spray","Crippling Poison"],"picked":"Outmaneuver+1","floor":35},{"not_picked":["Acrobatics","Dagger Spray"],"picked":"Outmaneuver+1","floor":36},{"not_picked":["Sucker Punch+1","Blind"],"picked":"Catalyst","floor":37},{"not_picked":["Outmaneuver+1","Poisoned Stab+1"],"picked":"Backflip","floor":37},{"not_picked":["Flying Knee","Distraction"],"picked":"Leg Sweep","floor":38},{"not_picked":["Poisoned Stab","Blade Dance"],"picked":"Quick Slash+1","floor":38},{"not_picked":["HandOfGreed","Magnetism+1"],"picked":"Mayhem+1","floor":40},{"not_picked":["Wraith Form v2+1","Transmutation"],"picked":"HandOfGreed","floor":42},{"not_picked":["Acrobatics","Infinite Blades+1"],"picked":"Bandage Up+1","floor":45},{"not_picked":["PiercingWail","Poisoned Stab"],"picked":"Blade Dance+1","floor":45},{"not_picked":["Deadly Poison","Cloak And Dagger+1"],"picked":"Dagger Throw+1","floor":46},{"not_picked":["Deadly Poison","Sucker Punch","Blind"],"picked":"SKIP","floor":46},{"not_picked":["Chrysalis","Tools of the Trade+1"],"picked":"Glass Knife","floor":47},{"not_picked":["Underhanded Strike","Crippling Poison+1"],"picked":"Dark Shackles","floor":48},{"not_picked":["Dagger Spray","Tactician","Mind Blast"],"picked":"SKIP","floor":48}],"player_experience":74208,"relics_obtained":[{"floor":6,"key":"Prayer Wheel"},{"floor":8,"key":"Tiny Chest"},{"floor":9,"key":"Happy Flower"},{"floor":10,"key":"Du-Vu Doll"},{"floor":12,"key":"Tingsha"},{"floor":23,"key":"Mercury Hourglass"},{"floor":26,"key":"Frozen Egg 2"},{"floor":27,"key":"Blood Vial"},{"floor":29,"key":"Lantern"},{"floor":36,"key":"Gambling Chip"},{"floor":39,"key":"Darkstone Periapt"},{"floor":40,"key":"Incense Burner"},{"floor":42,"key":"Torii"},{"floor":43,"key":"Bag of Preparation"},{"floor":47,"key":"Paper Crane"}],"event_choices":[{"damage_healed":0,"gold_gain":0,"player_choice":"Success","damage_taken":3,"relics_obtained":["Strawberry"],"max_hp_gain":0,"max_hp_loss":0,"event_name":"Scrap Ooze","floor":3,"gold_loss":0},{"damage_healed":0,"gold_gain":0,"player_choice":"Take Wound","damage_taken":0,"relics_obtained":["Golden Idol"],"max_hp_gain":0,"max_hp_loss":0,"event_name":"Golden Idol","floor":5,"gold_loss":0,"cards_obtained":["Injury"]},{"damage_healed":0,"gold_gain":51,"player_choice":"Gained Gold","damage_taken":0,"max_hp_gain":0,"max_hp_loss":0,"event_name":"Golden Wing","floor":14,"gold_loss":0},{"cards_removed":["Apotheosis"],"damage_healed":20,"gold_gain":0,"player_choice":"Offered Rare","damage_taken":0,"max_hp_gain":10,"max_hp_loss":0,"event_name":"Bonfire Elementals","floor":19,"gold_loss":0},{"damage_healed":0,"gold_gain":0,"player_choice":"","damage_taken":8,"max_hp_gain":0,"max_hp_loss":0,"event_name":"Knowing Skull","floor":30,"potions_obtained":[],"gold_loss":0,"cards_obtained":[]},{"damage_healed":0,"gold_gain":0,"player_choice":"Fight","damage_taken":0,"max_hp_gain":0,"max_hp_loss":0,"event_name":"MindBloom","floor":36,"gold_loss":0}],"is_beta":false,"boss_relics":[{"not_picked":["Empty Cage","Sozu"],"picked":"Cursed Key"},{"not_picked":["Eternal Feather","Astrolabe"],"picked":"WristBlade"}],"items_purged_floors":[],"is_endless":false,"potions_floor_spawned":[1,4,6,16,23,27,29,35,36,45,47],"ascension_level":0}