{"gold_per_floor":[117,5,18,31,31,31,62,76,76,76,76,76,86,112,112,185,185,204,204,222,222,234,234,234],"floor_reached":24,"playtime":934,"items_purged":[],"score":427,"play_id":"a5d9aac7-342a-4f3b-a7da-3f1fff580dbe","local_time":"20190311104439","is_ascension_mode":true,"campfire_choices":[{"data":"Streamline","floor":6.0,"key":"SMITH"},{"data":"Zap","floor":10.0,"key":"SMITH"},{"data":"Beam Cell","floor":12.0,"key":"SMITH"},{"data":"Go for the Eyes","floor":15.0,"key":"SMITH"},{"data":"Hologram","floor":23,"key":"SMITH"}],"neow_cost":"TEN_PERCENT_HP_LOSS","seed_source_timestamp":1540337095754970,"circlet_count":0,"master_deck":["AscendersBane","Strike_B","Defend_B","Defend_B","Defend_B","Zap+1","Dualcast","Self Repair","Scrape","Beam Cell+1","Streamline+1","Glacier","Steam","Streamline","Capacitor","Go for the Eyes+1","Seek","Coolheaded","Conserve Battery","Hologram+1"],"special_seed":0,"relics":["Cracked Core","Pen Nib","Meat on the Bone","Letter Opener","Coffee Dripper"],"potions_floor_usage":[24],"damage_taken":[{"damage":2.0,"enemies":"Jaw Worm","floor":1.0,"turns":3.0},{"damage":7.0,"enemies":"2 Louse","floor":3.0,"turns":2.0},{"damage":19.0,"enemies":"Small Slimes","floor":4.0,"turns":3.0},{"damage":14.0,"enemies":"Lagavulin","floor":7.0,"turns":5.0},{"damage":3.0,"enemies":"2 Fungi Beasts","floor":8.0,"turns":2.0},{"damage":3.0,"enemies":"Exordium Wildlife","floor":13.0,"turns":4.0},{"damage":0.0,"enemies":"Gremlin Nob","floor":14.0,"turns":3.0},{"damage":19.0,"enemies":"The Guardian","floor":16.0,"turns":7.0},{"damage":24,"enemies":"Shell Parasite","floor":18,"turns":4},{"damage":6,"enemies":"2 Thieves","floor":20,"turns":3},{"damage":11,"enemies":"3 Cultists","floor":22,"turns":6},{"damage":46,"enemies":"Gremlin Leader","floor":24,"turns":5}],"seed_played":"-1878243172530654431","potions_obtained":[{"floor":1.0,"key":"EssenceOfSteel"},{"floor":7.0,"key":"SmokeBomb"},{"floor":13.0,"key":"Swift Potion"},{"floor":18,"key":"SteroidPotion"},{"floor":22,"key":"Swift Potion"}],"is_trial":false,"path_per_floor":["M","$","M","M","?","R","E","M","T","R","?","R","M","E","R","B",null,"M","?","M","?","M","R","E"],"character_chosen":"DEFECT","items_purchased":["Scrape","Beam Cell"],"campfire_rested":0,"item_purchase_floors":[2,2],"current_hp_per_floor":[62,62,62,50,50,50,43,40,40,40,33,33,42,42,42,42,59,42,42,36,36,44,44,0],"gold":234,"neow_bonus":"REMOVE_TWO","is_prod":false,"is_daily":false,"chose_seed":false,"campfire_upgraded":5,"win_rate":0,"timestamp":1552297479,"path_taken":["M","$","M","M","?","R","E","M","T","R","?","R","M","E","R","BOSS","M","?","M","?","M","R","E"],"build_version":"2019-02-06","purchased_purges":0,"victory":false,"max_hp_per_floor":[64,64,64,64,64,64,64,64,64,64,64,64,64,64,64,64,64,64,64,64,64,64,64,64],"card_choices":[{"not_picked":["Lockon","Sweeping Beam"],"picked":"Self Repair","floor":1.0},{"not_picked":["Redo","Reprogram"],"picked":"Streamline","floor":3.0},{"not_picked":["Conserve Battery","Aggregate"],"picked":"Glacier","floor":4.0},{"not_picked":["Streamline","Compile Driver"],"picked":"Steam","floor":7.0},{"not_picked":["Leap","Barrage"],"picked":"Streamline","floor":8.0},{"not_picked":["Reprogram","Thunder Strike"],"picked":"Capacitor","floor":13.0},{"not_picked":["BootSequence","Force Field"],"picked":"Go for the Eyes","floor":14.0},{"not_picked":["Hyperbeam","Meteor Strike"],"picked":"Seek","floor":16.0},{"not_picked":["Blizzard","Self Repair"],"picked":"Coolheaded","floor":18},{"not_picked":["Coolheaded","Streamline"],"picked":"Conserve Battery","floor":20},{"not_picked":["Streamline","Steam"],"picked":"Hologram","floor":22}],"player_experience":941148,"relics_obtained":[{"floor":7.0,"key":"Pen Nib"},{"floor":9.0,"key":"Meat on the Bone"},{"floor":14.0,"key":"Letter Opener"}],"event_choices":[{"cards_removed":["Strike_B"],"damage_healed":0.0,"max_hp_gain":0.0,"max_hp_loss":0.0,"gold_gain":0.0,"event_name":"Living Wall","player_choice":"Forget","floor":5.0,"gold_loss":0.0,"damage_taken":0.0},{"cards_removed":["Strike_B"],"damage_healed":0.0,"max_hp_gain":0.0,"max_hp_loss":0.0,"gold_gain":0.0,"event_name":"Golden Wing","player_choice":"Card Removal","floor":11.0,"gold_loss":0.0,"damage_taken":7.0},{"damage_healed":0,"gold_gain":0,"player_choice":"Ignored","damage_taken":0,"max_hp_gain":0,"max_hp_loss":0,"event_name":"Vampires","floor":19,"gold_loss":0},{"damage_healed":0,"gold_gain":0,"player_choice":"Ignored","damage_taken":0,"max_hp_gain":0,"max_hp_loss":0,"event_name":"The Mausoleum","floor":21,"gold_loss":0}],"is_beta":true,"boss_relics":[{"not_picked":["Nuclear Battery","Tiny House"],"picked":"Coffee Dripper"}],"items_purged_floors":[],"is_endless":false,"potions_floor_spawned":[1,7,13,18,20,22],"killed_by":"Gremlin Leader","ascension_level":17}