{"gold_per_floor":[111,111,61,76,76,76,76,89,113,113,126,126,141,153,153,255,305,316,334,334,344,358,51,51,51,78,78,78,1,1,14,14,118,118,138,138,138,154,168,168,168,185,235,235,16,16,16,16,16,16],"floor_reached":51,"playtime":1602,"items_purged":["Strike_B"],"score":685,"play_id":"1082e9cd-3694-4c31-bf44-04c01c2c58a3","local_time":"20190310215924","is_ascension_mode":false,"campfire_choices":[{"data":"Zap","floor":6.0,"key":"SMITH"},{"data":"Fission","floor":12.0,"key":"SMITH"},{"data":"Dualcast","floor":15.0,"key":"SMITH"},{"data":"Reinforced Body","floor":24,"key":"SMITH"},{"data":"Creative AI","floor":27,"key":"SMITH"},{"data":"Hello World","floor":28,"key":"SMITH"},{"floor":32,"key":"REST"},{"data":"Discovery","floor":40,"key":"SMITH"},{"data":"Beam Cell","floor":41,"key":"SMITH"},{"data":"Beam Cell","floor":44,"key":"SMITH"},{"data":"Hello World","floor":46,"key":"SMITH"},{"data":"Coolheaded","floor":49,"key":"SMITH"}],"neow_cost":"NONE","seed_source_timestamp":11856016808213,"circlet_count":0,"master_deck":["Strike_B+1","Defend_B+1","Defend_B+1","Defend_B+1","Zap+1","Dualcast+1","Reinforced Body+1","Turbo+1","Hello World+1","Self Repair","Fission+1","Coolheaded+1","Compile Driver","Creative AI+1","Beam Cell+1","Beam Cell+1","Go for the Eyes+1","Conserve Battery","Self Repair","Hyperbeam+1","Beam Cell+1","Ball Lightning+1","Discovery+1","Ball Lightning","Hello World+1"],"special_seed":0,"relics":["Cracked Core","Boot","Oddly Smooth Stone","WingedGreaves","Tiny House","Happy Flower","Art of War","Busted Crown","Strawberry","War Paint"],"potions_floor_usage":[33,33,33,50],"damage_taken":[{"damage":1.0,"enemies":"Jaw Worm","floor":1.0,"turns":3.0},{"damage":0.0,"enemies":"2 Louse","floor":4.0,"turns":2.0},{"damage":0.0,"enemies":"Small Slimes","floor":8.0,"turns":3.0},{"damage":0.0,"enemies":"3 Louse","floor":11.0,"turns":4.0},{"damage":2.0,"enemies":"Large Slime","floor":13.0,"turns":6.0},{"damage":0.0,"enemies":"Exordium Wildlife","floor":14.0,"turns":4.0},{"damage":10.0,"enemies":"Slime Boss","floor":16.0,"turns":11.0},{"damage":0.0,"enemies":"2 Thieves","floor":18.0,"turns":4.0},{"damage":8.0,"enemies":"Chosen","floor":19.0,"turns":4.0},{"damage":12.0,"enemies":"Snecko","floor":21.0,"turns":9.0},{"damage":35.0,"enemies":"Shelled Parasite and Fungi","floor":22.0,"turns":7.0},{"damage":8,"enemies":"Cultist and Chosen","floor":31,"turns":6},{"damage":29,"enemies":"Champ","floor":33,"turns":9},{"damage":9,"enemies":"Orb Walker","floor":35,"turns":4},{"damage":20,"enemies":"3 Shapes","floor":38,"turns":3},{"damage":15,"enemies":"Sphere and 2 Shapes","floor":39,"turns":3},{"damage":0,"enemies":"Transient","floor":42,"turns":5},{"damage":30,"enemies":"Awakened One","floor":50,"turns":13}],"seed_played":"6363132364125996910","potions_obtained":[{"floor":8.0,"key":"Swift Potion"},{"floor":16.0,"key":"FearPotion"},{"floor":17.0,"key":"Dexterity Potion"},{"floor":19.0,"key":"Regen Potion"},{"floor":33,"key":"FearPotion"},{"floor":37,"key":"Ancient Potion"},{"floor":37,"key":"Ancient Potion"},{"floor":39,"key":"FairyPotion"}],"is_trial":false,"path_per_floor":["M","?","?","M","?","R","?","M","T","T","M","R","M","M","R","B",null,"M","M","?","M","M","$","R","?","T","R","R","$","?","M","R","B",null,"M","?","?","M","M","R","R","M","T","R","$","R","$","?","R","B",null],"character_chosen":"DEFECT","items_purchased":["Happy Flower","Self Repair","Hyperbeam","War Paint","Hello World"],"campfire_rested":1,"item_purchase_floors":[23,23,29,45,45],"current_hp_per_floor":[74,59,59,59,52,52,52,52,52,52,59,59,64,64,64,61,80,80,79,79,74,46,46,46,31,31,31,31,31,31,30,55,55,85,85,75,75,69,68,68,68,82,89,89,89,89,89,89,89,59],"gold":16,"neow_bonus":"RANDOM_COMMON_RELIC","is_prod":false,"is_daily":false,"chose_seed":false,"campfire_upgraded":11,"win_rate":0,"timestamp":1552276764,"path_taken":["M","?","?","M","?","R","?","M","T","?","?","R","M","M","R","BOSS","M","M","?","M","M","$","R","?","T","R","R","$","?","?","R","BOSS","M","?","?","M","M","R","R","?","T","R","?","R","$","?","R","BOSS"],"build_version":"2019-01-23","purchased_purges":1,"victory":true,"max_hp_per_floor":[75,75,75,75,75,75,75,75,75,75,75,75,75,75,75,75,80,80,80,80,80,80,80,80,85,85,85,85,85,85,85,85,85,85,85,85,85,85,85,85,85,85,92,92,92,92,92,92,92,92],"card_choices":[{"not_picked":["Rebound","Sweeping Beam"],"picked":"Reinforced Body","floor":1.0},{"not_picked":["Chill","Redo"],"picked":"Turbo","floor":4.0},{"not_picked":["Turbo","Capacitor"],"picked":"Self Repair","floor":8.0},{"not_picked":["Stack","Redo"],"picked":"Fission","floor":11.0},{"not_picked":["Gash","Force Field"],"picked":"Coolheaded","floor":13.0},{"not_picked":["Melter","Steam"],"picked":"Compile Driver","floor":14.0},{"not_picked":["Buffer","Fission"],"picked":"Creative AI","floor":16.0},{"not_picked":["Lockon","Redo"],"picked":"Beam Cell","floor":17.0},{"not_picked":["Barrage","Undo","Loop"],"picked":"SKIP","floor":18.0},{"not_picked":["Stack+1","Loop"],"picked":"Beam Cell","floor":19.0},{"not_picked":["Barrage+1","Hologram+1"],"picked":"Go for the Eyes+1","floor":21.0},{"not_picked":["Compile Driver","Darkness"],"picked":"Conserve Battery","floor":22.0},{"not_picked":["Thunder Strike","Turbo"],"picked":"Beam Cell+1","floor":31},{"not_picked":["Thunder Strike","Buffer"],"picked":"Core Surge","floor":33},{"not_picked":[],"picked":"Ball Lightning+1","floor":35},{"not_picked":[],"picked":"Discovery","floor":36},{"not_picked":[],"picked":"Ball Lightning","floor":38},{"not_picked":["Gash+1"],"picked":"SKIP","floor":39},{"not_picked":["Lockon"],"picked":"SKIP","floor":42}],"player_experience":1021926,"relics_obtained":[{"floor":9.0,"key":"Oddly Smooth Stone"},{"floor":10.0,"key":"WingedGreaves"},{"floor":26,"key":"Art of War"},{"floor":43,"key":"Strawberry"}],"event_choices":[{"damage_healed":0.0,"max_hp_gain":0.0,"max_hp_loss":0.0,"gold_gain":0.0,"event_name":"Shining Light","player_choice":"Entered Light","floor":2.0,"gold_loss":0.0,"damage_taken":15.0,"cards_upgraded":["Defend_B","Defend_B"]},{"cards_removed":["Strike_B"],"damage_healed":0.0,"max_hp_gain":0.0,"max_hp_loss":0.0,"gold_gain":0.0,"event_name":"The Cleric","player_choice":"Card Removal","floor":3.0,"gold_loss":50.0,"damage_taken":0.0},{"cards_removed":["Defend_B"],"damage_healed":0.0,"max_hp_gain":0.0,"max_hp_loss":0.0,"gold_gain":0.0,"event_name":"Golden Wing","player_choice":"Card Removal","floor":5.0,"gold_loss":0.0,"damage_taken":7.0},{"damage_healed":0.0,"max_hp_gain":0.0,"max_hp_loss":0.0,"gold_gain":0.0,"cards_transformed":["Strike_B"],"event_name":"Living Wall","player_choice":"Change","floor":7.0,"gold_loss":0.0,"damage_taken":0.0,"cards_obtained":["Hello World"]},{"damage_healed":0.0,"max_hp_gain":0.0,"max_hp_loss":0.0,"gold_gain":0.0,"event_name":"Ghosts","player_choice":"Ignored","floor":20.0,"gold_loss":0.0,"damage_taken":0.0},{"damage_healed":0,"gold_gain":0,"player_choice":"Shed Blood","damage_taken":20,"max_hp_gain":5,"max_hp_loss":0,"event_name":"Forgotten Altar","floor":25,"gold_loss":0},{"damage_healed":0,"gold_gain":0,"player_choice":"Forge","damage_taken":0,"max_hp_gain":0,"max_hp_loss":0,"event_name":"Accursed Blacksmith","floor":30,"gold_loss":0,"cards_upgraded":["Hyperbeam"]},{"damage_healed":0,"gold_gain":0,"player_choice":"Memory 3","damage_taken":10,"max_hp_gain":0,"max_hp_loss":0,"event_name":"SensoryStone","floor":36,"gold_loss":0},{"damage_healed":0,"gold_gain":0,"player_choice":"Got Potions","damage_taken":0,"max_hp_gain":0,"max_hp_loss":0,"event_name":"Lab","floor":37,"gold_loss":0},{"cards_removed":["Core Surge"],"damage_healed":0,"gold_gain":0,"player_choice":"Removed Attack","damage_taken":0,"max_hp_gain":0,"max_hp_loss":0,"event_name":"Falling","floor":48,"gold_loss":0}],"is_beta":false,"boss_relics":[{"not_picked":["Orrery","Empty Cage"],"picked":"Tiny House"},{"not_picked":["Cursed Key","Philosopher\u0027s Stone"],"picked":"Busted Crown"}],"items_purged_floors":[23],"is_endless":false,"potions_floor_spawned":[8,16,19,21,33,39],"ascension_level":0}