{"gold_per_floor":[109,109,34,109,122,153,153,164,211,211,211,223,251,263,263,263],"floor_reached":16,"playtime":542,"items_purged":[],"score":263,"play_id":"ebff63ff-1063-4eae-90b5-ec6b876c9b21","local_time":"20190305101242","is_ascension_mode":true,"campfire_choices":[{"data":"Neutralize","floor":7,"key":"SMITH"},{"data":"Heel Hook","floor":10,"key":"SMITH"},{"floor":15,"key":"REST"}],"neow_cost":"NONE","seed_source_timestamp":1020448754286394,"circlet_count":0,"master_deck":["AscendersBane","Defend_G","Defend_G+1","Defend_G+1","Defend_G+1","Strike_G","Strike_G","Strike_G","Strike_G","Strike_G","Survivor","Neutralize+1","Terror+1","Blur","Heel Hook+1","Dagger Spray","Skewer","Predator","Footwork"],"relics":["Ring of the Snake","NeowsBlessing","War Paint","Dream Catcher","Gambling Chip"],"potions_floor_usage":[],"damage_taken":[{"damage":0,"enemies":"2 Louse","floor":1,"turns":1},{"damage":0,"enemies":"Jaw Worm","floor":5,"turns":1},{"damage":0,"enemies":"Lagavulin","floor":6,"turns":3},{"damage":0,"enemies":"Small Slimes","floor":8,"turns":3},{"damage":23,"enemies":"Gremlin Gang","floor":12,"turns":6},{"damage":28,"enemies":"Gremlin Nob","floor":13,"turns":4},{"damage":2,"enemies":"Red Slaver","floor":14,"turns":2},{"damage":45,"enemies":"Slime Boss","floor":16,"turns":9}],"seed_played":"2560227203846946308","potions_obtained":[{"floor":1,"key":"Dexterity Potion"},{"floor":8,"key":"FairyPotion"}],"is_trial":false,"path_per_floor":["M","?","?","?","M","E","R","M","T","R","?","M","E","M","R","B"],"character_chosen":"THE_SILENT","items_purchased":[],"campfire_rested":1,"item_purchase_floors":[],"current_hp_per_floor":[59,39,39,28,28,28,28,28,28,28,66,43,15,13,32,0],"gold":263,"neow_bonus":"THREE_ENEMY_KILL","is_prod":false,"is_daily":false,"chose_seed":false,"campfire_upgraded":2,"win_rate":0,"timestamp":1551777162,"path_taken":["M","?","?","?","?","E","R","M","T","R","?","M","E","M","R","BOSS"],"build_version":"2019-02-06","purchased_purges":0,"victory":false,"max_hp_per_floor":[66,66,66,66,66,66,66,66,66,66,66,66,66,66,66,66],"card_choices":[{"not_picked":["Tactician","Dodge and Roll","Bane"],"picked":"SKIP","floor":1},{"not_picked":["Backflip","Well Laid Plans"],"picked":"Terror","floor":5},{"not_picked":["Flying Knee","Deflect"],"picked":"Blur","floor":6},{"not_picked":["Eviscerate","Sucker Punch"],"picked":"Heel Hook","floor":8},{"not_picked":["Quick Slash","Die Die Die"],"picked":"Dagger Spray","floor":12},{"not_picked":["Calculated Gamble","Adrenaline"],"picked":"Skewer","floor":13},{"not_picked":["Flying Knee","Dagger Spray"],"picked":"Predator","floor":14},{"not_picked":["Distraction","Deadly Poison"],"picked":"Footwork","floor":15}],"player_experience":843616,"relics_obtained":[{"floor":6,"key":"War Paint"},{"floor":9,"key":"Dream Catcher"},{"floor":13,"key":"Gambling Chip"}],"event_choices":[{"damage_healed":0,"gold_gain":0,"player_choice":"Entered Light","damage_taken":20,"max_hp_gain":0,"max_hp_loss":0,"event_name":"Shining Light","floor":2,"gold_loss":0,"cards_upgraded":["Defend_G","Defend_G"]},{"cards_removed":["Defend_G"],"damage_healed":0,"gold_gain":0,"player_choice":"Card Removal","damage_taken":0,"max_hp_gain":0,"max_hp_loss":0,"event_name":"The Cleric","floor":3,"gold_loss":75},{"damage_healed":0,"gold_gain":75,"player_choice":"Gather Gold","damage_taken":11,"max_hp_gain":0,"max_hp_loss":0,"event_name":"World of Goop","floor":4,"gold_loss":0},{"damage_healed":38,"gold_gain":0,"player_choice":"Full Heal","damage_taken":0,"max_hp_gain":0,"max_hp_loss":0,"event_name":"Wheel of Change","floor":11,"gold_loss":0}],"is_beta":true,"boss_relics":[],"items_purged_floors":[],"is_endless":false,"potions_floor_spawned":[1,8,13],"killed_by":"Slime Boss","ascension_level":19}