{"gold_per_floor":[111,131,77,77,77,104,117,117,117,145,162,162,182,213,213,213],"floor_reached":16,"playtime":519,"items_purged":[],"score":283,"play_id":"1e349450-a2bb-453a-9533-925793ce0e90","local_time":"20190208193938","is_ascension_mode":true,"campfire_choices":[{"floor":15,"key":"REST"}],"neow_cost":"NONE","seed_source_timestamp":1756796440120985,"circlet_count":0,"master_deck":["AscendersBane","Strike_R","Strike_R","Strike_R","Strike_R","Strike_R","Defend_R","Defend_R","Defend_R","Defend_R","Bash","Armaments","Flex","Thunderclap","Heavy Blade","Ghostly Armor","Sentinel","Fiend Fire","Warcry"],"relics":["Burning Blood","NeowsBlessing","Charon\u0027s Ashes","Nunchaku","Girya","Question Card","Torii","Singing Bowl"],"potions_floor_usage":[10,10,16],"damage_taken":[{"damage":0,"enemies":"Cultist","floor":1,"turns":1},{"damage":0,"enemies":"Jaw Worm","floor":2,"turns":1},{"damage":0,"enemies":"Lagavulin","floor":6,"turns":1},{"damage":7,"enemies":"Small Slimes","floor":7,"turns":3},{"damage":32,"enemies":"Gremlin Nob","floor":10,"turns":4},{"damage":20,"enemies":"2 Fungi Beasts","floor":11,"turns":5},{"damage":0,"enemies":"Exordium Wildlife","floor":13,"turns":2},{"damage":17,"enemies":"3 Sentries","floor":14,"turns":6},{"damage":59,"enemies":"Slime Boss","floor":16,"turns":6}],"seed_played":"6167951815544715118","potions_obtained":[{"floor":1,"key":"Explosive Potion"},{"floor":7,"key":"GamblersBrew"},{"floor":8,"key":"Fruit Juice"},{"floor":10,"key":"Energy Potion"},{"floor":11,"key":"EssenceOfSteel"}],"is_trial":false,"path_per_floor":["M","M","$","?","T","E","M","?","T","E","M","?","M","E","R","B"],"character_chosen":"IRONCLAD","items_purchased":["Thunderclap"],"campfire_rested":1,"item_purchase_floors":[3],"current_hp_per_floor":[74,75,75,80,80,80,79,79,79,58,44,33,39,30,56,0],"gold":213,"neow_bonus":"THREE_ENEMY_KILL","is_prod":false,"is_daily":false,"chose_seed":false,"campfire_upgraded":0,"win_rate":0,"timestamp":1549651178,"path_taken":["M","?","$","?","?","E","M","?","T","E","?","?","M","E","R","BOSS"],"build_version":"2019-02-06","purchased_purges":0,"victory":false,"max_hp_per_floor":[75,75,75,80,80,80,80,80,80,85,85,85,85,87,87,87],"card_choices":[{"not_picked":["Corruption","Sword Boomerang"],"picked":"Armaments","floor":1},{"not_picked":["Rage","Clothesline"],"picked":"Flex","floor":2},{"not_picked":["Entrench","Armaments"],"picked":"Heavy Blade","floor":6},{"not_picked":["Iron Wave","Clothesline"],"picked":"Ghostly Armor","floor":7},{"not_picked":["Rampage","Shrug It Off"],"picked":"Sentinel","floor":10},{"not_picked":["True Grit","Heavy Blade","Pommel Strike"],"picked":"Fiend Fire","floor":11},{"not_picked":["Flex","Perfected Strike","Wild Strike"],"picked":"Warcry","floor":13},{"not_picked":["Twin Strike","Cleave","Fire Breathing","Entrench"],"picked":"Singing Bowl","floor":14}],"player_experience":745779,"relics_obtained":[{"floor":5,"key":"Charon\u0027s Ashes"},{"floor":6,"key":"Nunchaku"},{"floor":9,"key":"Girya"},{"floor":10,"key":"Question Card"},{"floor":14,"key":"Singing Bowl"}],"event_choices":[{"damage_healed":0,"gold_gain":0,"player_choice":"Donut","damage_taken":0,"max_hp_gain":5,"max_hp_loss":0,"event_name":"Big Fish","floor":4,"gold_loss":0},{"damage_healed":0,"gold_gain":0,"player_choice":"Got Potions","damage_taken":0,"max_hp_gain":0,"max_hp_loss":0,"event_name":"Lab","floor":8,"gold_loss":0},{"damage_healed":0,"gold_gain":0,"player_choice":"Success","damage_taken":11,"relics_obtained":["Torii"],"max_hp_gain":0,"max_hp_loss":0,"event_name":"Scrap Ooze","floor":12,"gold_loss":0}],"is_beta":true,"boss_relics":[],"items_purged_floors":[],"is_endless":false,"potions_floor_spawned":[1,7,10,11],"killed_by":"Slime Boss","ascension_level":19}