{"gold_per_floor":[116,116,132,53,72,72,89,108,132,150,166,166,186,198,198,198],"floor_reached":16,"playtime":914,"items_purged":[],"score":167,"play_id":"93461a45-bd2b-4371-9a54-53a3d9ab3c78","local_time":"20190120134317","is_ascension_mode":true,"campfire_choices":[{"data":"Neutralize","floor":6,"key":"SMITH"},{"floor":12,"key":"REST"},{"data":"Panache","floor":15,"key":"SMITH"}],"neow_cost":"PERCENT_DAMAGE","seed_source_timestamp":93333464877028,"circlet_count":0,"master_deck":["AscendersBane","Defend_G","Defend_G","Defend_G","Defend_G","Strike_G","Strike_G","Strike_G","Strike_G","Strike_G","Survivor","Neutralize+1","Good Instincts","Panache+1","Flying Knee","Noxious Fumes","Die Die Die","Outmaneuver","Endless Agony","PiercingWail","Deflect","Blur"],"relics":["Ring of the Snake","Orichalcum"],"potions_floor_usage":[16,16],"damage_taken":[{"damage":0,"enemies":"2 Louse","floor":1,"turns":2},{"damage":0,"enemies":"Cultist","floor":3,"turns":4},{"damage":7,"enemies":"Small Slimes","floor":5,"turns":3},{"damage":1,"enemies":"Exordium Wildlife","floor":7,"turns":3},{"damage":9,"enemies":"Blue Slaver","floor":8,"turns":4},{"damage":1,"enemies":"Exordium Thugs","floor":10,"turns":4},{"damage":0,"enemies":"Large Slime","floor":11,"turns":5},{"damage":8,"enemies":"Red Slaver","floor":13,"turns":5},{"damage":6,"enemies":"Blue Slaver","floor":14,"turns":4},{"damage":39,"enemies":"Hexaghost","floor":16,"turns":13}],"seed_played":"6062115765323689677","potions_obtained":[{"floor":3,"key":"Swift Potion"},{"floor":5,"key":"Swift Potion"},{"floor":14,"key":"Fruit Juice"}],"is_trial":false,"path_per_floor":["M","?","M","$","M","R","M","M","T","M","M","R","M","M","R","B"],"character_chosen":"THE_SILENT","items_purchased":["Noxious Fumes"],"campfire_rested":1,"item_purchase_floors":[4],"current_hp_per_floor":[44,44,44,44,37,37,36,27,27,26,26,45,37,31,31,0],"gold":198,"neow_bonus":"RANDOM_COLORLESS_2","is_prod":false,"is_daily":false,"chose_seed":false,"campfire_upgraded":2,"win_rate":0,"timestamp":1547988197,"path_taken":["M","?","M","$","M","R","M","M","T","M","M","R","?","M","R","BOSS"],"build_version":"2019-01-17","purchased_purges":0,"victory":false,"max_hp_per_floor":[66,66,66,66,66,66,66,66,66,66,66,66,66,66,66,71],"card_choices":[{"not_picked":["Sucker Punch","Flechettes","Heel Hook"],"picked":"SKIP","floor":1},{"not_picked":["PiercingWail","Poisoned Stab"],"picked":"Flying Knee","floor":3},{"not_picked":["Tactician","Flying Knee"],"picked":"Die Die Die","floor":5},{"not_picked":["Accuracy","Bouncing Flask","Outmaneuver"],"picked":"SKIP","floor":7},{"not_picked":["Accuracy","Bouncing Flask"],"picked":"Outmaneuver","floor":7},{"not_picked":["Riddle With Holes","Slice"],"picked":"Endless Agony","floor":8},{"not_picked":["Dodge and Roll","Finisher"],"picked":"PiercingWail","floor":10},{"not_picked":["Flying Knee","Underhanded Strike"],"picked":"Deflect","floor":11},{"not_picked":["Dagger Throw","Predator","All Out Attack"],"picked":"SKIP","floor":13},{"not_picked":["Infinite Blades","PiercingWail"],"picked":"Blur","floor":14}],"player_experience":576260,"relics_obtained":[{"floor":9,"key":"Orichalcum"}],"event_choices":[{"cards_removed":["Defend_G"],"damage_healed":0,"gold_gain":0,"player_choice":"Offered Basic","damage_taken":0,"max_hp_gain":0,"max_hp_loss":0,"event_name":"Bonfire Elementals","floor":2,"gold_loss":0}],"is_beta":true,"boss_relics":[],"items_purged_floors":[],"is_endless":false,"potions_floor_spawned":[3,5,8,11,14],"killed_by":"Hexaghost","ascension_level":14}