{"gold_per_floor":[113,113,113,113,138,138,169,194,194,194,209,209,232,257,257,378,378,399,415,83,208,228,228,253,1,1,1,1,1,39,55,55,183,183,198,531,581,581,20,48,48,48,48,48,148,176,190,207,207,207],"floor_reached":51,"playtime":2995,"items_purged":["Strike_R","Defend_R"],"score":948,"play_id":"e22bf709-0d20-46d2-b0fa-50bd66abae9d","local_time":"20190312205830","is_ascension_mode":true,"campfire_choices":[{"data":"1","floor":6.0,"key":"LIFT"},{"data":"2","floor":12.0,"key":"LIFT"},{"data":"3","floor":15.0,"key":"LIFT"},{"data":"Limit Break","floor":23.0,"key":"SMITH"},{"data":"Whirlwind","floor":29.0,"key":"SMITH"},{"data":"Heavy Blade","floor":32.0,"key":"SMITH"},{"data":"Enlightenment","floor":41.0,"key":"SMITH"},{"data":"Panacea","floor":44.0,"key":"SMITH"},{"data":"Infernal Blade","floor":49,"key":"SMITH"}],"neow_cost":"PERCENT_DAMAGE","seed_source_timestamp":14950153784635,"circlet_count":0,"master_deck":["Strike_R","Strike_R","Strike_R","Defend_R","Defend_R","Defend_R","Bash","Twin Strike","Spot Weakness","Whirlwind+1","Rampage","Flex","Dropkick","Metallicize","Limit Break+1","Pommel Strike","Flex","Heavy Blade+1","Twin Strike","Shame","Reaper","Flex+1","Impervious","Thunderclap+1","Armaments","Disarm+1","Rupture+1","Body Slam+1","Armaments+1","Infernal Blade+1","Enlightenment+1","Rage","Panacea+1","Master of Strategy","Swift Strike","Sword Boomerang+1","Limit Break","Heavy Blade+1","Inflame"],"special_seed":0,"relics":["Burning Blood","Girya","Blue Candle","Anchor","Turnip","Eternal Feather","Matryoshka","Unceasing Top","Sundial","Meat on the Bone","Pantograph","The Courier","Bag of Preparation","Ginger","Shuriken","Red Skull","Orrery","Pen Nib","OrangePellets","Potion Belt","Lantern","Regal Pillow","Magic Flower","Molten Egg 2"],"potions_floor_usage":[46,50,50,50,50],"damage_taken":[{"damage":11.0,"enemies":"2 Louse","floor":1.0,"turns":4.0},{"damage":5.0,"enemies":"Small Slimes","floor":5.0,"turns":3.0},{"damage":36.0,"enemies":"Gremlin Nob","floor":7.0,"turns":4.0},{"damage":0.0,"enemies":"Jaw Worm","floor":8.0,"turns":3.0},{"damage":6.0,"enemies":"Gremlin Gang","floor":11.0,"turns":2.0},{"damage":0.0,"enemies":"Looter","floor":13.0,"turns":2.0},{"damage":0.0,"enemies":"Blue Slaver","floor":14.0,"turns":3.0},{"damage":38.0,"enemies":"Hexaghost","floor":16.0,"turns":8.0},{"damage":3.0,"enemies":"3 Byrds","floor":18.0,"turns":4.0},{"damage":13.0,"enemies":"2 Thieves","floor":19.0,"turns":4.0},{"damage":4.0,"enemies":"Colosseum Slavers","floor":21.0,"turns":3.0},{"damage":32.0,"enemies":"Colosseum Nobs","floor":21.0,"turns":4.0},{"damage":14.0,"enemies":"Snake Plant","floor":22.0,"turns":2.0},{"damage":14.0,"enemies":"Centurion and Healer","floor":24.0,"turns":4.0},{"damage":25.0,"enemies":"Book of Stabbing","floor":30.0,"turns":3.0},{"damage":10.0,"enemies":"Snecko","floor":31.0,"turns":3.0},{"damage":53.0,"enemies":"Champ","floor":33.0,"turns":7.0},{"damage":17.0,"enemies":"Orb Walker","floor":35.0,"turns":3.0},{"damage":30.0,"enemies":"Giant Head","floor":40.0,"turns":6.0},{"damage":0,"enemies":"Mind Bloom Boss Battle","floor":45,"turns":3},{"damage":68,"enemies":"Reptomancer","floor":46,"turns":5},{"damage":9,"enemies":"3 Darklings","floor":47,"turns":4},{"damage":38,"enemies":"4 Shapes","floor":48,"turns":4},{"damage":5,"enemies":"Donu and Deca","floor":50,"turns":4}],"seed_played":"-4310970256691951312","potions_obtained":[{"floor":7.0,"key":"Weak Potion"},{"floor":11.0,"key":"SteroidPotion"},{"floor":13.0,"key":"EssenceOfSteel"},{"floor":18.0,"key":"SteroidPotion"},{"floor":22.0,"key":"PowerPotion"},{"floor":24.0,"key":"Fire Potion"},{"floor":33.0,"key":"Fire Potion"},{"floor":40.0,"key":"Block Potion"},{"floor":47,"key":"FearPotion"}],"is_trial":false,"path_per_floor":["M","?","?","?","M","R","E","M","T","?","M","R","M","M","R","B",null,"M","M","$","?","M","R","M","$","T","T","?","R","E","M","R","B",null,"M","?","T","?","$","E","R","?","T","R","?","E","M","M","R","B",null],"character_chosen":"IRONCLAD","items_purchased":["Matryoshka","Meat on the Bone","Infernal Blade","OrangePellets","Potion Belt","PowerPotion","Energy Potion","Enlightenment"],"campfire_rested":0,"item_purchase_floors":[20,25,39,39,39,39,39,39],"current_hp_per_floor":[51,51,51,51,52,52,22,28,28,28,28,28,34,40,40,8,62,65,58,58,34,26,38,30,30,30,30,30,42,35,43,55,45,71,60,60,60,60,60,80,80,70,70,80,80,39,57,58,79,80],"gold":207,"neow_bonus":"ONE_RARE_RELIC","is_prod":false,"is_daily":false,"chose_seed":false,"campfire_upgraded":6,"win_rate":0,"timestamp":1552391910,"path_taken":["M","?","?","?","?","R","E","M","T","?","M","R","M","M","R","BOSS","M","M","$","?","M","R","M","$","T","?","?","R","E","M","R","BOSS","M","?","?","?","$","E","R","?","T","R","?","E","M","M","R","BOSS"],"build_version":"2019-01-23","purchased_purges":2,"victory":true,"max_hp_per_floor":[80,80,80,80,80,80,80,80,80,80,80,80,80,80,80,80,80,80,80,80,80,80,80,80,80,80,80,80,80,80,80,80,80,80,80,80,80,80,80,80,80,80,80,80,80,80,80,80,80,80],"card_choices":[{"not_picked":["Cleave","Anger"],"picked":"Twin Strike","floor":1.0},{"not_picked":["Clash","Wild Strike"],"picked":"Spot Weakness","floor":5.0},{"not_picked":["Pommel Strike","Hemokinesis"],"picked":"Whirlwind","floor":7.0},{"not_picked":["Clothesline","Shrug It Off"],"picked":"Rampage","floor":8.0},{"not_picked":["True Grit","Clash"],"picked":"Flex","floor":11.0},{"not_picked":["Combust","Intimidate"],"picked":"Dropkick","floor":13.0},{"not_picked":["Anger","Pommel Strike"],"picked":"Metallicize","floor":14.0},{"not_picked":["Juggernaut","Reaper"],"picked":"Limit Break","floor":16.0},{"not_picked":["Warcry","Sever Soul+1"],"picked":"Pommel Strike","floor":18.0},{"not_picked":["Metallicize","Clothesline"],"picked":"Flex","floor":19.0},{"not_picked":["Pummel","Sentinel"],"picked":"Heavy Blade","floor":21.0},{"not_picked":["Perfected Strike","True Grit"],"picked":"Thunderclap","floor":22.0},{"not_picked":["Armaments","Clash"],"picked":"Twin Strike","floor":24.0},{"not_picked":["Rampage","Wild Strike+1"],"picked":"Reaper","floor":30.0},{"not_picked":["Clash","Thunderclap"],"picked":"Flex+1","floor":31.0},{"not_picked":["Immolate","Exhume"],"picked":"Impervious","floor":33.0},{"not_picked":["Flex","Havoc"],"picked":"Thunderclap+1","floor":34.0},{"not_picked":["Headbutt","Pommel Strike"],"picked":"Armaments","floor":34.0},{"not_picked":["Anger","Armaments"],"picked":"Disarm+1","floor":34.0},{"not_picked":["Anger","Cleave"],"picked":"Rupture+1","floor":34.0},{"not_picked":["Havoc","Exhume"],"picked":"Body Slam+1","floor":34.0},{"not_picked":["Flex+1","Wild Strike+1"],"picked":"Armaments+1","floor":35.0},{"not_picked":["Entrench+1","Havoc"],"picked":"Rage","floor":40.0},{"not_picked":["Bandage Up","Trip"],"picked":"Panacea","floor":42.0},{"not_picked":["Good Instincts","Secret Weapon"],"picked":"Master of Strategy","floor":42.0},{"not_picked":["HandOfGreed","Blind"],"picked":"Swift Strike","floor":42.0},{"not_picked":["Burning Pact+1","Wild Strike+1"],"picked":"Sword Boomerang+1","floor":45},{"not_picked":["Thunderclap+1","Reckless Charge"],"picked":"Limit Break","floor":46},{"not_picked":["Thunderclap+1","Pommel Strike+1"],"picked":"Heavy Blade+1","floor":47},{"not_picked":["Clash+1","Carnage+1"],"picked":"Inflame","floor":48}],"player_experience":328529,"relics_obtained":[{"floor":7.0,"key":"Anchor"},{"floor":9.0,"key":"Turnip"},{"floor":21.0,"key":"Unceasing Top"},{"floor":21.0,"key":"Sundial"},{"floor":26.0,"key":"Pantograph"},{"floor":26.0,"key":"The Courier"},{"floor":27.0,"key":"Bag of Preparation"},{"floor":27.0,"key":"Ginger"},{"floor":30.0,"key":"Red Skull"},{"floor":37.0,"key":"Pen Nib"},{"floor":40.0,"key":"Lantern"},{"floor":43.0,"key":"Regal Pillow"},{"floor":45,"key":"Magic Flower"},{"floor":46,"key":"Molten Egg 2"}],"event_choices":[{"damage_healed":0.0,"max_hp_gain":0.0,"max_hp_loss":0.0,"gold_gain":0.0,"event_name":"Big Fish","player_choice":"Box","floor":2.0,"gold_loss":0.0,"damage_taken":0.0,"relics_obtained":["Blue Candle"],"cards_obtained":["Regret"]},{"damage_healed":0.0,"max_hp_gain":0.0,"max_hp_loss":0.0,"gold_gain":0.0,"event_name":"Golden Idol","player_choice":"Take Wound","floor":3.0,"gold_loss":0.0,"damage_taken":0.0,"relics_obtained":["Golden Idol"],"cards_obtained":["Injury"]},{"cards_removed":["Injury","Regret"],"damage_healed":0.0,"max_hp_gain":0.0,"max_hp_loss":0.0,"gold_gain":0.0,"event_name":"Fountain of Cleansing","player_choice":"Removed Curses","floor":4.0,"gold_loss":0.0,"damage_taken":0.0},{"cards_removed":["Strike_R"],"damage_healed":0.0,"max_hp_gain":0.0,"max_hp_loss":0.0,"gold_gain":0.0,"event_name":"Living Wall","player_choice":"Forget","floor":10.0,"gold_loss":0.0,"damage_taken":0.0},{"damage_healed":0.0,"max_hp_gain":0.0,"max_hp_loss":0.0,"gold_gain":0.0,"event_name":"Colosseum","player_choice":"Fight","floor":21.0,"gold_loss":0.0,"damage_taken":0.0},{"damage_healed":0.0,"max_hp_gain":0.0,"max_hp_loss":0.0,"gold_gain":0.0,"event_name":"Colosseum","player_choice":"Fought Nobs","floor":21.0,"gold_loss":0.0,"damage_taken":0.0},{"damage_healed":0.0,"max_hp_gain":0.0,"max_hp_loss":0.0,"gold_gain":0.0,"event_name":"Addict","player_choice":"Stole Relic","floor":28.0,"gold_loss":0.0,"damage_taken":0.0,"relics_obtained":["Shuriken"],"cards_obtained":["Shame"]},{"damage_healed":0.0,"max_hp_gain":0.0,"max_hp_loss":0.0,"gold_gain":333.0,"event_name":"The Moai Head","player_choice":"Gave Idol","floor":36.0,"relics_lost":["Golden Idol"],"gold_loss":0.0,"damage_taken":0.0},{"cards_removed":["Thunderclap"],"damage_healed":0.0,"max_hp_gain":0.0,"max_hp_loss":0.0,"gold_gain":0.0,"event_name":"Falling","player_choice":"Removed Attack","floor":38.0,"gold_loss":0.0,"damage_taken":0.0},{"damage_healed":0.0,"max_hp_gain":0.0,"max_hp_loss":0.0,"gold_gain":0.0,"event_name":"SensoryStone","player_choice":"Memory 3","floor":42.0,"gold_loss":0.0,"damage_taken":10.0},{"damage_healed":0,"gold_gain":0,"player_choice":"Fight","damage_taken":0,"max_hp_gain":0,"max_hp_loss":0,"event_name":"MindBloom","floor":45,"gold_loss":0}],"is_beta":false,"boss_relics":[{"not_picked":["Black Star","White Beast Statue"],"picked":"Eternal Feather"},{"not_picked":["Philosopher\u0027s Stone","Velvet Choker"],"picked":"Orrery"}],"items_purged_floors":[20,39],"is_endless":false,"potions_floor_spawned":[7,11,13,18,22,24,33,40,47],"ascension_level":5}