{"gold_per_floor":[117,136,149,165,177,212,212,231,257,282,282,325,344,10,10,140,140,153,177,190,130,149,149,185,206,206,225,246,246,246,259,259,259],"floor_reached":33,"playtime":2038,"items_purged":[],"score":312,"play_id":"31be0088-6152-4caa-bc3b-1d9883889115","local_time":"20190206132547","is_ascension_mode":false,"campfire_choices":[{"floor":11,"key":"REST"},{"floor":15,"key":"REST"},{"floor":23,"key":"REST"},{"floor":30,"key":"REST"},{"floor":32,"key":"REST"}],"neow_cost":"TEN_PERCENT_HP_LOSS","seed_source_timestamp":1107878596066768,"circlet_count":0,"master_deck":["Defend_G","Defend_G","Defend_G","Strike_G","Strike_G","Survivor","Neutralize","Dagger Throw","PiercingWail","Underhanded Strike","Terror","Bouncing Flask","Underhanded Strike","Injury","Poisoned Stab","Deflect","Dagger Spray+1","A Thousand Cuts","Cloak And Dagger+1","Sucker Punch+1","Storm of Steel+1","Doppelganger+1","Bullet Time+1","Skewer+1","Predator+1","Backflip+1","Dash+1","Bouncing Flask+1","Glass Knife+1","All Out Attack+1","Underhanded Strike+1","Deflect+1","Reflex+1","Catalyst+1","Cloak And Dagger+1"],"relics":["Ring of the Snake","Tingsha","Orichalcum","Golden Idol","Centennial Puzzle","Molten Egg 2","Toxic Egg 2","Astrolabe","Bag of Marbles","Ginger"],"potions_floor_usage":[5,12,16,16,18,33,33,33],"damage_taken":[{"damage":3,"enemies":"Small Slimes","floor":1,"turns":4},{"damage":0,"enemies":"2 Louse","floor":2,"turns":3},{"damage":0,"enemies":"Cultist","floor":3,"turns":3},{"damage":4,"enemies":"Exordium Wildlife","floor":4,"turns":3},{"damage":10,"enemies":"Gremlin Gang","floor":5,"turns":5},{"damage":21,"enemies":"Lagavulin","floor":6,"turns":6},{"damage":0,"enemies":"Large Slime","floor":8,"turns":6},{"damage":1,"enemies":"3 Louse","floor":10,"turns":3},{"damage":7,"enemies":"Gremlin Nob","floor":12,"turns":4},{"damage":8,"enemies":"Exordium Wildlife","floor":13,"turns":3},{"damage":3,"enemies":"Slime Boss","floor":16,"turns":8},{"damage":6,"enemies":"2 Thieves","floor":18,"turns":3},{"damage":0,"enemies":"Chosen","floor":19,"turns":4},{"damage":3,"enemies":"Snecko","floor":20,"turns":3},{"damage":24,"enemies":"Shelled Parasite and Fungi","floor":22,"turns":3},{"damage":20,"enemies":"Gremlin Leader","floor":24,"turns":4},{"damage":2,"enemies":"Chosen and Byrds","floor":25,"turns":3},{"damage":4,"enemies":"Centurion and Healer","floor":27,"turns":3},{"damage":6,"enemies":"Snake Plant","floor":28,"turns":2},{"damage":0,"enemies":"3 Cultists","floor":31,"turns":2},{"damage":67,"enemies":"Automaton","floor":33,"turns":8}],"seed_played":"1650058153902746303","potions_obtained":[{"floor":4,"key":"SkillPotion"},{"floor":6,"key":"Weak Potion"},{"floor":10,"key":"Explosive Potion"},{"floor":12,"key":"AttackPotion"},{"floor":16,"key":"EssenceOfSteel"},{"floor":19,"key":"SteroidPotion"},{"floor":24,"key":"FairyPotion"},{"floor":27,"key":"Fire Potion"},{"floor":29,"key":"Regen Potion"},{"floor":31,"key":"Explosive Potion"}],"is_trial":false,"path_per_floor":["M","M","M","M","M","E","?","M","T","M","R","E","M","$","R","B",null,"M","M","M","?","M","R","E","M","T","M","M","?","R","M","R","B"],"character_chosen":"THE_SILENT","items_purchased":["Toxic Egg 2","Cloak And Dagger+1","Sucker Punch+1"],"campfire_rested":5,"item_purchase_floors":[14,14,14],"current_hp_per_floor":[60,60,60,56,46,25,25,25,25,24,42,35,27,27,45,42,63,57,57,54,54,30,48,28,26,26,22,16,16,34,34,52,0],"gold":259,"neow_bonus":"ONE_RARE_RELIC","is_prod":false,"is_daily":false,"chose_seed":false,"campfire_upgraded":0,"win_rate":0.0,"timestamp":1549477547,"path_taken":["M","M","M","M","M","E","?","M","T","M","R","E","M","$","R","BOSS","M","M","M","?","M","R","E","M","T","M","?","?","R","M","R","BOSS"],"build_version":"2019-01-23","purchased_purges":0,"victory":false,"max_hp_per_floor":[63,63,63,63,63,63,63,63,63,63,63,63,63,63,63,63,63,63,63,63,63,63,63,63,63,63,63,63,63,63,63,63,63],"card_choices":[{"not_picked":["Poisoned Stab","Heel Hook"],"picked":"Dagger Throw","floor":1},{"not_picked":["Dagger Spray","Acrobatics"],"picked":"PiercingWail","floor":2},{"not_picked":["Quick Slash","Acrobatics"],"picked":"Underhanded Strike","floor":3},{"not_picked":["Unload","Poisoned Stab"],"picked":"Terror","floor":4},{"not_picked":["Masterful Stab","Flying Knee"],"picked":"Bouncing Flask","floor":5},{"not_picked":["Cloak And Dagger","Acrobatics"],"picked":"Underhanded Strike","floor":6},{"not_picked":["Dodge and Roll","Infinite Blades"],"picked":"Poisoned Stab","floor":8},{"not_picked":["Quick Slash","Phantasmal Killer"],"picked":"Deflect","floor":10},{"not_picked":["Deadly Poison","Deflect"],"picked":"Dagger Spray","floor":12},{"not_picked":["PiercingWail","Well Laid Plans"],"picked":"A Thousand Cuts","floor":13},{"not_picked":["Night Terror+1","Tools of the Trade"],"picked":"Storm of Steel+1","floor":16},{"not_picked":["Bane+1","Poisoned Stab+1"],"picked":"Predator+1","floor":18},{"not_picked":["Dagger Spray+1","Terror+1"],"picked":"Backflip+1","floor":19},{"not_picked":["Heel Hook+1","Sucker Punch+1"],"picked":"Dash+1","floor":20},{"not_picked":["Poisoned Stab+1","Bane+1"],"picked":"All Out Attack+1","floor":22},{"not_picked":["Expertise+1","Slice+1"],"picked":"Underhanded Strike+1","floor":24},{"not_picked":["Crippling Poison+1","Quick Slash+1"],"picked":"Deflect+1","floor":25},{"not_picked":["All Out Attack+1","Deflect+1"],"picked":"Reflex+1","floor":27},{"not_picked":["Dagger Spray+1","Blade Dance+1"],"picked":"Catalyst+1","floor":28},{"not_picked":["Riddle With Holes+1","Blade Dance+1"],"picked":"Cloak And Dagger+1","floor":31}],"player_experience":41193,"relics_obtained":[{"floor":6,"key":"Orichalcum"},{"floor":9,"key":"Centennial Puzzle"},{"floor":12,"key":"Molten Egg 2"},{"floor":24,"key":"Bag of Marbles"},{"floor":26,"key":"Ginger"}],"event_choices":[{"damage_healed":0,"gold_gain":0,"player_choice":"Take Wound","damage_taken":0,"relics_obtained":["Golden Idol"],"max_hp_gain":0,"max_hp_loss":0,"event_name":"Golden Idol","floor":7,"gold_loss":0,"cards_obtained":["Injury"]},{"damage_healed":0,"gold_gain":0,"cards_transformed":["Defend_G","Strike_G"],"player_choice":"Transformed Cards","damage_taken":0,"max_hp_gain":0,"max_hp_loss":0,"event_name":"Designer","floor":21,"gold_loss":60,"cards_obtained":["Bouncing Flask","Glass Knife"]},{"damage_healed":0,"gold_gain":0,"player_choice":"Got Potions","damage_taken":0,"max_hp_gain":0,"max_hp_loss":0,"event_name":"Lab","floor":29,"gold_loss":0}],"is_beta":false,"boss_relics":[{"not_picked":["Fusion Hammer","White Beast Statue"],"picked":"Astrolabe"}],"items_purged_floors":[],"is_endless":false,"potions_floor_spawned":[4,6,10,12,16,19,24,27,31],"killed_by":"Automaton","ascension_level":0}