{"gold_per_floor":[119,119,137,156,231,261,278,378,401,401,420,134,134,56,56,56],"floor_reached":16,"playtime":1034,"items_purged":[],"score":110,"play_id":"c8998789-db49-4ef2-9ee1-f0ed75facdfb","local_time":"20190312114541","is_ascension_mode":true,"campfire_choices":[{"floor":10,"key":"REST"},{"floor":13,"key":"REST"},{"data":"Inflame","floor":15,"key":"SMITH"}],"neow_cost":"NONE","seed_source_timestamp":2393524244544085,"circlet_count":0,"master_deck":["Strike_R","Strike_R","Strike_R","Strike_R","Defend_R","Defend_R","Defend_R","Defend_R","Bash","Cleave","Inflame+1","Burning Pact","Fire Breathing","Ghostly Armor"],"relics":["Burning Blood","Anchor","Pen Nib","Bag of Preparation","Membership Card","Orichalcum","Oddly Smooth Stone"],"potions_floor_usage":[16,16],"damage_taken":[{"damage":1,"enemies":"2 Louse","floor":1,"turns":4},{"damage":1,"enemies":"Cultist","floor":3,"turns":3},{"damage":1,"enemies":"Jaw Worm","floor":4,"turns":4},{"damage":56,"enemies":"Gremlin Nob","floor":6,"turns":6},{"damage":0,"enemies":"Red Slaver","floor":7,"turns":5},{"damage":8,"enemies":"Blue Slaver","floor":11,"turns":4},{"damage":79,"enemies":"Slime Boss","floor":16,"turns":16}],"seed_played":"4123011848568348178","potions_obtained":[{"floor":7,"key":"SkillPotion"},{"floor":11,"key":"SteroidPotion"}],"is_trial":false,"path_per_floor":["M","?","M","M","?","E","M","?","T","R","M","$","R","$","R","B"],"character_chosen":"IRONCLAD","items_purchased":["Membership Card","Orichalcum","Oddly Smooth Stone"],"campfire_rested":2,"item_purchase_floors":[12,12,14],"current_hp_per_floor":[80,80,80,80,72,22,28,28,28,52,50,50,74,74,74,0],"gold":56,"neow_bonus":"RANDOM_COMMON_RELIC","is_prod":false,"is_daily":false,"chose_seed":false,"campfire_upgraded":1,"win_rate":0,"timestamp":1552405541,"path_taken":["M","?","?","M","?","E","?","?","T","R","M","?","R","$","R","BOSS"],"build_version":"2019-01-23","purchased_purges":0,"victory":false,"max_hp_per_floor":[80,80,80,80,80,80,80,80,80,80,80,80,80,80,80,80],"card_choices":[{"not_picked":["Clothesline","Havoc"],"picked":"Cleave","floor":1},{"not_picked":["Blood for Blood","Carnage"],"picked":"Inflame","floor":3},{"not_picked":["Rage","Anger"],"picked":"Burning Pact","floor":4},{"not_picked":["Exhume","Warcry","Clothesline"],"picked":"SKIP","floor":6},{"not_picked":["Thunderclap","Flex"],"picked":"Fire Breathing","floor":7},{"not_picked":["Body Slam","Armaments"],"picked":"Ghostly Armor","floor":11}],"player_experience":126176,"relics_obtained":[{"floor":6,"key":"Pen Nib"},{"floor":9,"key":"Bag of Preparation"}],"event_choices":[{"cards_removed":["Strike_R"],"damage_healed":0,"gold_gain":0,"player_choice":"Offered Basic","damage_taken":0,"max_hp_gain":0,"max_hp_loss":0,"event_name":"Bonfire Elementals","floor":2,"gold_loss":0},{"damage_healed":0,"gold_gain":75,"player_choice":"Touch","damage_taken":8,"max_hp_gain":0,"max_hp_loss":0,"event_name":"FaceTrader","floor":5,"gold_loss":0},{"damage_healed":0,"gold_gain":100,"player_choice":"Pray","damage_taken":0,"max_hp_gain":0,"max_hp_loss":0,"event_name":"Golden Shrine","floor":8,"gold_loss":0}],"is_beta":false,"boss_relics":[],"items_purged_floors":[],"is_endless":false,"potions_floor_spawned":[7,11],"killed_by":"Slime Boss","ascension_level":2}