{"gold_per_floor":[112,37,37,54,54,54,79,79,79,96,115,115,115,145,145,245,245,256,256,256,281,291,291,305,23,23,23,43,70,90,123,123,227,227,244,244,262,262,262,262,278,278,303,303,316,90,90,90,90,90,90,90,16,48,48],"floor_reached":55,"playtime":3162,"items_purged":["Strike_G","Riddle With Holes","Prepared"],"score":843,"play_id":"5a5b97c4-2c44-4c93-ac3c-05f46af11bd5","local_time":"20190311213539","is_ascension_mode":true,"campfire_choices":[{"data":"Neutralize","floor":6,"key":"SMITH"},{"data":"Bouncing Flask","floor":8,"key":"SMITH"},{"data":"Leg Sweep","floor":12,"key":"SMITH"},{"data":"Caltrops","floor":15,"key":"SMITH"},{"data":"Deadly Poison","floor":23,"key":"SMITH"},{"data":"Footwork","floor":27,"key":"SMITH"},{"data":"Noxious Fumes","floor":32,"key":"SMITH"},{"data":"Burst","floor":40,"key":"SMITH"},{"data":"Crippling Poison","floor":42,"key":"SMITH"},{"floor":44,"key":"RECALL"},{"data":"Well Laid Plans","floor":47,"key":"SMITH"},{"data":"Backflip","floor":49,"key":"SMITH"},{"data":"Ghostly","floor":52,"key":"SMITH"}],"neow_cost":"NONE","seed_source_timestamp":182865331668759,"circlet_count":0,"master_deck":["Defend_G","Defend_G","Defend_G","Defend_G","Strike_G","Strike_G+1","Strike_G","Survivor","Neutralize+1","Dagger Throw+1","Bouncing Flask+1","Caltrops+1","Poisoned Stab","Leg Sweep+1","Backflip+1","Ghostly+1","Ghostly","Ghostly","Ghostly","Ghostly","Deadly Poison+1","Footwork+1","Noxious Fumes+1","PiercingWail+1","Burst+1","Crippling Poison+1","Noxious Fumes+1","Well Laid Plans+1"],"relics":["Ring of the Snake","NeowsBlessing","Blood Vial","Ornamental Fan","Ice Cream","Eternal Feather","Enchiridion","Bag of Marbles","Membership Card","Pantograph","Whetstone","Centennial Puzzle","Empty Cage","Question Card","Art of War","Bottled Tornado","Strawberry","Oddly Smooth Stone"],"potions_floor_usage":[16,31,33,33,50,54],"damage_taken":[{"damage":0,"enemies":"Cultist","floor":1,"turns":1},{"damage":0,"enemies":"Small Slimes","floor":4,"turns":1},{"damage":0,"enemies":"Gremlin Nob","floor":7,"turns":1},{"damage":1,"enemies":"2 Louse","floor":10,"turns":4},{"damage":8,"enemies":"2 Fungi Beasts","floor":11,"turns":4},{"damage":27,"enemies":"Lagavulin","floor":14,"turns":5},{"damage":15,"enemies":"Hexaghost","floor":16,"turns":7},{"damage":10,"enemies":"Spheric Guardian","floor":18,"turns":5},{"damage":3,"enemies":"Chosen","floor":22,"turns":5},{"damage":28,"enemies":"Centurion and Healer","floor":24,"turns":13},{"damage":2,"enemies":"Shelled Parasite and Fungi","floor":28,"turns":6},{"damage":0,"enemies":"Gremlin Leader","floor":29,"turns":7},{"damage":0,"enemies":"Snake Plant","floor":30,"turns":5},{"damage":8,"enemies":"Slavers","floor":31,"turns":9},{"damage":9,"enemies":"Champ","floor":33,"turns":14},{"damage":2,"enemies":"3 Darklings","floor":35,"turns":8},{"damage":18,"enemies":"Orb Walker","floor":37,"turns":7},{"damage":22,"enemies":"Maw","floor":41,"turns":10},{"damage":5,"enemies":"Sphere and 2 Shapes","floor":45,"turns":7},{"damage":25,"enemies":"Donu and Deca","floor":50,"turns":9},{"damage":21,"enemies":"Shield and Spear","floor":54,"turns":7},{"damage":74,"enemies":"The Heart","floor":55,"turns":9}],"seed_played":"2010735666888714722","potions_obtained":[{"floor":4,"key":"Strength Potion"},{"floor":7,"key":"FairyPotion"},{"floor":22,"key":"GhostInAJar"},{"floor":28,"key":"EssenceOfSteel"},{"floor":31,"key":"Swift Potion"},{"floor":35,"key":"AttackPotion"},{"floor":37,"key":"Energy Potion"}],"is_trial":false,"path_per_floor":["M","$","$","M","?","R","E","R","T","M","M","R","?","E","R","B",null,"M","?","?","T","M","R","M","$","T","R","M","E","M","E","R","B",null,"M","?","M","?","T","R","M","R","T","R","M","$","R","?","R","B",null,"R","$","E","B"],"character_chosen":"THE_SILENT","items_purchased":["Membership Card","Footwork","Bottled Tornado","Well Laid Plans","Strawberry"],"campfire_rested":0,"item_purchase_floors":[25,25,46,46,53],"current_hp_per_floor":[70,70,70,70,70,70,70,70,70,69,62,62,55,30,30,17,70,60,44,35,35,32,35,7,7,7,22,22,24,26,20,35,26,35,33,33,17,17,17,32,12,27,27,35,30,30,35,35,35,10,35,35,42,21,0],"gold":48,"neow_bonus":"THREE_ENEMY_KILL","is_prod":false,"is_daily":false,"chose_seed":false,"campfire_upgraded":12,"win_rate":0,"timestamp":1552336539,"path_taken":["M","?","$","?","?","R","E","R","T","?","M","R","?","E","R","BOSS","M","?","?","?","M","R","?","$","T","R","M","E","M","E","R","BOSS","M","?","M","?","?","R","M","R","T","R","M","$","R","?","R","BOSS","R","$","E","BOSS"],"build_version":"2019-01-23","purchased_purges":3,"victory":false,"max_hp_per_floor":[70,70,70,70,70,70,70,70,70,70,70,70,70,70,70,70,70,70,70,35,35,35,35,35,35,35,35,35,35,35,35,35,35,35,35,35,35,35,35,35,35,35,35,35,35,35,35,35,35,35,35,35,42,42,42],"card_choices":[{"not_picked":["Slice","Backflip"],"picked":"Dagger Throw","floor":1},{"not_picked":["Slice","Infinite Blades"],"picked":"Bouncing Flask","floor":4},{"not_picked":["Endless Agony","Bane"],"picked":"Caltrops","floor":7},{"not_picked":["Sucker Punch","Bane"],"picked":"Poisoned Stab","floor":10},{"not_picked":["Riddle With Holes","Cloak And Dagger"],"picked":"Leg Sweep","floor":11},{"not_picked":["Unload","Underhanded Strike"],"picked":"Backflip","floor":14},{"not_picked":["Dagger Throw+1","Blade Dance","Flying Knee"],"picked":"SKIP","floor":18},{"not_picked":["Deflect+1","Poisoned Stab"],"picked":"Deadly Poison","floor":22},{"not_picked":["Masterful Stab","Calculated Gamble+1","Infinite Blades"],"picked":"SKIP","floor":24},{"not_picked":["Sucker Punch","Deadly Poison"],"picked":"Noxious Fumes","floor":28},{"not_picked":["Terror","Dodge and Roll"],"picked":"PiercingWail+1","floor":29},{"not_picked":["Tactician+1","Dagger Throw","Predator"],"picked":"SKIP","floor":30},{"not_picked":["Quick Slash+1","Reflex","Flying Knee+1"],"picked":"SKIP","floor":31},{"not_picked":["A Thousand Cuts","Die Die Die"],"picked":"Burst","floor":33},{"not_picked":["Deadly Poison","Dagger Throw","Prepared"],"picked":"SKIP","floor":35},{"not_picked":["Magnetism","Flash of Steel"],"picked":"Trip","floor":36},{"not_picked":["Deadly Poison+1","Caltrops+1"],"picked":"Crippling Poison","floor":37},{"not_picked":["Underhanded Strike","Terror+1","Prepared+1"],"picked":"Noxious Fumes+1","floor":41},{"not_picked":["Dodge and Roll+1","Cloak And Dagger","Dagger Throw+1","Bouncing Flask+1"],"picked":"SKIP","floor":45},{"not_picked":["Glass Knife","Eviscerate+1","Setup+1","Deadly Poison"],"picked":"SKIP","floor":54}],"player_experience":186424,"relics_obtained":[{"floor":7,"key":"Blood Vial"},{"floor":14,"key":"Ice Cream"},{"floor":19,"key":"Enchiridion"},{"floor":21,"key":"Bag of Marbles"},{"floor":26,"key":"Pantograph"},{"floor":29,"key":"Whetstone"},{"floor":31,"key":"Centennial Puzzle"},{"floor":39,"key":"Question Card"},{"floor":43,"key":"Art of War"},{"floor":54,"key":"Oddly Smooth Stone"}],"event_choices":[{"damage_healed":0,"gold_gain":0,"player_choice":"2 cards matched","damage_taken":0,"max_hp_gain":0,"max_hp_loss":0,"event_name":"Match and Keep!","floor":5,"gold_loss":0,"cards_obtained":["Prepared","Riddle With Holes"]},{"damage_healed":0,"gold_gain":0,"player_choice":"Success","damage_taken":7,"relics_obtained":["Ornamental Fan"],"max_hp_gain":0,"max_hp_loss":0,"event_name":"Scrap Ooze","floor":13,"gold_loss":0},{"damage_healed":0,"gold_gain":0,"player_choice":"Obtained Book","damage_taken":16,"max_hp_gain":0,"max_hp_loss":0,"event_name":"Cursed Tome","floor":19,"gold_loss":0},{"damage_healed":0,"gold_gain":0,"player_choice":"Became a Ghost","damage_taken":0,"max_hp_gain":0,"max_hp_loss":35,"event_name":"Ghosts","floor":20,"gold_loss":0,"cards_obtained":["Ghostly","Ghostly","Ghostly","Ghostly","Ghostly"]},{"damage_healed":0,"gold_gain":0,"player_choice":"Memory 1","damage_taken":0,"max_hp_gain":0,"max_hp_loss":0,"event_name":"SensoryStone","floor":36,"gold_loss":0},{"cards_removed":["Trip"],"damage_healed":0,"gold_gain":0,"player_choice":"Removed Skill","damage_taken":0,"max_hp_gain":0,"max_hp_loss":0,"event_name":"Falling","floor":38,"gold_loss":0},{"damage_healed":0,"gold_gain":0,"player_choice":"Ignored","damage_taken":0,"max_hp_gain":0,"max_hp_loss":0,"event_name":"Mysterious Sphere","floor":48,"gold_loss":0}],"is_beta":false,"boss_relics":[{"not_picked":["HoveringKite","Sozu"],"picked":"Eternal Feather"},{"not_picked":["Velvet Choker","Runic Dome"],"picked":"Empty Cage"}],"items_purged_floors":[2,25,46],"is_endless":false,"potions_floor_spawned":[4,7,22,28,30,31,35,37],"killed_by":"The Heart","ascension_level":3}