{"gold_per_floor":[113,113,38,48,48,48,81,131,131,131,159,159,169,182,182,255,255,270,370,260,277,294,294,312,367,367,367,367,367,378,378,378,378],"floor_reached":33,"playtime":1316,"items_purged":[],"score":581,"play_id":"f9d28382-202a-45a5-acaf-7189d2a010b2","local_time":"20190214084330","is_ascension_mode":true,"campfire_choices":[{"data":"Flame Barrier","floor":6,"key":"SMITH"},{"data":"Cleave","floor":10,"key":"SMITH"},{"data":"Bludgeon","floor":12,"key":"SMITH"},{"data":"Uppercut","floor":15,"key":"SMITH"},{"floor":23,"key":"REST"},{"data":"Warcry","floor":27,"key":"SMITH"},{"data":"Disarm","floor":29,"key":"SMITH"},{"floor":32,"key":"REST"}],"neow_cost":"NONE","seed_source_timestamp":85657689633706,"circlet_count":0,"master_deck":["AscendersBane","Strike_R","Strike_R+1","Defend_R","Defend_R","Defend_R","Defend_R","Bash+1","Cleave+1","Flame Barrier+1","Headbutt","Bludgeon+1","Warcry+1","Uppercut+1","Impervious","Thunderclap+1","Disarm+1","Clothesline","RitualDagger"],"relics":["Burning Blood","NeowsBlessing","Red Skull","Strawberry","PreservedInsect","Cursed Key","Champion Belt","Sundial","Tiny Chest"],"potions_floor_usage":[11,19,25,33,33],"damage_taken":[{"damage":0,"enemies":"2 Louse","floor":1,"turns":2},{"damage":0,"enemies":"Cultist","floor":4,"turns":1},{"damage":0,"enemies":"Gremlin Nob","floor":7,"turns":1},{"damage":15,"enemies":"3 Sentries","floor":11,"turns":7},{"damage":0,"enemies":"Small Slimes","floor":13,"turns":3},{"damage":6,"enemies":"3 Louse","floor":14,"turns":3},{"damage":45,"enemies":"The Guardian","floor":16,"turns":8},{"damage":18,"enemies":"2 Thieves","floor":18,"turns":5},{"damage":8,"enemies":"Colosseum Slavers","floor":19,"turns":3},{"damage":8,"enemies":"Colosseum Nobs","floor":19,"turns":4},{"damage":11,"enemies":"Spheric Guardian","floor":21,"turns":3},{"damage":18,"enemies":"Snake Plant","floor":22,"turns":3},{"damage":19,"enemies":"Shelled Parasite and Fungi","floor":24,"turns":4},{"damage":23,"enemies":"Slavers","floor":25,"turns":4},{"damage":14,"enemies":"Cultist and Chosen","floor":30,"turns":4},{"damage":49,"enemies":"Champ","floor":33,"turns":10}],"seed_played":"4030344505361435383","potions_obtained":[{"floor":7,"key":"PowerPotion"},{"floor":14,"key":"Fire Potion"},{"floor":16,"key":"Dexterity Potion"},{"floor":22,"key":"Dexterity Potion"},{"floor":30,"key":"SkillPotion"}],"is_trial":false,"path_per_floor":["M","?","$","M","$","R","E","?","T","R","E","R","M","M","R","B",null,"M","?","?","M","M","R","M","E","T","R","?","R","M","?","R","B"],"character_chosen":"IRONCLAD","items_purchased":["Flame Barrier"],"campfire_rested":2,"item_purchase_floors":[3],"current_hp_per_floor":[74,74,74,75,75,75,75,75,82,82,73,73,79,79,79,40,72,60,56,56,51,39,63,50,33,33,33,33,33,25,19,43,0],"gold":378,"neow_bonus":"THREE_ENEMY_KILL","is_prod":false,"is_daily":false,"chose_seed":false,"campfire_upgraded":6,"win_rate":0,"timestamp":1550130210,"path_taken":["M","?","?","M","$","R","E","?","T","R","E","R","M","?","R","BOSS","M","?","?","?","M","R","M","E","T","R","?","R","M","?","R","BOSS"],"build_version":"2019-02-06","purchased_purges":0,"victory":false,"max_hp_per_floor":[75,75,75,75,75,75,75,75,82,82,82,82,82,82,82,82,82,82,82,82,82,82,82,82,82,82,82,82,82,82,82,82,82],"card_choices":[{"not_picked":["Flex","Perfected Strike"],"picked":"Cleave","floor":1},{"not_picked":["Sword Boomerang","Anger"],"picked":"Headbutt","floor":4},{"not_picked":["Reckless Charge","Warcry","Wild Strike"],"picked":"SKIP","floor":7},{"not_picked":["Spot Weakness","Inflame"],"picked":"Bludgeon","floor":11},{"not_picked":["Anger","True Grit"],"picked":"Warcry","floor":13},{"not_picked":["Entrench","True Grit"],"picked":"Uppercut","floor":14},{"not_picked":["Brutality","Limit Break"],"picked":"Impervious","floor":16},{"not_picked":["Cleave","Second Wind+1","Armaments"],"picked":"SKIP","floor":18},{"not_picked":["Blood for Blood","Sword Boomerang"],"picked":"Thunderclap+1","floor":21},{"not_picked":["Dual Wield","Rupture","Pommel Strike"],"picked":"SKIP","floor":22},{"not_picked":["Anger","Hemokinesis","Armaments"],"picked":"SKIP","floor":24},{"not_picked":["Spot Weakness","Bloodletting","Iron Wave+1"],"picked":"SKIP","floor":25},{"not_picked":["Heavy Blade","Armaments","Dual Wield"],"picked":"SKIP","floor":30}],"player_experience":757570,"relics_obtained":[{"floor":7,"key":"Red Skull"},{"floor":9,"key":"Strawberry"},{"floor":11,"key":"PreservedInsect"},{"floor":19,"key":"Champion Belt"},{"floor":19,"key":"Sundial"},{"floor":25,"key":"Tiny Chest"}],"event_choices":[{"damage_healed":0,"gold_gain":0,"player_choice":"Upgraded","damage_taken":0,"max_hp_gain":0,"max_hp_loss":0,"event_name":"Upgrade Shrine","floor":2,"gold_loss":0,"cards_upgraded":["Bash"]},{"damage_healed":0,"gold_gain":50,"player_choice":"Pray","damage_taken":0,"max_hp_gain":0,"max_hp_loss":0,"event_name":"Golden Shrine","floor":8,"gold_loss":0},{"damage_healed":0,"gold_gain":0,"player_choice":"Fight","damage_taken":0,"max_hp_gain":0,"max_hp_loss":0,"event_name":"Colosseum","floor":19,"gold_loss":0},{"damage_healed":0,"gold_gain":0,"player_choice":"Fought Nobs","damage_taken":0,"max_hp_gain":0,"max_hp_loss":0,"event_name":"Colosseum","floor":19,"gold_loss":0},{"cards_removed":["Strike_R"],"damage_healed":0,"gold_gain":0,"player_choice":"Upgrade and Remove","damage_taken":0,"max_hp_gain":0,"max_hp_loss":0,"event_name":"Designer","floor":20,"gold_loss":110,"cards_upgraded":["Strike_R"]},{"damage_healed":0,"gold_gain":0,"cards_transformed":["Strike_R","Strike_R"],"player_choice":"Became Test Subject","damage_taken":0,"max_hp_gain":0,"max_hp_loss":0,"event_name":"Drug Dealer","floor":28,"gold_loss":0,"cards_obtained":["Disarm","Clothesline"]},{"damage_healed":0,"gold_gain":0,"player_choice":"Joined the Cult","damage_taken":6,"max_hp_gain":0,"max_hp_loss":0,"event_name":"Nest","floor":31,"gold_loss":0,"cards_obtained":["RitualDagger"]}],"is_beta":true,"boss_relics":[{"not_picked":["Eternal Feather","Fusion Hammer"],"picked":"Cursed Key"}],"items_purged_floors":[],"is_endless":false,"potions_floor_spawned":[7,14,16,18,22,30],"killed_by":"Champ","ascension_level":19}