{"gold_per_floor":[115,115,128,148,148,73,73,93,93,123,150,50,50,66,66,140,140,155,172,42,42,65,65],"floor_reached":23,"playtime":1421,"items_purged":["Strike_G","Strike_G"],"score":321,"play_id":"4feedeb8-c4c5-49c5-8d48-3b69896382fa","local_time":"20190120142726","is_ascension_mode":true,"campfire_choices":[{"floor":7,"key":"REST"},{"floor":15,"key":"REST"}],"neow_cost":"PERCENT_DAMAGE","seed_source_timestamp":95483539475823,"circlet_count":0,"master_deck":["AscendersBane","Defend_G","Defend_G","Defend_G","Defend_G","Defend_G","Strike_G","Strike_G","Strike_G","Survivor","Neutralize","Deflect","Noxious Fumes","Noxious Fumes","Deadly Poison","Catalyst","Backflip","Corpse Explosion","PiercingWail","Bouncing Flask","Footwork","Deadly Poison","Shame","Normality"],"relics":["Ring of the Snake","Calipers","FossilizedHelix","Tiny Chest","Shovel","Blue Candle","Cursed Key","Toxic Egg 2","Anchor"],"potions_floor_usage":[11,23,23,23],"damage_taken":[{"damage":3,"enemies":"2 Louse","floor":1,"turns":3},{"damage":10,"enemies":"Cultist","floor":3,"turns":6},{"damage":14,"enemies":"Small Slimes","floor":4,"turns":4},{"damage":13,"enemies":"Exordium Wildlife","floor":8,"turns":5},{"damage":1,"enemies":"Gremlin Nob","floor":11,"turns":4},{"damage":0,"enemies":"Looter","floor":14,"turns":3},{"damage":7,"enemies":"The Guardian","floor":16,"turns":10},{"damage":7,"enemies":"Shell Parasite","floor":18,"turns":4},{"damage":11,"enemies":"2 Thieves","floor":19,"turns":3},{"damage":38,"enemies":"Slavers","floor":23,"turns":4}],"seed_played":"1919045771885928548","potions_obtained":[{"floor":1,"key":"GhostInAJar"},{"floor":4,"key":"Explosive Potion"},{"floor":8,"key":"Strength Potion"},{"floor":11,"key":"Swift Potion"},{"floor":19,"key":"EntropicBrew"}],"is_trial":false,"path_per_floor":["M","?","M","M","?","$","R","M","T","?","E","$","?","M","R","B",null,"M","M","$","?","T","E"],"character_chosen":"THE_SILENT","items_purchased":["Footwork","Deadly Poison"],"campfire_rested":2,"item_purchase_floors":[20,20],"current_hp_per_floor":[41,41,31,17,17,17,36,23,23,23,22,22,10,10,29,22,55,48,37,37,37,37,0],"gold":65,"neow_bonus":"ONE_RARE_RELIC","is_prod":false,"is_daily":false,"chose_seed":false,"campfire_upgraded":0,"win_rate":0,"timestamp":1547990846,"path_taken":["M","?","M","?","?","$","R","?","T","?","E","$","?","M","R","BOSS","M","M","$","?","?","E"],"build_version":"2019-01-17","purchased_purges":2,"victory":false,"max_hp_per_floor":[66,66,66,66,66,66,66,66,66,66,66,66,66,66,66,66,66,66,66,66,66,66,66],"card_choices":[{"not_picked":["PiercingWail","Underhanded Strike"],"picked":"Deflect","floor":1},{"not_picked":["Expertise","Dagger Throw"],"picked":"Noxious Fumes","floor":3},{"not_picked":["Riddle With Holes","Caltrops"],"picked":"Noxious Fumes","floor":4},{"not_picked":["Sucker Punch","Endless Agony"],"picked":"Deadly Poison","floor":8},{"not_picked":["Underhanded Strike","Caltrops"],"picked":"Catalyst","floor":11},{"not_picked":["Dodge and Roll","PiercingWail"],"picked":"Backflip","floor":14},{"not_picked":["Wraith Form v2","Unload"],"picked":"Corpse Explosion","floor":16},{"not_picked":["Cloak And Dagger","Quick Slash"],"picked":"PiercingWail","floor":18},{"not_picked":["Flechettes","Outmaneuver"],"picked":"Bouncing Flask","floor":19}],"player_experience":578335,"relics_obtained":[{"floor":11,"key":"Shovel"},{"floor":22,"key":"Anchor"}],"event_choices":[{"damage_healed":0,"gold_gain":0,"player_choice":"Bought 0 Potions","damage_taken":0,"max_hp_gain":0,"max_hp_loss":0,"event_name":"The Woman in Blue","floor":2,"gold_loss":0},{"damage_healed":0,"gold_gain":0,"player_choice":"Gave Potion","damage_taken":0,"relics_obtained":["FossilizedHelix"],"max_hp_gain":0,"max_hp_loss":0,"event_name":"WeMeetAgain","floor":5,"gold_loss":0},{"damage_healed":0,"gold_gain":0,"player_choice":"Searched \u00272\u0027 times","damage_taken":0,"relics_obtained":["Tiny Chest"],"max_hp_gain":0,"max_hp_loss":0,"event_name":"Dead Adventurer","floor":10,"gold_loss":0},{"damage_healed":0,"gold_gain":0,"player_choice":"Success","damage_taken":12,"relics_obtained":["Blue Candle"],"max_hp_gain":0,"max_hp_loss":0,"event_name":"Scrap Ooze","floor":13,"gold_loss":0},{"damage_healed":0,"gold_gain":0,"player_choice":"Stole Relic","damage_taken":0,"relics_obtained":["Toxic Egg 2"],"max_hp_gain":0,"max_hp_loss":0,"event_name":"Addict","floor":21,"gold_loss":0,"cards_obtained":["Shame"]}],"is_beta":true,"boss_relics":[{"not_picked":["Sozu","Velvet Choker"],"picked":"Cursed Key"}],"items_purged_floors":[6,12],"is_endless":false,"potions_floor_spawned":[1,4,8,11,16,19],"killed_by":"Slavers","ascension_level":14}