{"gold_per_floor":[113,124,138,153,231,258,270,282,321,333,370,395,407,431,443,455],"floor_reached":16,"playtime":1004,"items_purged":[],"score":162,"play_id":"f21a948b-e6eb-4ed4-84da-7c4ab22560d3","local_time":"20190208184505","is_ascension_mode":false,"campfire_choices":[{"floor":10,"key":"RECALL"},{"floor":13,"key":"REST"},{"floor":15,"key":"REST"}],"neow_cost":"NONE","seed_source_timestamp":1300867524672946,"circlet_count":0,"master_deck":["Strike_R","Strike_R","Strike_R","Strike_R","Strike_R","Defend_R","Defend_R","Defend_R","Defend_R","Bash","Wild Strike","Whirlwind","Warcry","Armaments","Headbutt","Inflame","Twin Strike","Armaments","Power Through","Limit Break","Heavy Blade"],"relics":["Burning Blood","MawBank","Dream Catcher"],"potions_floor_usage":[6,11,16],"damage_taken":[{"damage":0,"enemies":"2 Louse","floor":1,"turns":3},{"damage":6,"enemies":"Jaw Worm","floor":2,"turns":3},{"damage":0,"enemies":"Cultist","floor":3,"turns":3},{"damage":4,"enemies":"Blue Slaver","floor":4,"turns":5},{"damage":40,"enemies":"Lagavulin","floor":6,"turns":6},{"damage":53,"enemies":"3 Sentries","floor":11,"turns":11},{"damage":12,"enemies":"3 Louse","floor":12,"turns":3},{"damage":14,"enemies":"Large Slime","floor":14,"turns":5}],"seed_played":"-4097563937355200456","potions_obtained":[{"floor":1,"key":"GamblersBrew"},{"floor":2,"key":"LiquidBronze"},{"floor":12,"key":"Ancient Potion"},{"floor":14,"key":"LiquidBronze"}],"is_trial":false,"path_per_floor":["M","M","M","M","?","E","?","$","T","R","E","M","R","M","R","B"],"character_chosen":"IRONCLAD","items_purchased":[],"campfire_rested":2,"item_purchase_floors":[],"current_hp_per_floor":[80,80,80,80,80,46,72,72,72,72,25,19,43,35,59,0],"gold":455,"neow_bonus":"THREE_CARDS","is_prod":false,"is_daily":false,"chose_seed":false,"campfire_upgraded":0,"win_rate":0,"timestamp":1549669505,"path_taken":["M","M","M","M","?","E","?","?","T","R","E","?","R","M","R","BOSS"],"build_version":"2019-01-23","purchased_purges":0,"victory":false,"max_hp_per_floor":[80,80,80,80,80,80,80,80,80,80,80,80,80,80,80,80],"card_choices":[{"not_picked":["Sword Boomerang","Warcry"],"picked":"Wild Strike","floor":0},{"not_picked":["Intimidate","Sever Soul"],"picked":"Whirlwind","floor":1},{"not_picked":["Combust","Sword Boomerang"],"picked":"Warcry","floor":2},{"not_picked":["Cleave","Thunderclap"],"picked":"Armaments","floor":3},{"not_picked":["Cleave","Clash"],"picked":"Headbutt","floor":4},{"not_picked":["Heavy Blade","Bloodletting"],"picked":"Inflame","floor":6},{"not_picked":["Offering","Barricade"],"picked":"Twin Strike","floor":11},{"not_picked":["Thunderclap","Heavy Blade"],"picked":"Armaments","floor":12},{"not_picked":["Thunderclap","Twin Strike"],"picked":"Power Through","floor":13},{"not_picked":["Clothesline","Wild Strike"],"picked":"Limit Break","floor":14},{"not_picked":["Sword Boomerang","Body Slam"],"picked":"Heavy Blade","floor":15}],"player_experience":78906,"relics_obtained":[{"floor":6,"key":"MawBank"},{"floor":11,"key":"Dream Catcher"}],"event_choices":[{"damage_healed":0,"gold_gain":78,"player_choice":"Gained Gold","damage_taken":0,"max_hp_gain":0,"max_hp_loss":0,"event_name":"Golden Wing","floor":5,"gold_loss":0},{"damage_healed":26,"gold_gain":0,"player_choice":"Banana","damage_taken":0,"max_hp_gain":0,"max_hp_loss":0,"event_name":"Big Fish","floor":7,"gold_loss":0}],"is_beta":false,"boss_relics":[],"items_purged_floors":[],"is_endless":false,"potions_floor_spawned":[1,2,12,14],"killed_by":"The Guardian","ascension_level":0}