{"gold_per_floor":[18,28,28,28,51,83,83,102,102,117,137,149,149],"floor_reached":13,"playtime":749,"items_purged":[],"score":165,"play_id":"e7427a01-ade9-436c-8594-347a69af34b9","local_time":"20190304111030","is_ascension_mode":true,"campfire_choices":[{"floor":7,"key":"REST"}],"neow_cost":"NO_GOLD","seed_source_timestamp":937306485124499,"circlet_count":0,"master_deck":["AscendersBane","Defend_G","Defend_G","Defend_G","Defend_G","Defend_G","Strike_G","Strike_G+1","Strike_G+1","Strike_G","Strike_G","Survivor","Neutralize","Tools of the Trade","Acrobatics","Acrobatics","Venomology","Predator","PiercingWail","Underhanded Strike"],"relics":["Ring of the Snake","Whetstone","Dream Catcher","Pantograph"],"potions_floor_usage":[8,10,10,12,13,13,13],"damage_taken":[{"damage":10,"enemies":"Small Slimes","floor":1,"turns":6},{"damage":19,"enemies":"Jaw Worm","floor":2,"turns":9},{"damage":47,"enemies":"Gremlin Nob","floor":6,"turns":5},{"damage":0,"enemies":"2 Louse","floor":8,"turns":3},{"damage":7,"enemies":"Lots of Slimes","floor":10,"turns":5},{"damage":3,"enemies":"3 Louse","floor":11,"turns":4},{"damage":1,"enemies":"Blue Slaver","floor":12,"turns":6},{"damage":13,"enemies":"3 Sentries","floor":13,"turns":9}],"seed_played":"5044271505798704538","potions_obtained":[{"floor":6,"key":"Explosive Potion"},{"floor":10,"key":"EssenceOfSteel"}],"is_trial":false,"path_per_floor":["M","M","?","?","T","E","R","M","T","M","M","M","E"],"character_chosen":"THE_SILENT","items_purchased":[],"campfire_rested":1,"item_purchase_floors":[],"current_hp_per_floor":[49,30,30,52,52,5,24,24,24,17,14,13,0],"gold":149,"neow_bonus":"THREE_RARE_CARDS","is_prod":false,"is_daily":false,"chose_seed":false,"campfire_upgraded":0,"win_rate":0,"timestamp":1551694230,"path_taken":["M","M","?","?","?","E","R","M","T","M","M","M","E"],"build_version":"2019-02-06","purchased_purges":0,"victory":false,"max_hp_per_floor":[66,66,66,66,66,66,66,66,66,66,66,66,66],"card_choices":[{"not_picked":["Corpse Explosion","Doppelganger"],"picked":"Tools of the Trade","floor":0},{"not_picked":["Prepared","Setup"],"picked":"Acrobatics","floor":1},{"not_picked":["Poisoned Stab","PiercingWail"],"picked":"Acrobatics","floor":2},{"not_picked":["Masterful Stab","Outmaneuver","Bane"],"picked":"SKIP","floor":6},{"not_picked":["Catalyst","Blade Dance"],"picked":"Venomology","floor":7},{"not_picked":["Poisoned Stab","Deflect"],"picked":"Predator","floor":8},{"not_picked":["Dodge and Roll","Blade Dance"],"picked":"PiercingWail","floor":10},{"not_picked":["Poisoned Stab","PiercingWail","Eviscerate"],"picked":"SKIP","floor":11},{"not_picked":["Flechettes","Riddle With Holes"],"picked":"Underhanded Strike","floor":12}],"player_experience":832560,"relics_obtained":[{"floor":5,"key":"Whetstone"},{"floor":6,"key":"Dream Catcher"},{"floor":9,"key":"Pantograph"}],"event_choices":[{"damage_healed":0,"gold_gain":0,"player_choice":"Ignored","damage_taken":0,"max_hp_gain":0,"max_hp_loss":0,"event_name":"Golden Wing","floor":3,"gold_loss":0},{"damage_healed":22,"gold_gain":0,"player_choice":"Banana","damage_taken":0,"max_hp_gain":0,"max_hp_loss":0,"event_name":"Big Fish","floor":4,"gold_loss":0}],"is_beta":true,"boss_relics":[],"items_purged_floors":[],"is_endless":false,"potions_floor_spawned":[6,10,12],"killed_by":"3 Sentries","ascension_level":18}