{"gold_per_floor":[115,129,145,161,180,214,214,240,240,95,106,140,151,151,151,248,248,259,274,274,301,317,350,361,375,375,456,473,473,508,521,521,617,617,627,638,648,618,146,174,189,189,189,204,204,214,231,24,24,24],"floor_reached":50,"playtime":3611,"items_purged":["Regret"],"score":717,"play_id":"23fe54be-b9a8-4c17-bbc9-65ea7d23cc77","local_time":"20190206151615","is_ascension_mode":false,"campfire_choices":[{"floor":15,"key":"REST"},{"floor":29,"key":"REST"},{"floor":32,"key":"REST"},{"floor":42,"key":"REST"},{"floor":49,"key":"REST"}],"neow_cost":"NONE","seed_source_timestamp":1112929125995910,"circlet_count":0,"master_deck":["Defend_G","Defend_G","Defend_G","Defend_G","Defend_G","Strike_G","Strike_G","Strike_G","Strike_G","Strike_G","Survivor","Neutralize","All Out Attack","Predator","Outmaneuver","Dagger Throw","Caltrops","Malaise","Deflect","Backflip","Tactician","Underhanded Strike","Noxious Fumes","Burst","Underhanded Strike+1","Underhanded Strike","Terror","Dagger Spray+1","Backstab+1","Noxious Fumes","Finisher+1","Injury","Blade Dance","Blade Dance+1","Deflect","Deflect","Quick Slash","A Thousand Cuts","Dodge and Roll+1","Backflip+1","Cloak And Dagger","Calculated Gamble+1","Tactician","Finisher+1","Finisher+1","Deflect+1","Accuracy","Deflect","Bouncing Flask","Finisher+1","Dodge and Roll+1","Backflip+1","Pain","Backflip","Shame","Blade Dance+1","Quick Slash+1","Glass Knife","Backflip","Swift Strike","Dagger Throw+1"],"relics":["Ring of the Snake","Dream Catcher","Boot","Meat on the Bone","Lantern","Shuriken","Art of War","Cursed Key","Red Mask","Question Card","Snake Skull","Pantograph","Bronze Scales","Orrery","Ninja Scroll","Ornamental Fan","Kunai"],"potions_floor_usage":[8,16,18,21,21,23,33,33,33,46,50,50,50],"damage_taken":[{"damage":1,"enemies":"Jaw Worm","floor":1,"turns":6},{"damage":1,"enemies":"Cultist","floor":2,"turns":4},{"damage":0,"enemies":"Small Slimes","floor":3,"turns":2},{"damage":2,"enemies":"Looter","floor":4,"turns":4},{"damage":1,"enemies":"Exordium Wildlife","floor":5,"turns":3},{"damage":27,"enemies":"Lagavulin","floor":6,"turns":8},{"damage":30,"enemies":"3 Sentries","floor":8,"turns":6},{"damage":4,"enemies":"Blue Slaver","floor":11,"turns":5},{"damage":9,"enemies":"Lagavulin","floor":12,"turns":8},{"damage":0,"enemies":"Large Slime","floor":13,"turns":5},{"damage":26,"enemies":"Slime Boss","floor":16,"turns":10},{"damage":16,"enemies":"Spheric Guardian","floor":18,"turns":5},{"damage":18,"enemies":"3 Byrds","floor":19,"turns":5},{"damage":25,"enemies":"Masked Bandits","floor":21,"turns":5},{"damage":7,"enemies":"Cultist and Chosen","floor":22,"turns":5},{"damage":0,"enemies":"Book of Stabbing","floor":23,"turns":6},{"damage":18,"enemies":"3 Cultists","floor":24,"turns":5},{"damage":23,"enemies":"Shelled Parasite and Fungi","floor":25,"turns":5},{"damage":33,"enemies":"Snake Plant","floor":28,"turns":3},{"damage":27,"enemies":"Gremlin Leader","floor":30,"turns":6},{"damage":18,"enemies":"Cultist and Chosen","floor":31,"turns":6},{"damage":45,"enemies":"Collector","floor":33,"turns":8},{"damage":0,"enemies":"Orb Walker","floor":35,"turns":3},{"damage":32,"enemies":"3 Shapes","floor":36,"turns":4},{"damage":2,"enemies":"Sphere and 2 Shapes","floor":37,"turns":5},{"damage":0,"enemies":"Giant Head","floor":40,"turns":5},{"damage":31,"enemies":"4 Shapes","floor":41,"turns":3},{"damage":0,"enemies":"Jaw Worm Horde","floor":44,"turns":2},{"damage":0,"enemies":"3 Darklings","floor":46,"turns":4},{"damage":32,"enemies":"Spire Growth","floor":47,"turns":5},{"damage":87,"enemies":"Time Eater","floor":50,"turns":8}],"seed_played":"1253802305737933615","potions_obtained":[{"floor":2,"key":"SkillPotion"},{"floor":3,"key":"FearPotion"},{"floor":6,"key":"Energy Potion"},{"floor":7,"key":"Poison Potion"},{"floor":11,"key":"Block Potion"},{"floor":16,"key":"LiquidBronze"},{"floor":21,"key":"EssenceOfSteel"},{"floor":23,"key":"FairyPotion"},{"floor":25,"key":"GamblersBrew"},{"floor":30,"key":"Ancient Potion"},{"floor":31,"key":"EssenceOfSteel"},{"floor":37,"key":"Explosive Potion"},{"floor":38,"key":"Energy Potion"},{"floor":38,"key":"SneckoOil"},{"floor":44,"key":"Poison Potion"},{"floor":46,"key":"GhostInAJar"}],"is_trial":false,"path_per_floor":["M","M","M","M","M","E","?","E","T","$","M","E","M","?","R","B",null,"M","M","?","?","M","E","M","M","T","T","M","R","E","M","R","B",null,"M","M","M","?","$","E","M","R","T","M","?","M","M","$","R","B"],"character_chosen":"THE_SILENT","items_purchased":["Lantern","Ninja Scroll","Accuracy","Deflect","Bouncing Flask","Glass Knife","Backflip","Swift Strike"],"campfire_rested":5,"item_purchase_floors":[10,39,39,39,39,48,48,48],"current_hp_per_floor":[76,75,75,73,72,45,45,15,15,15,23,26,38,26,49,35,77,61,43,43,30,35,47,41,30,30,30,19,42,27,21,44,36,77,77,45,43,43,43,43,24,47,47,47,47,47,27,27,50,0],"gold":24,"neow_bonus":"TEN_PERCENT_HP_BONUS","is_prod":false,"is_daily":false,"chose_seed":false,"campfire_upgraded":0,"win_rate":0.0,"timestamp":1549484175,"path_taken":["M","M","M","M","M","E","?","E","T","$","M","E","?","?","R","BOSS","M","M","?","?","M","E","M","M","T","?","M","R","E","M","R","BOSS","M","M","M","?","$","E","M","R","T","?","?","?","M","$","R","BOSS"],"build_version":"2019-01-23","purchased_purges":1,"victory":false,"max_hp_per_floor":[77,77,77,77,77,77,77,77,77,77,77,77,77,77,77,77,77,77,77,77,77,77,77,77,77,77,77,77,77,77,77,77,77,77,77,77,77,77,77,77,77,77,77,77,77,77,77,77,77,77],"card_choices":[{"not_picked":["Outmaneuver","PiercingWail"],"picked":"All Out Attack","floor":1},{"not_picked":["Leg Sweep","Dagger Throw"],"picked":"Predator","floor":2},{"not_picked":["Prepared","Expertise"],"picked":"Outmaneuver","floor":3},{"not_picked":["Masterful Stab","Skewer"],"picked":"Dagger Throw","floor":4},{"not_picked":["Slice","Bouncing Flask"],"picked":"Caltrops","floor":5},{"not_picked":["Quick Slash","Tactician"],"picked":"Malaise","floor":6},{"not_picked":["Deadly Poison","All Out Attack"],"picked":"Deflect","floor":8},{"not_picked":["Infinite Blades","Outmaneuver"],"picked":"Backflip","floor":11},{"not_picked":["Accuracy","Outmaneuver"],"picked":"Tactician","floor":12},{"not_picked":["Sucker Punch","Blade Dance"],"picked":"Underhanded Strike","floor":13},{"not_picked":["Skewer","Dodge and Roll"],"picked":"Noxious Fumes","floor":15},{"not_picked":["Doppelganger","Malaise"],"picked":"Burst","floor":16},{"not_picked":["Backflip","Dodge and Roll"],"picked":"Underhanded Strike+1","floor":18},{"not_picked":["Acrobatics","Prepared"],"picked":"Underhanded Strike","floor":19},{"not_picked":["Riddle With Holes+1","Leg Sweep"],"picked":"Terror","floor":21},{"not_picked":["Poisoned Stab","Quick Slash"],"picked":"Dagger Spray+1","floor":22},{"not_picked":["Cloak And Dagger","Slice"],"picked":"Backstab+1","floor":23},{"not_picked":["Prepared","PiercingWail+1","Crippling Poison"],"picked":"Noxious Fumes","floor":24},{"not_picked":["Masterful Stab","Bane+1","Riddle With Holes"],"picked":"Finisher+1","floor":25},{"not_picked":["Crippling Poison","Doppelganger","Flying Knee"],"picked":"Blade Dance","floor":28},{"not_picked":["Deflect","Bane","Dagger Spray+1"],"picked":"Blade Dance+1","floor":29},{"not_picked":["Venomology","Outmaneuver+1","Flying Knee"],"picked":"Deflect","floor":30},{"not_picked":["Acrobatics","Infinite Blades","Calculated Gamble"],"picked":"Deflect","floor":31},{"not_picked":["Expertise","Venomology","Flying Knee"],"picked":"Quick Slash","floor":32},{"not_picked":["Tools of the Trade","After Image","Adrenaline"],"picked":"A Thousand Cuts","floor":33},{"not_picked":["Masterful Stab","Quick Slash","Flying Knee"],"picked":"Dodge and Roll+1","floor":34},{"not_picked":["Leg Sweep","Dodge and Roll","Expertise"],"picked":"Backflip+1","floor":34},{"not_picked":["Blur+1","Quick Slash","Dagger Throw"],"picked":"Cloak And Dagger","floor":34},{"not_picked":["Backstab","Reflex+1","Choke"],"picked":"Calculated Gamble+1","floor":34},{"not_picked":["Quick Slash+1","Cloak And Dagger","Deflect"],"picked":"Tactician","floor":34},{"not_picked":["All Out Attack","Choke+1","Underhanded Strike+1"],"picked":"Finisher+1","floor":35},{"not_picked":["Blur","Masterful Stab+1","Deadly Poison"],"picked":"Finisher+1","floor":36},{"not_picked":["Unload","Distraction","Predator"],"picked":"Deflect+1","floor":37},{"not_picked":["Sucker Punch","Reflex+1","Blur+1"],"picked":"Finisher+1","floor":40},{"not_picked":["Poisoned Stab","Dagger Throw","Expertise+1"],"picked":"Dodge and Roll+1","floor":41},{"not_picked":["Flying Knee","Caltrops","Acrobatics+1"],"picked":"Backflip+1","floor":42},{"not_picked":["Sucker Punch+1","Infinite Blades","Crippling Poison"],"picked":"Backflip","floor":44},{"not_picked":["Caltrops","Flying Knee","Noxious Fumes"],"picked":"Blade Dance+1","floor":46},{"not_picked":["Sucker Punch","Wraith Form v2","PiercingWail+1"],"picked":"Quick Slash+1","floor":47},{"not_picked":["Acrobatics+1","Accuracy+1","Cloak And Dagger+1"],"picked":"Dagger Throw+1","floor":49}],"player_experience":43231,"relics_obtained":[{"floor":6,"key":"Dream Catcher"},{"floor":8,"key":"Boot"},{"floor":9,"key":"Meat on the Bone"},{"floor":12,"key":"Shuriken"},{"floor":21,"key":"Red Mask"},{"floor":23,"key":"Question Card"},{"floor":26,"key":"Snake Skull"},{"floor":27,"key":"Pantograph"},{"floor":30,"key":"Bronze Scales"},{"floor":40,"key":"Ornamental Fan"},{"floor":43,"key":"Kunai"}],"event_choices":[{"damage_healed":0,"gold_gain":0,"player_choice":"Got Potions","damage_taken":0,"max_hp_gain":0,"max_hp_loss":0,"event_name":"Lab","floor":7,"gold_loss":0},{"damage_healed":0,"gold_gain":0,"player_choice":"Success","damage_taken":12,"relics_obtained":["Art of War"],"max_hp_gain":0,"max_hp_loss":0,"event_name":"Scrap Ooze","floor":14,"gold_loss":0},{"damage_healed":0,"gold_gain":0,"player_choice":"Ignored","damage_taken":0,"max_hp_gain":0,"max_hp_loss":0,"event_name":"Vampires","floor":20,"gold_loss":0},{"damage_healed":0,"gold_gain":0,"player_choice":"Fought Bandits","damage_taken":0,"max_hp_gain":0,"max_hp_loss":0,"event_name":"Masked Bandits","floor":21,"gold_loss":0},{"damage_healed":0,"gold_gain":0,"player_choice":"Bought 2 Potions","damage_taken":0,"max_hp_gain":0,"max_hp_loss":0,"event_name":"The Woman in Blue","floor":38,"gold_loss":0},{"damage_healed":0,"gold_gain":0,"player_choice":"1 cards matched","damage_taken":0,"max_hp_gain":0,"max_hp_loss":0,"event_name":"Match and Keep!","floor":45,"gold_loss":0,"cards_obtained":["Shame"]}],"is_beta":false,"boss_relics":[{"not_picked":["Ring of the Serpent","Pandora\u0027s Box"],"picked":"Cursed Key"},{"not_picked":["HoveringKite","Black Star"],"picked":"Orrery"}],"items_purged_floors":[39],"is_endless":false,"potions_floor_spawned":[2,3,6,11,16,21,23,25,30,31,37,44,46],"killed_by":"Time Eater","ascension_level":0}