{"gold_per_floor":[115,133,133,22,22,34,56,99,165,206,233,263,275,302,314,403,415,446,473,497,559,588,600,220,255,255,268,268,14,14,46,46,46],"floor_reached":33,"playtime":1975,"items_purged":["Strike_B","Strike_B","Doubt"],"score":520,"play_id":"0c1eccab-b5b7-4936-b6b0-a9508111a4c2","local_time":"20190305165310","is_ascension_mode":true,"campfire_choices":[{"data":"Fusion","floor":6,"key":"SMITH"},{"floor":13,"key":"REST"},{"data":"Go for the Eyes","floor":15,"key":"SMITH"},{"floor":23,"key":"REST"},{"floor":32,"key":"REST"}],"neow_cost":"TEN_PERCENT_HP_LOSS","seed_source_timestamp":1043027183760831,"circlet_count":0,"master_deck":["AscendersBane","Strike_B","Strike_B","Defend_B","Defend_B","Defend_B","Defend_B","Zap","Dualcast","Chill","Tempest","Core Surge","Reinforced Body","Fusion+1","White Noise","Glacier","Ball Lightning","Conserve Battery","Hologram","Go for the Eyes+1","Echo Form","Conserve Battery","Compile Driver","Loop","Apotheosis","Recycle","Rainbow","FTL+1"],"relics":["Cracked Core","Du-Vu Doll","MawBank","Darkstone Periapt","Boot","Cables","Cursed Key","Smiling Mask","Centennial Puzzle","Runic Capacitor","Bag of Preparation"],"potions_floor_usage":[11,16,25,31],"damage_taken":[{"damage":2,"enemies":"2 Louse","floor":1,"turns":2},{"damage":4,"enemies":"Cultist","floor":2,"turns":3},{"damage":1,"enemies":"Jaw Worm","floor":7,"turns":4},{"damage":23,"enemies":"3 Sentries","floor":8,"turns":11},{"damage":18,"enemies":"Lagavulin","floor":10,"turns":7},{"damage":0,"enemies":"Gremlin Gang","floor":11,"turns":3},{"damage":1,"enemies":"Blue Slaver","floor":12,"turns":3},{"damage":3,"enemies":"Red Slaver","floor":14,"turns":2},{"damage":15,"enemies":"The Guardian","floor":16,"turns":13},{"damage":9,"enemies":"Chosen","floor":18,"turns":4},{"damage":0,"enemies":"Spheric Guardian","floor":19,"turns":3},{"damage":22,"enemies":"Snake Plant","floor":20,"turns":3},{"damage":5,"enemies":"Snecko","floor":22,"turns":4},{"damage":1,"enemies":"Book of Stabbing","floor":25,"turns":6},{"damage":7,"enemies":"Chosen and Byrds","floor":27,"turns":5},{"damage":7,"enemies":"Slavers","floor":31,"turns":2},{"damage":52,"enemies":"Champ","floor":33,"turns":12}],"seed_played":"6749863895676064304","potions_obtained":[{"floor":1,"key":"Explosive Potion"},{"floor":10,"key":"Swift Potion"},{"floor":12,"key":"Weak Potion"},{"floor":16,"key":"FearPotion"},{"floor":27,"key":"Energy Potion"}],"is_trial":false,"path_per_floor":["M","M","?","$","T","R","M","E","T","E","M","M","R","M","R","B",null,"M","M","M","?","M","R","$","E","T","M","?","$","?","E","R","B"],"character_chosen":"DEFECT","items_purchased":["Fusion","Loop","Apotheosis","Recycle","Runic Capacitor"],"campfire_rested":3,"item_purchase_floors":[4,24,24,24,29],"current_hp_per_floor":[62,58,58,58,58,58,57,34,34,16,16,15,34,31,31,16,52,43,43,21,21,16,35,35,34,40,33,33,33,33,26,47,0],"gold":46,"neow_bonus":"ONE_RARE_RELIC","is_prod":false,"is_daily":false,"chose_seed":false,"campfire_upgraded":2,"win_rate":0,"timestamp":1551801190,"path_taken":["M","M","?","?","?","R","M","E","T","E","M","M","R","M","R","BOSS","M","M","?","?","?","R","$","E","T","M","?","$","?","E","R","BOSS"],"build_version":"2019-02-06","purchased_purges":3,"victory":false,"max_hp_per_floor":[64,64,64,64,64,64,64,64,64,64,64,64,64,64,64,64,64,64,64,64,64,64,64,64,64,70,70,70,70,70,70,70,70],"card_choices":[{"not_picked":["Rebound","Turbo"],"picked":"Chill","floor":1},{"not_picked":["Beam Cell","Rebound"],"picked":"Tempest","floor":2},{"not_picked":["Consume","Coolheaded"],"picked":"White Noise","floor":7},{"not_picked":["Machine Learning","Ball Lightning"],"picked":"Glacier","floor":8},{"not_picked":["Compile Driver","Hello World"],"picked":"Ball Lightning","floor":10},{"not_picked":["Steam","Turbo"],"picked":"Conserve Battery","floor":11},{"not_picked":["Sweeping Beam","Steam"],"picked":"Hologram","floor":12},{"not_picked":["Compile Driver","Static Discharge"],"picked":"Go for the Eyes","floor":14},{"not_picked":["Meteor Strike","Rainbow"],"picked":"Echo Form","floor":16},{"not_picked":["Rebound+1","Hello World"],"picked":"Conserve Battery","floor":18},{"not_picked":["Rebound","Redo"],"picked":"Compile Driver","floor":19},{"not_picked":["Melter+1","Steam","Beam Cell"],"picked":"SKIP","floor":20},{"not_picked":["Cold Snap+1","Go for the Eyes","Beam Cell"],"picked":"SKIP","floor":22},{"not_picked":["Recycle","Rebound"],"picked":"Rainbow","floor":25},{"not_picked":["Coolheaded","Barrage","Compile Driver"],"picked":"SKIP","floor":27},{"not_picked":["Genetic Algorithm","Multi-Cast"],"picked":"FTL+1","floor":31}],"player_experience":849414,"relics_obtained":[{"floor":5,"key":"MawBank"},{"floor":8,"key":"Darkstone Periapt"},{"floor":9,"key":"Boot"},{"floor":10,"key":"Cables"},{"floor":25,"key":"Smiling Mask"},{"floor":26,"key":"Centennial Puzzle"},{"floor":31,"key":"Bag of Preparation"}],"event_choices":[{"damage_healed":0,"gold_gain":0,"player_choice":"2 cards matched","damage_taken":0,"max_hp_gain":0,"max_hp_loss":0,"event_name":"Match and Keep!","floor":3,"gold_loss":0,"cards_obtained":["Core Surge","Reinforced Body"]},{"damage_healed":0,"gold_gain":50,"player_choice":"Pray","damage_taken":0,"max_hp_gain":0,"max_hp_loss":0,"event_name":"Golden Shrine","floor":21,"gold_loss":0},{"damage_healed":0,"gold_gain":0,"player_choice":"Ignored","damage_taken":0,"max_hp_gain":0,"max_hp_loss":0,"event_name":"Vampires","floor":28,"gold_loss":0},{"damage_healed":0,"gold_gain":0,"player_choice":"Ignored","damage_taken":0,"max_hp_gain":0,"max_hp_loss":0,"event_name":"Ghosts","floor":30,"gold_loss":0}],"is_beta":true,"boss_relics":[{"not_picked":["Ectoplasm","Runic Dome"],"picked":"Cursed Key"}],"items_purged_floors":[4,24,29],"is_endless":false,"potions_floor_spawned":[1,10,12,16,19,22,27],"killed_by":"Champ","ascension_level":15}