{"gold_per_floor":[112,112,62,83,108,108,126,0,0,15,15,15,15,33,33,162,162,181,181,181,28,47,47,146,165,165,188,188,212,24,49,49,49],"floor_reached":33,"playtime":2205,"items_purged":[],"score":287,"play_id":"d74b02e7-d217-4e13-b4b5-057c61ce3ec1","local_time":"20181229105254","is_ascension_mode":false,"campfire_choices":[{"data":"Dualcast","floor":6.0,"key":"SMITH"},{"data":"Zap","floor":12.0,"key":"SMITH"},{"data":"Redo","floor":15.0,"key":"SMITH"},{"data":"Static Discharge","floor":23.0,"key":"SMITH"},{"floor":32,"key":"REST"}],"neow_cost":"PERCENT_DAMAGE","seed_source_timestamp":0,"circlet_count":0,"master_deck":["Strike_B","Strike_B","Defend_B","Defend_B","Defend_B","Defend_B","Zap+1","Dualcast+1","Skim","Leap","Leap","Gash","Static Discharge+1","Conserve Battery","Conserve Battery","Redo+1","Echo Form","Cold Snap","All For One","Tempest+1","Double Energy","Beam Cell","Glacier","Redo+1"],"special_seed":0,"relics":["Cracked Core","FossilizedHelix","Golden Idol","Ornamental Fan","Velvet Choker","MutagenicStrength","Sundial","Frozen Egg 2","Art of War","Bag of Preparation"],"potions_floor_usage":[],"damage_taken":[{"damage":0.0,"enemies":"2 Louse","floor":1.0,"turns":3.0},{"damage":0.0,"enemies":"Jaw Worm","floor":4.0,"turns":4.0},{"damage":1.0,"enemies":"Small Slimes","floor":5.0,"turns":4.0},{"damage":0.0,"enemies":"Blue Slaver","floor":7.0,"turns":4.0},{"damage":2.0,"enemies":"Exordium Wildlife","floor":10.0,"turns":5.0},{"damage":0.0,"enemies":"Red Slaver","floor":14.0,"turns":4.0},{"damage":0.0,"enemies":"The Guardian","floor":16.0,"turns":15.0},{"damage":4.0,"enemies":"Shell Parasite","floor":18.0,"turns":7.0},{"damage":10.0,"enemies":"3 Byrds","floor":22.0,"turns":4.0},{"damage":7.0,"enemies":"Snake Plant","floor":25.0,"turns":4.0},{"damage":12.0,"enemies":"Sentry and Sphere","floor":29.0,"turns":6.0},{"damage":5.0,"enemies":"Chosen and Byrds","floor":31.0,"turns":3.0},{"damage":41,"enemies":"Automaton","floor":33,"turns":8}],"seed_played":"-5401202955712364008","potions_obtained":[{"floor":1.0,"key":"Swift Potion"},{"floor":4.0,"key":"Energy Potion"},{"floor":5.0,"key":"SpeedPotion"},{"floor":29.0,"key":"Explosive Potion"}],"is_trial":false,"path_per_floor":["M","?","?","M","M","R","M","$","T","M","?","R","$","M","R","B",null,"M","?","T","$","M","R","?","M","T","T","?","M","$","M","R","B"],"character_chosen":"DEFECT","items_purchased":["Static Discharge","Conserve Battery","All For One","Glacier","Bag of Preparation"],"campfire_rested":1,"item_purchase_floors":[8,8,21,30,30],"current_hp_per_floor":[54,54,54,54,53,53,53,53,53,51,51,51,51,51,51,51,69,65,65,65,65,55,55,55,48,48,48,36,24,24,19,41,0],"gold":49,"neow_bonus":"ONE_RARE_RELIC","is_prod":false,"is_daily":false,"chose_seed":false,"campfire_upgraded":4,"win_rate":1,"timestamp":1546041174,"path_taken":["M","?","?","M","M","R","M","$","T","M","?","R","?","M","R","BOSS","M","?","?","$","?","R","?","M","T","?","?","M","?","M","R","BOSS"],"build_version":"2018-12-20","purchased_purges":0,"victory":false,"max_hp_per_floor":[75,69,69,69,69,69,69,69,69,69,69,69,69,69,69,69,69,69,69,69,69,69,69,69,69,69,69,74,74,74,74,74,74],"card_choices":[{"not_picked":["Tempest","Hologram"],"picked":"Skim","floor":1.0},{"not_picked":["Steam Power","Stack"],"picked":"Leap","floor":4.0},{"not_picked":["Sweeping Beam","Barrage"],"picked":"Leap","floor":5.0},{"not_picked":["Leap","Hello World"],"picked":"Gash","floor":7.0},{"not_picked":["Fusion","Streamline"],"picked":"Conserve Battery","floor":10.0},{"not_picked":["Reinforced Body","Streamline"],"picked":"Redo","floor":14.0},{"not_picked":["Biased Cognition","Reboot"],"picked":"Echo Form","floor":16.0},{"not_picked":["Leap+1","Redo"],"picked":"Cold Snap","floor":18.0},{"not_picked":["Hologram","Double Energy"],"picked":"Tempest+1","floor":22.0},{"not_picked":["Stack","Doom and Gloom"],"picked":"Double Energy","floor":25.0},{"not_picked":["Auto Shields","White Noise+1"],"picked":"Beam Cell","floor":29.0},{"not_picked":["Barrage","Compile Driver+1"],"picked":"Redo+1","floor":31.0}],"player_experience":500801,"relics_obtained":[{"floor":9.0,"key":"Ornamental Fan"},{"floor":20.0,"key":"Sundial"},{"floor":26.0,"key":"Frozen Egg 2"},{"floor":27.0,"key":"Art of War"}],"event_choices":[{"damage_healed":0.0,"max_hp_gain":0.0,"max_hp_loss":6.0,"gold_gain":0.0,"event_name":"Golden Idol","player_choice":"Lose Max HP","floor":2.0,"gold_loss":0.0,"damage_taken":0.0,"relics_obtained":["Golden Idol"]},{"cards_removed":["Strike_B"],"damage_healed":0.0,"max_hp_gain":0.0,"max_hp_loss":0.0,"gold_gain":0.0,"event_name":"The Cleric","player_choice":"Card Removal","floor":3.0,"gold_loss":50.0,"damage_taken":0.0},{"cards_removed":["Strike_B"],"damage_healed":0.0,"max_hp_gain":0.0,"max_hp_loss":0.0,"gold_gain":0.0,"event_name":"Living Wall","player_choice":"Forget","floor":11.0,"gold_loss":0.0,"damage_taken":0.0},{"damage_healed":0.0,"max_hp_gain":0.0,"max_hp_loss":0.0,"gold_gain":0.0,"event_name":"Drug Dealer","player_choice":"Inject Mutagens","floor":19.0,"gold_loss":0.0,"damage_taken":0.0,"relics_obtained":["MutagenicStrength"]},{"damage_healed":0.0,"max_hp_gain":0.0,"max_hp_loss":0.0,"gold_gain":99.0,"event_name":"Nest","player_choice":"Stole From Cult","floor":24.0,"gold_loss":0.0,"damage_taken":0.0},{"damage_healed":0.0,"max_hp_gain":5.0,"max_hp_loss":0.0,"gold_gain":0.0,"event_name":"Forgotten Altar","player_choice":"Shed Blood","floor":28.0,"gold_loss":0.0,"damage_taken":17.0}],"is_beta":false,"boss_relics":[{"not_picked":["Tiny House","Black Star"],"picked":"Velvet Choker"}],"items_purged_floors":[],"is_endless":false,"potions_floor_spawned":[1,4,5,10,29],"killed_by":"Automaton","ascension_level":0}