{"path_per_floor":["M","?","?","?","M","E","M","E","T","R","M","M","?","$","R","B",null,"M","?","M","M","$","R"],"character_chosen":"IRONCLAD","items_purchased":["Heavy Blade","Armaments","Rampage"],"gold_per_floor":[110,110,110,110,120,150,169,199,226,226,243,256,206,78,78,173,173,189,189,203,213,87,87],"floor_reached":24,"campfire_rested":0,"playtime":1691,"current_hp_per_floor":[80,80,80,62,63,63,65,51,51,51,49,47,47,47,47,33,80,72,72,69,61,61,61],"items_purged":["Strike_R"],"gold":87,"play_id":"6d082658-9fbf-4214-865b-ba95087e5c73","is_prod":false,"is_daily":false,"is_ascension_mode":false,"campfire_upgraded":3,"path_taken":["M","?","?","?","?","E","M","E","T","R","?","?","?","$","R","BOSS","M","?","M","M","$","R","E"],"build_version":"2018-01-31-BETA4","purchased_purges":1,"victory":false,"master_deck":["Strike_R","Strike_R","Strike_R","Defend_R","Defend_R","Defend_R","Defend_R","Bash","Thunderclap","Regret","Metallicize+1","Shrug It Off","Iron Wave","Rupture","Sword Boomerang","Heavy Blade+1","Limit Break","Spot Weakness","Headbutt","Armaments+1","Rampage"],"max_hp_per_floor":[80,80,80,80,80,80,80,80,80,80,80,80,80,80,80,80,80,80,80,80,80,80,80],"relics":["Burning Blood","Kunai","Bird Faced Urn","Pen Nib","Vajra","Blood Vial","Velvet Choker"],"card_choices":[{"not_picked":["Dark Embrace","Sword Boomerang"],"picked":"Thunderclap"},{"not_picked":["Corruption","Hemokinesis"],"picked":"Metallicize"},{"not_picked":["Pummel","Flex"],"picked":"Shrug It Off"},{"not_picked":["Perfected Strike","Thunderclap"],"picked":"Iron Wave"},{"not_picked":["Dark Embrace","Clothesline"],"picked":"Rupture"},{"not_picked":["Perfected Strike","Seeing Red"],"picked":"Sword Boomerang"},{"not_picked":["Bludgeon","Juggernaut"],"picked":"Limit Break"},{"not_picked":["Shockwave","Cleave"],"picked":"Spot Weakness"},{"not_picked":["Sword Boomerang","Cleave"],"picked":"Headbutt"}],"player_experience":19172,"potions_floor_usage":[6,6,8,18,24],"damage_taken":[{"damage":6,"enemies":"Jaw Worm","floor":1,"turns":3},{"damage":5,"enemies":"Small Slimes","floor":5,"turns":4},{"damage":8,"enemies":"3 Sentries","floor":6,"turns":7},{"damage":4,"enemies":"2 Louse","floor":7,"turns":3},{"damage":22,"enemies":"Lagavulin","floor":8,"turns":7},{"damage":10,"enemies":"Exordium Wildlife","floor":11,"turns":3},{"damage":12,"enemies":"2 Fungi Beasts","floor":12,"turns":5},{"damage":26,"enemies":"Slime Boss","floor":16,"turns":9},{"damage":16,"enemies":"2 Thieves","floor":18,"turns":4},{"damage":13,"enemies":"3 Byrds","floor":20,"turns":5},{"damage":20,"enemies":"Cultist and Chosen","floor":21,"turns":7},{"damage":82,"enemies":"Slavers","floor":24,"turns":4}],"event_choices":[{"event_name":"Liars Game","player_choice":"disagreed","floor":2,"damage_taken":0},{"event_name":"Big Fish","player_choice":"Box","floor":3,"damage_taken":0},{"event_name":"Scrap Ooze","player_choice":"success","floor":4,"damage_taken":18},{"event_name":"The Cleric","player_choice":"Card Removal","floor":13,"damage_taken":0},{"event_name":"The Lab","player_choice":"Got Potions","floor":19,"damage_taken":0}],"boss_relics":[{"not_picked":["Runic Dome","Black Blood"],"picked":"Velvet Choker"}],"potions_floor_spawned":[1,12,16],"seed_played":"3804141217993981668","killed_by":"Slavers","ascension_level":0,"is_trial":false}