{"gold_per_floor":[112,132,132,132,146,146,161,17,17,17,17,33,43,43,43,137,137,157,82,7,7,7,7,31,49,49,49,90,90,113,129,129,223,223,238,263,163,163],"floor_reached":38,"playtime":1947,"items_purged":["Strike_B","Strike_B"],"score":695,"play_id":"f3990144-4604-42f6-9cac-f3d996022bc9","local_time":"20190307193921","is_ascension_mode":true,"campfire_choices":[{"data":"Zap","floor":6.0,"key":"SMITH"},{"floor":15.0,"key":"REST"},{"data":"Genetic Algorithm","floor":23.0,"key":"SMITH"},{"data":"Scrape","floor":27.0,"key":"SMITH"},{"data":"Hologram","floor":29,"key":"SMITH"},{"floor":32,"key":"REST"}],"neow_cost":"NONE","seed_source_timestamp":1225788380599406,"circlet_count":0,"master_deck":["AscendersBane","Strike_B","Strike_B+1","Defend_B","Defend_B+1","Defend_B+1","Zap+1","Dualcast","Gash","Sweeping Beam","Genetic Algorithm+1","Cold Snap","Hologram+1","Self Repair","Gash","Scrape+1","All For One","Conserve Battery","Hologram+1","Go for the Eyes","Beam Cell+1","Fusion","Double Energy"],"special_seed":0,"relics":["Cracked Core","Lantern","Mercury Hourglass","Golden Idol","White Beast Statue","War Paint","Molten Egg 2","Anchor","Eternal Feather"],"potions_floor_usage":[28,33,35,35,36],"damage_taken":[{"damage":2.0,"enemies":"2 Louse","floor":1.0,"turns":3.0},{"damage":9.0,"enemies":"Jaw Worm","floor":2.0,"turns":4.0},{"damage":0.0,"enemies":"Small Slimes","floor":5.0,"turns":3.0},{"damage":8.0,"enemies":"Looter","floor":7.0,"turns":3.0},{"damage":8.0,"enemies":"3 Louse","floor":12.0,"turns":3.0},{"damage":4.0,"enemies":"Gremlin Gang","floor":13.0,"turns":2.0},{"damage":25.0,"enemies":"The Guardian","floor":16.0,"turns":10.0},{"damage":16.0,"enemies":"3 Byrds","floor":18.0,"turns":4.0},{"damage":14.0,"enemies":"Spheric Guardian","floor":24.0,"turns":4.0},{"damage":6.0,"enemies":"Centurion and Healer","floor":25.0,"turns":6.0},{"damage":22,"enemies":"Book of Stabbing","floor":28,"turns":5},{"damage":5,"enemies":"3 Cultists","floor":30,"turns":5},{"damage":10,"enemies":"Snecko","floor":31,"turns":6},{"damage":31,"enemies":"Automaton","floor":33,"turns":9},{"damage":46,"enemies":"3 Darklings","floor":35,"turns":5},{"damage":1,"enemies":"3 Shapes","floor":36,"turns":6},{"damage":16,"enemies":"Writhing Mass","floor":38,"turns":2}],"seed_played":"8514090065673530999","potions_obtained":[{"floor":1.0,"key":"Energy Potion"},{"floor":7.0,"key":"Poison Potion"},{"floor":16.0,"key":"LiquidBronze"},{"floor":18.0,"key":"Fruit Juice"},{"floor":24.0,"key":"Block Potion"},{"floor":25.0,"key":"Strength Potion"},{"floor":28,"key":"SkillPotion"},{"floor":30,"key":"Block Potion"},{"floor":31,"key":"FocusPotion"},{"floor":33,"key":"Weak Potion"},{"floor":35,"key":"Block Potion"},{"floor":36,"key":"AttackPotion"}],"is_trial":false,"path_per_floor":["M","M","?","?","M","R","M","$","T","$","?","M","M","?","R","B",null,"M","$","?","?","?","R","M","M","T","R","E","R","M","M","R","B",null,"M","M","$","M"],"character_chosen":"DEFECT","items_purchased":["Self Repair","Gash"],"campfire_rested":2,"item_purchase_floors":[8,8],"current_hp_per_floor":[62,53,53,32,32,32,24,24,24,24,24,23,19,19,38,20,53,49,49,49,49,49,49,42,43,43,43,28,28,30,20,40,16,56,10,16,16,0],"gold":163,"neow_bonus":"THREE_CARDS","is_prod":false,"is_daily":false,"chose_seed":false,"campfire_upgraded":4,"win_rate":0,"timestamp":1551983961,"path_taken":["M","M","?","?","M","R","M","$","T","$","?","M","?","?","R","BOSS","M","$","?","?","?","R","?","M","T","R","E","R","M","M","R","BOSS","M","M","$","M"],"build_version":"2019-02-06","purchased_purges":2,"victory":false,"max_hp_per_floor":[71,71,71,71,71,71,71,71,71,71,71,71,71,64,64,64,64,69,69,69,69,69,69,69,69,69,69,69,69,69,69,69,69,69,69,69,69,69],"card_choices":[{"not_picked":["Go for the Eyes","Ball Lightning"],"picked":"Gash","floor":0.0},{"not_picked":["Static Discharge","Compile Driver"],"picked":"Sweeping Beam","floor":1.0},{"not_picked":["Turbo","Defragment"],"picked":"Genetic Algorithm","floor":2.0},{"not_picked":["Aggregate","Capacitor"],"picked":"Cold Snap","floor":5.0},{"not_picked":["Conserve Battery","Reinforced Body"],"picked":"Hologram","floor":7.0},{"not_picked":["Redo","Coolheaded","Barrage"],"picked":"SKIP","floor":12.0},{"not_picked":["Double Energy","Leap"],"picked":"Scrape","floor":13.0},{"not_picked":["Buffer","Thunder Strike"],"picked":"All For One","floor":16.0},{"not_picked":["Capacitor","Barrage"],"picked":"Conserve Battery","floor":18.0},{"not_picked":["Stack","Heatsinks"],"picked":"Hologram","floor":24.0},{"not_picked":["Ball Lightning","Defragment"],"picked":"Go for the Eyes","floor":25.0},{"not_picked":["Aggregate","Hologram"],"picked":"Beam Cell+1","floor":28},{"not_picked":["Barrage+1","Compile Driver+1"],"picked":"Fusion","floor":30},{"not_picked":["Glacier","Hologram","Go for the Eyes+1"],"picked":"SKIP","floor":31},{"not_picked":["Consume","Force Field"],"picked":"Double Energy","floor":35},{"not_picked":["Melter+1","Cold Snap+1","Sweeping Beam+1"],"picked":"SKIP","floor":36}],"player_experience":906146,"relics_obtained":[{"floor":9.0,"key":"Lantern"},{"floor":26.0,"key":"Molten Egg 2"},{"floor":28,"key":"Anchor"}],"event_choices":[{"damage_healed":0.0,"max_hp_gain":0.0,"max_hp_loss":0.0,"gold_gain":0.0,"event_name":"Liars Game","player_choice":"Ignored","floor":3.0,"gold_loss":0.0,"damage_taken":0.0},{"damage_healed":0.0,"max_hp_gain":0.0,"max_hp_loss":0.0,"gold_gain":0.0,"event_name":"Shining Light","player_choice":"Entered Light","floor":4.0,"gold_loss":0.0,"damage_taken":21.0,"cards_upgraded":["Defend_B","Strike_B"]},{"damage_healed":0.0,"max_hp_gain":0.0,"max_hp_loss":0.0,"gold_gain":0.0,"event_name":"Dead Adventurer","player_choice":"Searched \u00272\u0027 times","floor":11.0,"gold_loss":0.0,"damage_taken":0.0,"relics_obtained":["Mercury Hourglass"]},{"damage_healed":0.0,"max_hp_gain":0.0,"max_hp_loss":7.0,"gold_gain":0.0,"event_name":"Golden Idol","player_choice":"Lose Max HP","floor":14.0,"gold_loss":0.0,"damage_taken":0.0,"relics_obtained":["Golden Idol"]},{"cards_removed":["Defend_B"],"damage_healed":0.0,"max_hp_gain":0.0,"max_hp_loss":0.0,"gold_gain":0.0,"event_name":"Beggar","player_choice":"Gave Gold","floor":20.0,"gold_loss":75.0,"damage_taken":0.0},{"damage_healed":0.0,"max_hp_gain":0.0,"max_hp_loss":0.0,"gold_gain":0.0,"event_name":"Ghosts","player_choice":"Ignored","floor":21.0,"gold_loss":0.0,"damage_taken":0.0},{"damage_healed":0.0,"max_hp_gain":0.0,"max_hp_loss":0.0,"gold_gain":0.0,"event_name":"WeMeetAgain","player_choice":"Gave Potion","floor":22.0,"gold_loss":0.0,"damage_taken":0.0,"relics_obtained":["War Paint"]}],"is_beta":true,"boss_relics":[{"not_picked":["Busted Crown","Fusion Hammer"],"picked":"White Beast Statue"},{"not_picked":["Philosopher\u0027s Stone","Runic Dome"],"picked":"Eternal Feather"}],"items_purged_floors":[19,37],"is_endless":false,"potions_floor_spawned":[1,7,16,18,24,25,28,30,31,33,35,36],"killed_by":"Writhing Mass","ascension_level":16}