{"gold_per_floor":[219,169,169,169,183,183,201,201,228,27,42,71,83,94,94,194,194,211,91,91,91,75,75,91,120,143,143,143],"floor_reached":28,"playtime":3809,"items_purged":["Defend_R"],"score":250,"play_id":"2977528c-280f-403b-8870-5f58d7bd6c70","local_time":"20190309141038","is_ascension_mode":true,"campfire_choices":[{"data":"Clothesline","floor":6,"key":"SMITH"},{"data":"Shrug It Off","floor":8,"key":"SMITH"},{"data":"Shrug It Off","floor":15,"key":"SMITH"},{"data":"Carnage","floor":23,"key":"SMITH"}],"neow_cost":"NONE","seed_source_timestamp":603848151772878,"circlet_count":0,"master_deck":["Strike_R","Strike_R","Strike_R","Defend_R","Defend_R","Defend_R","Bash","Clothesline+1","Offering","Shrug It Off+1","Iron Wave","Carnage+1","Shrug It Off+1","True Grit","True Grit"],"relics":["Burning Blood","Pen Nib","Frozen Eye","Bag of Preparation","Orrery","Meat on the Bone","Ancient Tea Set"],"potions_floor_usage":[16,16,18,25,28],"damage_taken":[{"damage":8,"enemies":"2 Louse","floor":1,"turns":3},{"damage":4,"enemies":"Jaw Worm","floor":5,"turns":4},{"damage":6,"enemies":"Cultist","floor":7,"turns":2},{"damage":6,"enemies":"Blue Slaver","floor":11,"turns":2},{"damage":13,"enemies":"Gremlin Nob","floor":12,"turns":4},{"damage":11,"enemies":"2 Fungi Beasts","floor":13,"turns":3},{"damage":6,"enemies":"Looter","floor":14,"turns":1},{"damage":69,"enemies":"Hexaghost","floor":16,"turns":15},{"damage":18,"enemies":"Spheric Guardian","floor":18,"turns":4},{"damage":15,"enemies":"2 Thieves","floor":22,"turns":4},{"damage":15,"enemies":"Cultist and Chosen","floor":24,"turns":12},{"damage":29,"enemies":"Slavers","floor":25,"turns":6},{"damage":77,"enemies":"3 Cultists","floor":28,"turns":11}],"seed_played":"4456345021645249230","potions_obtained":[{"floor":11,"key":"Ancient Potion"},{"floor":14,"key":"SkillPotion"},{"floor":16,"key":"Block Potion"},{"floor":24,"key":"Regen Potion"},{"floor":25,"key":"FearPotion"}],"is_trial":false,"path_per_floor":["M","?","?","?","M","R","M","R","T","$","M","E","M","M","R","B",null,"M","$","?","?","M","R","M","E","T","?","M"],"character_chosen":"IRONCLAD","items_purchased":["Frozen Eye","True Grit"],"campfire_rested":0,"item_purchase_floors":[10,19],"current_hp_per_floor":[78,78,83,83,85,85,85,85,85,85,85,78,73,73,73,10,85,73,73,85,85,76,76,67,59,59,59,0],"gold":143,"neow_bonus":"HUNDRED_GOLD","is_prod":false,"is_daily":false,"chose_seed":false,"campfire_upgraded":4,"win_rate":0,"timestamp":1552158638,"path_taken":["M","?","?","?","M","R","M","R","T","$","M","E","M","?","R","BOSS","M","$","?","?","M","R","M","E","T","?","?"],"build_version":"2019-01-23","purchased_purges":1,"victory":false,"max_hp_per_floor":[80,80,85,85,85,85,85,85,85,85,85,85,85,85,85,85,85,85,85,85,85,85,85,85,85,85,85,85],"card_choices":[{"not_picked":["Sword Boomerang","Twin Strike"],"picked":"Clothesline","floor":1},{"not_picked":["Havoc","Heavy Blade"],"picked":"Offering","floor":5},{"not_picked":["Headbutt","Bloodletting"],"picked":"Shrug It Off","floor":7},{"not_picked":["Seeing Red","Dual Wield","Hemokinesis"],"picked":"SKIP","floor":11},{"not_picked":["Infernal Blade","Sentinel"],"picked":"Iron Wave","floor":12},{"not_picked":["Combust","Headbutt"],"picked":"Carnage","floor":13},{"not_picked":["Warcry","Spot Weakness"],"picked":"Shrug It Off","floor":14},{"not_picked":["Clothesline","Corruption","Flex"],"picked":"SKIP","floor":18},{"not_picked":["Flex","Warcry","Evolve"],"picked":"SKIP","floor":22},{"not_picked":["Flex","Warcry","Evolve"],"picked":"SKIP","floor":22},{"not_picked":["Flex+1","Headbutt+1"],"picked":"True Grit","floor":24},{"not_picked":["Evolve","Limit Break","Searing Blow+1"],"picked":"SKIP","floor":25}],"player_experience":280317,"relics_obtained":[{"floor":9,"key":"Pen Nib"},{"floor":12,"key":"Bag of Preparation"},{"floor":25,"key":"Meat on the Bone"},{"floor":26,"key":"Ancient Tea Set"}],"event_choices":[{"cards_removed":["Strike_R"],"damage_healed":0,"gold_gain":0,"player_choice":"Card Removal","damage_taken":0,"max_hp_gain":0,"max_hp_loss":0,"event_name":"The Cleric","floor":2,"gold_loss":50},{"damage_healed":0,"gold_gain":0,"player_choice":"Donut","damage_taken":0,"max_hp_gain":5,"max_hp_loss":0,"event_name":"Big Fish","floor":3,"gold_loss":0},{"cards_removed":["Strike_R"],"damage_healed":0,"gold_gain":0,"player_choice":"Offered Basic","damage_taken":0,"max_hp_gain":0,"max_hp_loss":0,"event_name":"Bonfire Elementals","floor":4,"gold_loss":0},{"damage_healed":28,"gold_gain":0,"player_choice":"Heal","damage_taken":0,"max_hp_gain":0,"max_hp_loss":0,"event_name":"The Library","floor":20,"gold_loss":0},{"damage_healed":0,"gold_gain":0,"player_choice":"Ignored","damage_taken":0,"max_hp_gain":0,"max_hp_loss":0,"event_name":"The Mausoleum","floor":21,"gold_loss":0},{"damage_healed":0,"gold_gain":0,"player_choice":"Leave","damage_taken":0,"max_hp_gain":0,"max_hp_loss":0,"event_name":"FaceTrader","floor":27,"gold_loss":0}],"is_beta":false,"boss_relics":[{"not_picked":["Cursed Key","Velvet Choker"],"picked":"Orrery"}],"items_purged_floors":[19],"is_endless":false,"potions_floor_spawned":[11,14,16,24,25],"killed_by":"3 Cultists","ascension_level":1}