{"path_per_floor":["M","?","?","?","M","R","$","M","T","M","E","?","M","M","R","B",null,"M","M","M","T","?","E","R","$","T","E","R","M"],"character_chosen":"THE_SILENT","items_purchased":["Poisoned Stab","Panache"],"gold_per_floor":[109,109,109,109,123,123,73,94,176,195,228,228,242,262,262,391,391,404,429,447,447,347,386,386,112,139,182,182,202,202],"floor_reached":30,"campfire_rested":3,"playtime":2092,"current_hp_per_floor":[70,75,57,50,50,50,50,50,50,49,30,15,15,15,37,33,75,65,55,52,52,52,24,46,46,46,22,44,24,0],"items_purged":["Strike_G"],"gold":202,"score":270,"play_id":"6ddf5589-3a36-406b-b20d-7dbc7dd0380f","local_time":"20180401000805","is_prod":false,"is_daily":false,"is_ascension_mode":false,"campfire_upgraded":1,"timestamp":1522555685,"path_taken":["M","?","?","?","M","R","$","?","T","M","E","?","M","M","R","BOSS","M","?","M","?","?","E","R","$","T","E","R","M","E"],"build_version":"2018-03-29v2","purchased_purges":1,"victory":false,"master_deck":["Defend_G+1","Defend_G","Defend_G","Defend_G","Defend_G","Strike_G","Strike_G","Strike_G","Survivor","Neutralize","Dagger Spray","Prepared","Cloak And Dagger+1","Poisoned Stab","Noxious Fumes","Infinite Blades+1","A Thousand Cuts","Flying Knee","Poisoned Stab","After Image","Finisher","Escape Plan","Dodge and Roll","Prepared","Bane","Venomology","J.A.X.","Blur","Accuracy","Panache","Poisoned Stab","Escape Plan"],"max_hp_per_floor":[70,75,75,75,75,75,75,75,75,75,75,75,75,75,75,75,75,75,75,75,75,75,75,75,75,75,75,75,75,75],"relics":["Ring of the Snake","Golden Idol","Darkstone Periapt","Oddly Smooth Stone","Orrery","Girya","Dream Catcher","Anchor","Paper Crane"],"card_choices":[{"not_picked":["Acrobatics","Cloak And Dagger"],"picked":"Dagger Spray","floor":0},{"not_picked":["Flying Knee","Caltrops"],"picked":"Prepared","floor":1},{"not_picked":["Deflect","Blade Dance"],"picked":"Cloak And Dagger","floor":5},{"not_picked":["Masterful Stab","Flechettes"],"picked":"Noxious Fumes","floor":8},{"not_picked":["Choke","Predator"],"picked":"Infinite Blades","floor":10},{"not_picked":["Malaise","Deflect"],"picked":"A Thousand Cuts","floor":11},{"not_picked":["Terror","Dagger Spray"],"picked":"Flying Knee","floor":13},{"not_picked":["Catalyst","Quick Slash"],"picked":"Poisoned Stab","floor":14},{"not_picked":["Unload","Burst"],"picked":"After Image","floor":16},{"not_picked":["Crippling Poison","Dash"],"picked":"Finisher","floor":17},{"not_picked":["Flechettes","Bane"],"picked":"Escape Plan","floor":17},{"not_picked":["Eviscerate","PiercingWail"],"picked":"Dodge and Roll","floor":17},{"not_picked":["Acrobatics","Well Laid Plans"],"picked":"Prepared","floor":17},{"not_picked":["Well Laid Plans","Underhanded Strike"],"picked":"Bane","floor":17},{"not_picked":["Expertise","Calculated Gamble"],"picked":"Venomology","floor":19},{"not_picked":["Choke","Dash"],"picked":"Blur","floor":23},{"not_picked":["PiercingWail","Quick Slash"],"picked":"Accuracy","floor":24},{"not_picked":["Slice","Blur"],"picked":"Poisoned Stab","floor":28},{"not_picked":["Acrobatics","Backflip"],"picked":"Escape Plan","floor":29}],"player_experience":50364,"potions_floor_usage":[16,16,20,20,23,30,30,30],"damage_taken":[{"damage":0,"enemies":"2 Louse","floor":1,"turns":2},{"damage":0,"enemies":"Jaw Worm","floor":5,"turns":5},{"damage":0,"enemies":"Cultist","floor":8,"turns":4},{"damage":1,"enemies":"Blue Slaver","floor":10,"turns":4},{"damage":19,"enemies":"Lagavulin","floor":11,"turns":8},{"damage":0,"enemies":"Looter","floor":13,"turns":4},{"damage":0,"enemies":"2 Fungi Beasts","floor":14,"turns":3},{"damage":4,"enemies":"Hexaghost","floor":16,"turns":9},{"damage":10,"enemies":"Shell Parasite","floor":18,"turns":7},{"damage":10,"enemies":"Spheric Guardian","floor":19,"turns":5},{"damage":3,"enemies":"Centurion and Healer","floor":20,"turns":5},{"damage":28,"enemies":"Gremlin Leader","floor":23,"turns":7},{"damage":24,"enemies":"Book of Stabbing","floor":27,"turns":8},{"damage":20,"enemies":"Snake Plant","floor":29,"turns":6},{"damage":24,"enemies":"Slavers","floor":30,"turns":2}],"event_choices":[{"event_name":"Big Fish","player_choice":"Donut","floor":2,"damage_taken":0},{"event_name":"Golden Idol","player_choice":"Take Damage","floor":3,"damage_taken":0},{"event_name":"Golden Wing","player_choice":"Card Removal","floor":4,"damage_taken":0},{"event_name":"Shining Light","player_choice":"Entered Light","floor":12,"damage_taken":0},{"event_name":"Drug Dealer","player_choice":"Got JAXXED","floor":22,"damage_taken":0}],"boss_relics":[{"not_picked":["Runic Pyramid","Lizard Tail"],"picked":"Orrery"}],"potions_floor_spawned":[5,8,13,14,16,27,29],"seed_played":"3273355802072003377","killed_by":"Slavers","ascension_level":0,"is_trial":false}