{"gold_per_floor":[119,119,119,132,151,151,183,183,230,245,245,27,27,41,41,139,139,158,172,187,200,219,219,237,237,287,302,321,321,321,340,340,340],"floor_reached":33,"playtime":1388,"items_purged":[],"score":253,"play_id":"4ac89cfb-3e80-492f-951d-d1122fe9af48","local_time":"20190208191028","is_ascension_mode":false,"campfire_choices":[{"floor":6.0,"key":"RECALL"},{"floor":8.0,"key":"REST"},{"data":"Heavy Blade","floor":11.0,"key":"SMITH"},{"data":"Inflame","floor":15.0,"key":"SMITH"},{"floor":23.0,"key":"REST"},{"data":"Searing Blow","floor":25.0,"key":"SMITH"},{"floor":29.0,"key":"REST"},{"floor":32.0,"key":"REST"}],"neow_cost":"NONE","seed_source_timestamp":1301906875627809,"circlet_count":0,"master_deck":["Strike_R","Strike_R","Defend_R","Defend_R","Defend_R","Defend_R","Bash","Twin Strike","Inflame+1","Infernal Blade","Heavy Blade+1","Second Wind","Seeing Red","Searing Blow+1","Immolate","Wild Strike+1","Anger+1","Dark Embrace+1","Headbutt","Perfected Strike+1","Twin Strike+1","Flex","Wild Strike+1","Spot Weakness","Whirlwind","Clash","Limit Break","Flame Barrier"],"special_seed":0,"relics":["Burning Blood","Lantern","Anchor","Vajra","Happy Flower","Astrolabe","Potion Belt"],"potions_floor_usage":[33,33],"damage_taken":[{"damage":6.0,"enemies":"2 Louse","floor":1.0,"turns":2.0},{"damage":2.0,"enemies":"Jaw Worm","floor":4.0,"turns":3.0},{"damage":6.0,"enemies":"Cultist","floor":5.0,"turns":3.0},{"damage":34.0,"enemies":"3 Sentries","floor":7.0,"turns":9.0},{"damage":9.0,"enemies":"Large Slime","floor":10.0,"turns":6.0},{"damage":0.0,"enemies":"2 Fungi Beasts","floor":14.0,"turns":2.0},{"damage":47.0,"enemies":"Hexaghost","floor":16.0,"turns":8.0},{"damage":28.0,"enemies":"3 Byrds","floor":18.0,"turns":5.0},{"damage":15.0,"enemies":"2 Thieves","floor":19.0,"turns":3.0},{"damage":1.0,"enemies":"Snake Plant","floor":20.0,"turns":3.0},{"damage":11.0,"enemies":"Centurion and Healer","floor":21.0,"turns":4.0},{"damage":11.0,"enemies":"Cultist and Chosen","floor":22.0,"turns":5.0},{"damage":1.0,"enemies":"Snake Plant","floor":24.0,"turns":2.0},{"damage":28.0,"enemies":"3 Cultists","floor":27.0,"turns":5.0},{"damage":23.0,"enemies":"Shelled Parasite and Fungi","floor":28.0,"turns":3.0},{"damage":32.0,"enemies":"Chosen and Byrds","floor":31.0,"turns":5.0},{"damage":59,"enemies":"Champ","floor":33,"turns":8}],"seed_played":"-5995924349853396243","potions_obtained":[{"floor":4.0,"key":"AttackPotion"},{"floor":5.0,"key":"Weak Potion"},{"floor":7.0,"key":"Dexterity Potion"},{"floor":13.0,"key":"SteroidPotion"},{"floor":13.0,"key":"SpeedPotion"},{"floor":18.0,"key":"SteroidPotion"},{"floor":27.0,"key":"Energy Potion"},{"floor":31.0,"key":"Dexterity Potion"}],"is_trial":false,"path_per_floor":["M","?","$","M","M","R","E","R","T","M","R","$","?","M","R","B",null,"M","M","M","M","M","R","M","R","T","M","M","R","?","M","R","B"],"character_chosen":"IRONCLAD","items_purchased":["Happy Flower","Seeing Red"],"campfire_rested":4,"item_purchase_floors":[12,12],"current_hp_per_floor":[80,55,55,59,59,59,31,55,55,52,52,52,52,58,58,17,80,58,49,54,49,44,68,73,73,73,51,34,58,58,32,56,0],"gold":340,"neow_bonus":"RANDOM_COMMON_RELIC","is_prod":false,"is_daily":false,"chose_seed":false,"campfire_upgraded":3,"win_rate":0,"timestamp":1549671028,"path_taken":["M","?","?","M","M","R","E","R","T","M","R","$","?","M","R","BOSS","M","M","M","M","M","R","?","R","T","M","M","R","?","M","R","BOSS"],"build_version":"2019-01-23","purchased_purges":0,"victory":false,"max_hp_per_floor":[80,80,80,80,80,80,80,80,80,80,80,80,80,80,80,80,80,80,80,80,80,80,80,80,80,80,80,80,80,80,80,80,80],"card_choices":[{"not_picked":["Entrench","Shrug It Off"],"picked":"Twin Strike","floor":1.0},{"not_picked":["Whirlwind","Disarm"],"picked":"Inflame","floor":4.0},{"not_picked":["Clash","Body Slam"],"picked":"Infernal Blade","floor":5.0},{"not_picked":["Whirlwind","Twin Strike"],"picked":"Heavy Blade","floor":7.0},{"not_picked":["Clothesline","Evolve"],"picked":"Second Wind","floor":10.0},{"not_picked":["Combust","Clothesline"],"picked":"Searing Blow","floor":14.0},{"not_picked":["Offering","Dark Embrace"],"picked":"Immolate","floor":16.0},{"not_picked":["Bloodletting","Fire Breathing"],"picked":"Headbutt","floor":18.0},{"not_picked":["Wild Strike+1","Anger"],"picked":"Perfected Strike+1","floor":19.0},{"not_picked":["Body Slam+1","Blood for Blood"],"picked":"Twin Strike+1","floor":20.0},{"not_picked":["Sword Boomerang+1","Searing Blow"],"picked":"Flex","floor":21.0},{"not_picked":["Pummel","Burning Pact"],"picked":"Wild Strike+1","floor":22.0},{"not_picked":["Clothesline","Evolve"],"picked":"Spot Weakness","floor":24.0},{"not_picked":["Body Slam","True Grit"],"picked":"Whirlwind","floor":27.0},{"not_picked":["Corruption","Hemokinesis"],"picked":"Clash","floor":28.0},{"not_picked":["Perfected Strike","Double Tap"],"picked":"Flame Barrier","floor":31.0}],"player_experience":79910,"relics_obtained":[{"floor":7.0,"key":"Vajra"},{"floor":26.0,"key":"Potion Belt"}],"event_choices":[{"damage_healed":0.0,"max_hp_gain":0.0,"max_hp_loss":0.0,"gold_gain":0.0,"event_name":"Scrap Ooze","player_choice":"Success","floor":2.0,"gold_loss":0.0,"damage_taken":25.0,"relics_obtained":["Anchor"]},{"damage_healed":0.0,"max_hp_gain":0.0,"max_hp_loss":0.0,"gold_gain":0.0,"event_name":"Lab","player_choice":"Got Potions","floor":13.0,"gold_loss":0.0,"damage_taken":0.0},{"damage_healed":0.0,"max_hp_gain":0.0,"max_hp_loss":0.0,"gold_gain":0.0,"event_name":"The Library","player_choice":"Read","floor":30.0,"gold_loss":0.0,"damage_taken":0.0,"cards_obtained":["Limit Break"]}],"is_beta":false,"boss_relics":[{"not_picked":["Empty Cage","Philosopher\u0027s Stone"],"picked":"Astrolabe"}],"items_purged_floors":[],"is_endless":false,"potions_floor_spawned":[4,5,7,18,20,27,31],"killed_by":"Champ","ascension_level":0}