{"gold_per_floor":[118,28,28,55,55,55,70,82,82,99,119,119,102,119,119,119],"floor_reached":16,"playtime":641,"items_purged":[],"score":165,"play_id":"20488362-9b04-456f-b63c-03e5d5e9ded1","local_time":"20190215112954","is_ascension_mode":true,"campfire_choices":[{"data":"Deep Breath","floor":6,"key":"SMITH"},{"data":"Neutralize","floor":12,"key":"SMITH"},{"floor":15,"key":"REST"}],"neow_cost":"TEN_PERCENT_HP_LOSS","seed_source_timestamp":182716425638826,"circlet_count":0,"master_deck":["AscendersBane","Defend_G","Defend_G","Defend_G","Defend_G","Defend_G","Strike_G","Strike_G","Strike_G","Strike_G","Strike_G","Survivor","Neutralize+1","Purity","Purity","Deep Breath+1"],"relics":["Ring of the Snake","Thread and Needle","Potion Belt","Sundial"],"potions_floor_usage":[],"damage_taken":[{"damage":1,"enemies":"2 Louse","floor":1,"turns":3},{"damage":0,"enemies":"Jaw Worm","floor":7,"turns":6},{"damage":0,"enemies":"Small Slimes","floor":8,"turns":4},{"damage":5,"enemies":"Looter","floor":10,"turns":4},{"damage":4,"enemies":"Red Slaver","floor":11,"turns":5},{"damage":7,"enemies":"Exordium Thugs","floor":13,"turns":4},{"damage":10,"enemies":"Large Slime","floor":14,"turns":8},{"damage":39,"enemies":"Slime Boss","floor":16,"turns":11}],"seed_played":"2968395823665683383","potions_obtained":[{"floor":8,"key":"SmokeBomb"},{"floor":11,"key":"SpeedPotion"}],"is_trial":false,"path_per_floor":["M","$","?","T","$","R","M","M","T","M","M","R","M","M","R","B"],"character_chosen":"THE_SILENT","items_purchased":["Deep Breath"],"campfire_rested":1,"item_purchase_floors":[2],"current_hp_per_floor":[58,58,47,47,47,47,47,47,47,42,38,38,31,21,39,0],"gold":119,"neow_bonus":"RANDOM_COLORLESS_2","is_prod":false,"is_daily":false,"chose_seed":false,"campfire_upgraded":2,"win_rate":0,"timestamp":1550226594,"path_taken":["M","$","?","?","$","R","M","M","T","M","M","R","M","M","R","BOSS"],"build_version":"2019-02-06","purchased_purges":0,"victory":false,"max_hp_per_floor":[60,60,60,60,60,60,60,60,60,60,60,60,60,60,60,60],"card_choices":[{"not_picked":["Sucker Punch","Cloak And Dagger","Deflect"],"picked":"SKIP","floor":1},{"not_picked":["Quick Slash","Reflex","Escape Plan"],"picked":"SKIP","floor":7},{"not_picked":["Noxious Fumes","PiercingWail","Concentrate"],"picked":"SKIP","floor":8},{"not_picked":["Expertise","Flechettes","Quick Slash"],"picked":"SKIP","floor":10},{"not_picked":["Deflect","Catalyst","Flying Knee"],"picked":"SKIP","floor":11},{"not_picked":["Storm of Steel","Dagger Spray","Backflip"],"picked":"SKIP","floor":13},{"not_picked":["Dagger Throw","Blade Dance","Prepared"],"picked":"SKIP","floor":14}],"player_experience":773300,"relics_obtained":[{"floor":4,"key":"Potion Belt"},{"floor":9,"key":"Sundial"}],"event_choices":[{"damage_healed":0,"gold_gain":0,"player_choice":"Success","damage_taken":11,"relics_obtained":["Thread and Needle"],"max_hp_gain":0,"max_hp_loss":0,"event_name":"Scrap Ooze","floor":3,"gold_loss":0}],"is_beta":true,"boss_relics":[],"items_purged_floors":[],"is_endless":false,"potions_floor_spawned":[8,11],"killed_by":"Slime Boss","ascension_level":15}