{"gold_per_floor":[111,161,11,25,36,36,54,54,108,173,18,18,32,60,60,134,134,150,128,86,98,13,25,37,49,61,105,117],"floor_reached":28,"playtime":1112,"items_purged":["Defend_B"],"score":455,"play_id":"edf5939e-fd32-4ccd-aca5-7c419e063c29","local_time":"20190311193908","is_ascension_mode":true,"campfire_choices":[{"data":"Zap","floor":6,"key":"SMITH"},{"data":"Streamline","floor":8,"key":"SMITH"},{"floor":15,"key":"REST"},{"data":"Blizzard","floor":23,"key":"SMITH"},{"data":"Defragment","floor":25,"key":"SMITH"}],"neow_cost":"NONE","seed_source_timestamp":1572284494645980,"circlet_count":0,"master_deck":["AscendersBane","Strike_B","Strike_B","Strike_B","Strike_B","Defend_B","Defend_B","Defend_B","Zap+1","Dualcast","Conserve Battery","Auto Shields","Streamline+1","Reinforced Body","Cold Snap","Glacier","Defragment+1","BootSequence","White Noise","Machine Learning","Cold Snap+1","Loop","Blizzard+1"],"relics":["Cracked Core","NeowsBlessing","Juzu Bracelet","Tiny Chest","Mercury Hourglass","Ginger","Eternal Feather","MawBank","Molten Egg 2","Peace Pipe"],"potions_floor_usage":[21,28],"damage_taken":[{"damage":0,"enemies":"Small Slimes","floor":1,"turns":1},{"damage":0,"enemies":"Cultist","floor":4,"turns":1},{"damage":0,"enemies":"Jaw Worm","floor":5,"turns":1},{"damage":9,"enemies":"Lots of Slimes","floor":7,"turns":4},{"damage":31,"enemies":"Gremlin Nob","floor":10,"turns":5},{"damage":0,"enemies":"Looter","floor":13,"turns":3},{"damage":1,"enemies":"Lagavulin","floor":14,"turns":9},{"damage":32,"enemies":"Slime Boss","floor":16,"turns":12},{"damage":8,"enemies":"Spheric Guardian","floor":18,"turns":5},{"damage":25,"enemies":"2 Thieves","floor":19,"turns":4},{"damage":15,"enemies":"Centurion and Healer","floor":21,"turns":9},{"damage":13,"enemies":"Gremlin Leader","floor":27,"turns":9},{"damage":18,"enemies":"Masked Bandits","floor":28,"turns":3}],"seed_played":"-6991112996974621826","potions_obtained":[{"floor":1,"key":"Strength Potion"},{"floor":4,"key":"SpeedPotion"},{"floor":14,"key":"Dexterity Potion"},{"floor":21,"key":"Fire Potion"}],"is_trial":false,"path_per_floor":["M","?","$","M","M","R","M","R","T","E","$","?","M","E","R","B",null,"M","M","$","M","?","R","$","R","T","E","?"],"character_chosen":"DEFECT","items_purchased":["Auto Shields","Glacier","Defragment","Loop"],"campfire_rested":1,"item_purchase_floors":[3,11,11,20],"current_hp_per_floor":[64,57,57,57,57,57,48,48,48,17,17,17,17,16,37,5,55,47,22,22,7,7,19,19,31,31,18,0],"gold":117,"neow_bonus":"THREE_ENEMY_KILL","is_prod":false,"is_daily":false,"chose_seed":false,"campfire_upgraded":4,"win_rate":0,"timestamp":1552329548,"path_taken":["M","?","$","?","?","R","M","R","T","E","$","?","M","E","R","BOSS","M","M","$","M","?","R","$","R","T","E","?"],"build_version":"2019-02-06","purchased_purges":1,"victory":false,"max_hp_per_floor":[71,71,71,71,71,71,71,71,71,71,71,71,71,71,71,71,71,71,71,71,71,71,71,71,71,71,71,71],"card_choices":[{"not_picked":["Cold Snap","Leap"],"picked":"Conserve Battery","floor":1},{"not_picked":["Conserve Battery","Ball Lightning"],"picked":"Streamline","floor":4},{"not_picked":["Leap","Coolheaded"],"picked":"Reinforced Body","floor":5},{"not_picked":["Rebound","Reprogram"],"picked":"Cold Snap","floor":7},{"not_picked":["Turbo","Doom and Gloom","Leap"],"picked":"SKIP","floor":10},{"not_picked":["Reprogram","Skim"],"picked":"BootSequence","floor":13},{"not_picked":["BootSequence","Amplify"],"picked":"White Noise","floor":14},{"not_picked":["Hyperbeam","Creative AI"],"picked":"Machine Learning","floor":16},{"not_picked":["Scrape","Go for the Eyes","Hello World"],"picked":"SKIP","floor":18},{"not_picked":["Streamline","Scrape"],"picked":"Cold Snap+1","floor":19},{"not_picked":["Glacier","Gash"],"picked":"Blizzard","floor":21},{"not_picked":["Turbo","Rebound+1","Fission"],"picked":"SKIP","floor":27}],"player_experience":952451,"relics_obtained":[{"floor":9,"key":"Juzu Bracelet"},{"floor":10,"key":"Tiny Chest"},{"floor":14,"key":"Ginger"},{"floor":26,"key":"Molten Egg 2"},{"floor":27,"key":"Peace Pipe"}],"event_choices":[{"damage_healed":0,"gold_gain":50,"player_choice":"Touch","damage_taken":7,"max_hp_gain":0,"max_hp_loss":0,"event_name":"FaceTrader","floor":2,"gold_loss":0},{"damage_healed":0,"gold_gain":0,"player_choice":"Gave Potion","damage_taken":0,"relics_obtained":["Mercury Hourglass"],"max_hp_gain":0,"max_hp_loss":0,"event_name":"WeMeetAgain","floor":12,"gold_loss":0},{"damage_healed":0,"gold_gain":0,"player_choice":"Obtained Relic","damage_taken":0,"relics_obtained":["MawBank"],"max_hp_gain":0,"max_hp_loss":0,"event_name":"Addict","floor":22,"gold_loss":85},{"damage_healed":0,"gold_gain":0,"player_choice":"Fought Bandits","damage_taken":0,"max_hp_gain":0,"max_hp_loss":0,"event_name":"Masked Bandits","floor":28,"gold_loss":0}],"is_beta":true,"boss_relics":[{"not_picked":["Fusion Hammer","Tiny House"],"picked":"Eternal Feather"}],"items_purged_floors":[3],"is_endless":false,"potions_floor_spawned":[1,4,14,21],"killed_by":"Masked Bandits","ascension_level":17}