{"gold_per_floor":[109,109,123,123,140,140,152,152,204,216,233,259,274,121,121,121],"floor_reached":16,"playtime":694,"items_purged":["Strike_R"],"score":203,"play_id":"2dcf4d7f-44b0-4582-b225-6f9ef7eadee0","local_time":"20190206101820","is_ascension_mode":true,"campfire_choices":[{"data":"Armaments","floor":6,"key":"SMITH"},{"data":"Flex","floor":8,"key":"SMITH"},{"data":"True Grit","floor":15,"key":"SMITH"}],"neow_cost":"NONE","seed_source_timestamp":1550138688183173,"circlet_count":0,"master_deck":["AscendersBane","Strike_R","Strike_R","Strike_R","Strike_R","Defend_R","Defend_R","Defend_R","Defend_R","Bash","Armaments+1","Whirlwind+1","Flex+1","Ghostly Armor","Thunderclap","Headbutt","True Grit+1","Flex","Spot Weakness"],"relics":["Burning Blood","Anchor","Oddly Smooth Stone","Strawberry"],"potions_floor_usage":[10],"damage_taken":[{"damage":9,"enemies":"Jaw Worm","floor":1,"turns":5},{"damage":5,"enemies":"Small Slimes","floor":3,"turns":4},{"damage":1,"enemies":"Cultist","floor":5,"turns":3},{"damage":7,"enemies":"3 Louse","floor":7,"turns":3},{"damage":6,"enemies":"Exordium Wildlife","floor":10,"turns":2},{"damage":4,"enemies":"Large Slime","floor":11,"turns":4},{"damage":34,"enemies":"Lagavulin","floor":12,"turns":7},{"damage":1,"enemies":"Looter","floor":13,"turns":4},{"damage":62,"enemies":"Hexaghost","floor":16,"turns":9}],"seed_played":"8141913819194444677","potions_obtained":[{"floor":3,"key":"Fire Potion"},{"floor":7,"key":"Fruit Juice"},{"floor":12,"key":"Explosive Potion"}],"is_trial":false,"path_per_floor":["M","?","M","?","M","R","M","R","T","M","M","E","M","$","R","B"],"character_chosen":"IRONCLAD","items_purchased":["Spot Weakness"],"campfire_rested":0,"item_purchase_floors":[14],"current_hp_per_floor":[65,65,66,66,71,71,70,70,70,75,77,56,61,61,61,0],"gold":121,"neow_bonus":"RANDOM_COMMON_RELIC","is_prod":false,"is_daily":false,"chose_seed":false,"campfire_upgraded":3,"win_rate":0,"timestamp":1549444700,"path_taken":["M","?","M","?","M","R","M","R","T","?","M","E","M","?","R","BOSS"],"build_version":"2019-01-23","purchased_purges":1,"victory":false,"max_hp_per_floor":[75,75,75,75,75,75,75,75,75,80,80,87,87,87,87,87],"card_choices":[{"not_picked":["True Grit","Sword Boomerang"],"picked":"Armaments","floor":1},{"not_picked":["Flame Barrier","Shrug It Off"],"picked":"Whirlwind","floor":3},{"not_picked":["Clothesline","Clash"],"picked":"Flex","floor":5},{"not_picked":["Sword Boomerang","Blood for Blood"],"picked":"Ghostly Armor","floor":7},{"not_picked":["Clothesline","Rampage"],"picked":"Thunderclap","floor":10},{"not_picked":["Blood for Blood","Burning Pact"],"picked":"Headbutt","floor":11},{"not_picked":["Corruption","Searing Blow"],"picked":"True Grit","floor":12},{"not_picked":["Uppercut","Second Wind"],"picked":"Flex","floor":13}],"player_experience":737136,"relics_obtained":[{"floor":9,"key":"Oddly Smooth Stone"},{"floor":12,"key":"Strawberry"}],"event_choices":[{"damage_healed":0,"gold_gain":0,"player_choice":"Ignored","damage_taken":0,"max_hp_gain":0,"max_hp_loss":0,"event_name":"Liars Game","floor":2,"gold_loss":0},{"damage_healed":0,"gold_gain":0,"player_choice":"Grow","damage_taken":0,"max_hp_gain":0,"max_hp_loss":0,"event_name":"Living Wall","floor":4,"gold_loss":0,"cards_upgraded":["Whirlwind"]}],"is_beta":true,"boss_relics":[],"items_purged_floors":[14],"is_endless":false,"potions_floor_spawned":[3,7,12],"killed_by":"Hexaghost","ascension_level":19}