{"gold_per_floor":[112,112,11,24,37,66,66,128,206,206,206],"floor_reached":11,"playtime":538,"items_purged":["Strike_G"],"score":85,"play_id":"b956ef9e-242e-488b-bf21-1e9ba8c8c3f5","local_time":"20190312180140","is_ascension_mode":true,"campfire_choices":[{"data":"Neutralize","floor":7,"key":"SMITH"}],"neow_cost":"NONE","seed_source_timestamp":259048112453258,"circlet_count":0,"master_deck":["Defend_G","Defend_G","Defend_G","Defend_G","Defend_G","Strike_G","Strike_G","Strike_G","Strike_G","Survivor","Neutralize+1","Poisoned Stab","Dagger Spray","Cloak And Dagger","A Thousand Cuts+1","Sucker Punch","Cloak And Dagger"],"relics":["Ring of the Snake","Potion Belt","CultistMask","Juzu Bracelet","Bag of Preparation","Tiny Chest"],"potions_floor_usage":[6],"damage_taken":[{"damage":0,"enemies":"2 Louse","floor":1,"turns":7},{"damage":0,"enemies":"Cultist","floor":4,"turns":4},{"damage":0,"enemies":"Jaw Worm","floor":5,"turns":3},{"damage":22,"enemies":"Lagavulin","floor":6,"turns":9},{"damage":37,"enemies":"Lagavulin Event","floor":8,"turns":8},{"damage":17,"enemies":"Gremlin Nob","floor":11,"turns":3}],"seed_played":"8065789700228389576","potions_obtained":[{"floor":1,"key":"Dexterity Potion"},{"floor":5,"key":"SpeedPotion"},{"floor":6,"key":"Energy Potion"}],"is_trial":false,"path_per_floor":["M","?","$","M","M","E","R","?","T","?","E"],"character_chosen":"THE_SILENT","items_purchased":["Dagger Spray"],"campfire_rested":0,"item_purchase_floors":[3],"current_hp_per_floor":[70,70,70,70,70,48,48,11,11,11,0],"gold":206,"neow_bonus":"RANDOM_COMMON_RELIC","is_prod":false,"is_daily":false,"chose_seed":false,"campfire_upgraded":1,"win_rate":0,"timestamp":1552410100,"path_taken":["M","?","$","?","M","E","R","?","T","?","E"],"build_version":"2019-01-23","purchased_purges":1,"victory":false,"max_hp_per_floor":[70,70,70,70,70,70,70,70,70,70,70],"card_choices":[{"not_picked":["Tactician","Outmaneuver"],"picked":"Poisoned Stab","floor":1},{"not_picked":["Quick Slash","Dodge and Roll"],"picked":"Cloak And Dagger","floor":4},{"not_picked":["Dagger Spray","Deadly Poison"],"picked":"A Thousand Cuts","floor":5},{"not_picked":["Terror","Endless Agony"],"picked":"Sucker Punch","floor":6},{"not_picked":["Underhanded Strike","Backflip"],"picked":"Cloak And Dagger","floor":8}],"player_experience":197179,"relics_obtained":[{"floor":6,"key":"Juzu Bracelet"},{"floor":8,"key":"Bag of Preparation"},{"floor":9,"key":"Tiny Chest"}],"event_choices":[{"damage_healed":0,"gold_gain":0,"player_choice":"Trade","damage_taken":0,"relics_obtained":["CultistMask"],"max_hp_gain":0,"max_hp_loss":0,"event_name":"FaceTrader","floor":2,"gold_loss":0},{"damage_healed":0,"gold_gain":30,"player_choice":"Searched \u00273\u0027 times","damage_taken":0,"max_hp_gain":0,"max_hp_loss":0,"event_name":"Dead Adventurer","floor":8,"gold_loss":0},{"damage_healed":0,"gold_gain":0,"player_choice":"Forge","damage_taken":0,"max_hp_gain":0,"max_hp_loss":0,"event_name":"Accursed Blacksmith","floor":10,"gold_loss":0,"cards_upgraded":["A Thousand Cuts"]}],"is_beta":false,"boss_relics":[],"items_purged_floors":[3],"is_endless":false,"potions_floor_spawned":[1,5,6],"killed_by":"Gremlin Nob","ascension_level":4}