{"gold_per_floor":[367,386,386,386,213,213,227,246,271,271,286,316,336,370,370,469,469,479,404,404,503,516,516,202,217,302,332,332,364,377,387,387,490,490,505,505,246,256,356,356,385,385,434,445,457,5,5,33,33,33],"floor_reached":51,"playtime":5644,"items_purged":["Strike_B","Strike_B","Dualcast"],"score":1021,"play_id":"9884dec0-f34e-43ff-91f6-2425089f2c4d","local_time":"20190312103647","is_ascension_mode":true,"campfire_choices":[{"floor":6.0,"key":"REST"},{"data":"Defragment","floor":15.0,"key":"SMITH"},{"data":"Electrodynamics","floor":23.0,"key":"SMITH"},{"data":"Capacitor","floor":28.0,"key":"SMITH"},{"data":"Capacitor","floor":32,"key":"SMITH"},{"data":"Fission","floor":40,"key":"SMITH"},{"data":"Creative AI","floor":42,"key":"SMITH"},{"data":"Consume","floor":47,"key":"SMITH"},{"data":"Go for the Eyes","floor":49,"key":"SMITH"}],"neow_cost":"PERCENT_DAMAGE","seed_source_timestamp":430967198145,"circlet_count":0,"master_deck":["Defend_B+1","Defend_B+1","Defend_B","Defend_B","Zap+1","BootSequence","Sweeping Beam","Coolheaded+1","Loop","Coolheaded","Electrodynamics+1","Defragment+1","Cold Snap","Creative AI+1","Go for the Eyes+1","Capacitor+1","Genetic Algorithm","Capacitor+1","Barrage","Fission+1","PanicButton","Master of Strategy","Chill","Chill+1","FTL+1","Consume+1","Machine Learning+1"],"special_seed":0,"relics":["Cracked Core","Orichalcum","Strawberry","Dream Catcher","FossilizedHelix","Black Star","PreservedInsect","Tiny Chest","Bottled Tornado","War Paint","Potion Belt","The Courier","White Beast Statue","Lantern","Nunchaku","Letter Opener","Frozen Egg 2","Happy Flower","Art of War","Gambling Chip","Symbiotic Virus","Boot"],"potions_floor_usage":[39,39,50,50,50,50,50,50,50,50,50,50,50],"damage_taken":[{"damage":3.0,"enemies":"2 Louse","floor":1.0,"turns":3.0},{"damage":1.0,"enemies":"Jaw Worm","floor":2.0,"turns":4.0},{"damage":0.0,"enemies":"Cultist","floor":7.0,"turns":4.0},{"damage":0.0,"enemies":"Looter","floor":8.0,"turns":3.0},{"damage":11.0,"enemies":"Large Slime","floor":11.0,"turns":5.0},{"damage":1.0,"enemies":"3 Sentries","floor":12.0,"turns":4.0},{"damage":1.0,"enemies":"Blue Slaver","floor":13.0,"turns":4.0},{"damage":8.0,"enemies":"Lagavulin","floor":14.0,"turns":7.0},{"damage":10.0,"enemies":"Hexaghost","floor":16.0,"turns":12.0},{"damage":0.0,"enemies":"3 Byrds","floor":18.0,"turns":3.0},{"damage":0.0,"enemies":"Spheric Guardian","floor":22.0,"turns":4.0},{"damage":0.0,"enemies":"Chosen and Byrds","floor":25.0,"turns":5.0},{"damage":0.0,"enemies":"Slavers","floor":27.0,"turns":3.0},{"damage":0.0,"enemies":"Book of Stabbing","floor":29.0,"turns":5.0},{"damage":15,"enemies":"Sentry and Sphere","floor":30,"turns":4},{"damage":6,"enemies":"3 Cultists","floor":31,"turns":4},{"damage":38,"enemies":"Collector","floor":33,"turns":10},{"damage":5,"enemies":"Orb Walker","floor":35,"turns":4},{"damage":0,"enemies":"3 Shapes","floor":38,"turns":4},{"damage":7,"enemies":"Mind Bloom Boss Battle","floor":39,"turns":10},{"damage":4,"enemies":"Giant Head","floor":41,"turns":8},{"damage":0,"enemies":"Transient","floor":44,"turns":5},{"damage":0,"enemies":"Maw","floor":45,"turns":9},{"damage":0,"enemies":"Nemesis","floor":48,"turns":7},{"damage":0,"enemies":"Awakened One","floor":50,"turns":10}],"seed_played":"-71287550245227980","potions_obtained":[{"floor":7.0,"key":"Regen Potion"},{"floor":8.0,"key":"Block Potion"},{"floor":13.0,"key":"Explosive Potion"},{"floor":25.0,"key":"Strength Potion"},{"floor":29.0,"key":"Dexterity Potion"},{"floor":30,"key":"Energy Potion"},{"floor":31,"key":"AttackPotion"},{"floor":35,"key":"SkillPotion"},{"floor":39,"key":"FocusPotion"},{"floor":41,"key":"PowerPotion"},{"floor":44,"key":"EntropicBrew"},{"floor":48,"key":"Regen Potion"}],"is_trial":false,"path_per_floor":["M","M","?","?","$","R","M","M","T","T","M","E","M","E","R","B",null,"M","?","?","?","M","R","$","M","T","E","R","E","M","M","R","B",null,"M","?","$","M","?","R","E","R","T","M","M","$","R","E","R","B",null],"character_chosen":"DEFECT","items_purchased":["Coolheaded","Loop","Explosive Potion","PreservedInsect","Genetic Algorithm","Block Potion","FocusPotion","Lantern","Art of War","Gambling Chip"],"campfire_rested":1,"item_purchase_floors":[5,5,5,24,24,24,37,37,46,46],"current_hp_per_floor":[51,50,35,35,35,57,57,57,57,64,53,52,51,43,43,33,82,82,82,82,82,82,82,82,82,82,82,82,82,67,61,61,23,82,77,67,67,67,75,75,71,71,71,71,71,71,71,71,71,82],"gold":33,"neow_bonus":"TWO_FIFTY_GOLD","is_prod":false,"is_daily":false,"chose_seed":false,"campfire_upgraded":8,"win_rate":0,"timestamp":1552347407,"path_taken":["M","M","?","?","$","R","M","M","T","?","?","E","M","E","R","BOSS","M","?","?","?","?","R","$","?","T","E","R","E","M","M","R","BOSS","M","?","$","M","?","R","E","R","T","M","M","$","R","E","R","BOSS"],"build_version":"2019-01-23","purchased_purges":3,"victory":true,"max_hp_per_floor":[75,75,75,75,75,75,75,75,75,82,82,82,82,82,82,82,82,82,82,82,82,82,82,82,82,82,82,82,82,82,82,82,82,82,82,82,82,82,82,82,82,82,82,82,82,82,82,82,82,82],"card_choices":[{"not_picked":["Turbo","Auto Shields"],"picked":"BootSequence","floor":1.0},{"not_picked":["Rebound","Redo"],"picked":"Sweeping Beam","floor":2.0},{"not_picked":["Stack","Gash","Steam"],"picked":"SKIP","floor":7.0},{"not_picked":["Heatsinks","Reprogram"],"picked":"Coolheaded","floor":8.0},{"not_picked":["Scrape","Gash"],"picked":"Electrodynamics","floor":11.0},{"not_picked":["Consume","Heatsinks"],"picked":"Defragment","floor":12.0},{"not_picked":["Steam Power","Streamline","Melter"],"picked":"SKIP","floor":13.0},{"not_picked":["Hologram","Thunder Strike"],"picked":"Cold Snap","floor":14.0},{"not_picked":["Reboot","Hyperbeam"],"picked":"Creative AI","floor":16.0},{"not_picked":["Steam","Coolheaded"],"picked":"Go for the Eyes","floor":18.0},{"not_picked":["Sweeping Beam+1","Conserve Battery"],"picked":"Capacitor","floor":22.0},{"not_picked":["Sunder+1","Reprogram","Turbo"],"picked":"SKIP","floor":25.0},{"not_picked":["Rainbow","Blizzard","Tempest"],"picked":"SKIP","floor":27.0},{"not_picked":["Ball Lightning","Barrage"],"picked":"Capacitor","floor":29.0},{"not_picked":["Go for the Eyes+1","Cold Snap+1","Recycle"],"picked":"SKIP","floor":30},{"not_picked":["Stack","Gash"],"picked":"Barrage","floor":31},{"not_picked":["Rainbow","Electrodynamics"],"picked":"Fission","floor":33},{"not_picked":["Hologram","Sweeping Beam","Doom and Gloom+1"],"picked":"SKIP","floor":35},{"not_picked":["Finesse","Dramatic Entrance"],"picked":"PanicButton","floor":36},{"not_picked":["Mind Blast","Secret Weapon"],"picked":"Master of Strategy","floor":36},{"not_picked":["Hologram+1","Compile Driver"],"picked":"Chill","floor":38},{"not_picked":["Force Field+1","Coolheaded+1"],"picked":"Chill+1","floor":39},{"not_picked":["Redo+1","Reprogram"],"picked":"FTL+1","floor":41},{"not_picked":["Cold Snap","Tempest"],"picked":"Consume","floor":44},{"not_picked":["Steam Power+1","Rebound+1"],"picked":"Machine Learning+1","floor":45},{"not_picked":["Reinforced Body+1","Redo","Fission"],"picked":"SKIP","floor":48}],"player_experience":819212,"relics_obtained":[{"floor":9.0,"key":"Orichalcum"},{"floor":10.0,"key":"Strawberry"},{"floor":12.0,"key":"Dream Catcher"},{"floor":14.0,"key":"FossilizedHelix"},{"floor":26.0,"key":"Tiny Chest"},{"floor":27.0,"key":"Bottled Tornado"},{"floor":27.0,"key":"War Paint"},{"floor":29.0,"key":"Potion Belt"},{"floor":29.0,"key":"The Courier"},{"floor":39,"key":"Nunchaku"},{"floor":41,"key":"Letter Opener"},{"floor":41,"key":"Frozen Egg 2"},{"floor":43,"key":"Happy Flower"},{"floor":48,"key":"Symbiotic Virus"},{"floor":48,"key":"Boot"}],"event_choices":[{"damage_healed":0.0,"max_hp_gain":0.0,"max_hp_loss":0.0,"gold_gain":0.0,"event_name":"Shining Light","player_choice":"Entered Light","floor":3.0,"gold_loss":0.0,"damage_taken":15.0,"cards_upgraded":["Defend_B","Zap"]},{"cards_removed":["Strike_B"],"damage_healed":0.0,"max_hp_gain":0.0,"max_hp_loss":0.0,"gold_gain":0.0,"event_name":"Living Wall","player_choice":"Forget","floor":4.0,"gold_loss":0.0,"damage_taken":0.0},{"cards_removed":["Strike_B"],"damage_healed":0.0,"max_hp_gain":0.0,"max_hp_loss":0.0,"gold_gain":0.0,"event_name":"Beggar","player_choice":"Gave Gold","floor":19.0,"gold_loss":75.0,"damage_taken":0.0},{"damage_healed":0.0,"max_hp_gain":0.0,"max_hp_loss":0.0,"gold_gain":0.0,"event_name":"The Mausoleum","player_choice":"Ignored","floor":20.0,"gold_loss":0.0,"damage_taken":0.0},{"damage_healed":0.0,"max_hp_gain":0.0,"max_hp_loss":0.0,"gold_gain":99.0,"event_name":"Nest","player_choice":"Stole From Cult","floor":21.0,"gold_loss":0.0,"damage_taken":0.0},{"damage_healed":0,"gold_gain":0,"player_choice":"Memory 3","damage_taken":10,"max_hp_gain":0,"max_hp_loss":0,"event_name":"SensoryStone","floor":36,"gold_loss":0},{"damage_healed":0,"gold_gain":0,"player_choice":"Fight","damage_taken":0,"max_hp_gain":0,"max_hp_loss":0,"event_name":"MindBloom","floor":39,"gold_loss":0}],"is_beta":false,"boss_relics":[{"not_picked":["Empty Cage","Calling Bell"],"picked":"Black Star"},{"not_picked":["Pandora\u0027s Box","Snecko Eye"],"picked":"White Beast Statue"}],"items_purged_floors":[24,37,46],"is_endless":false,"potions_floor_spawned":[7,8,13,16,25,29,30,31,35,38,39,41,44,45,48],"ascension_level":4}