{"gold_per_floor":[115,127,49,62,73,73,92,92,92,92,22,35,35,55,55,153,153,178,203,203,203,226,226,259,259,259,272,296,335,73,91,91,181,181,196,214,232,70,70,70,70,93,93,93,107,146,46,62,62,62],"floor_reached":50,"playtime":3032,"items_purged":["Strike_G","Strike_G"],"score":889,"play_id":"412dd59c-bec5-41aa-a8a4-816babe62e85","local_time":"20190215122046","is_ascension_mode":true,"campfire_choices":[{"data":"Noxious Fumes","floor":6,"key":"SMITH"},{"data":"Blade Dance","floor":10,"key":"SMITH"},{"data":"Infinite Blades","floor":15,"key":"SMITH"},{"data":"After Image","floor":23,"key":"SMITH"},{"floor":25,"key":"REST"},{"floor":32,"key":"REST"},{"data":"A Thousand Cuts","floor":40,"key":"SMITH"},{"data":"Terror","floor":44,"key":"SMITH"},{"floor":49,"key":"REST"}],"neow_cost":"NONE","seed_source_timestamp":183377420772693,"circlet_count":0,"master_deck":["AscendersBane","Defend_G","Defend_G","Defend_G","Defend_G","Defend_G+1","Survivor","Neutralize","Backstab","Blade Dance+1","Noxious Fumes+1","Dodge and Roll+1","PiercingWail","Infinite Blades+1","After Image+1","PiercingWail+1","Backstab+1","Venomology+1","Blur","Finisher+1","Blade Dance+1","Dodge and Roll","Terror+1","A Thousand Cuts+1","Infinite Blades","Adrenaline","Finisher+1","Panache","Backflip"],"relics":["Ring of the Snake","Anchor","Molten Egg 2","Golden Idol","Astrolabe","MutagenicStrength","Bag of Marbles","Kunai","Turnip","War Paint","Cursed Key","Ornamental Fan"],"potions_floor_usage":[18,19,22,24,27,28,29,33,37,42,45,46,48],"damage_taken":[{"damage":15,"enemies":"Cultist","floor":1,"turns":6},{"damage":0,"enemies":"2 Louse","floor":2,"turns":3},{"damage":4,"enemies":"Small Slimes","floor":4,"turns":3},{"damage":0,"enemies":"Blue Slaver","floor":5,"turns":4},{"damage":6,"enemies":"Lots of Slimes","floor":7,"turns":5},{"damage":7,"enemies":"Gremlin Gang","floor":12,"turns":3},{"damage":5,"enemies":"3 Louse","floor":14,"turns":3},{"damage":52,"enemies":"Hexaghost","floor":16,"turns":10},{"damage":0,"enemies":"Shell Parasite","floor":18,"turns":6},{"damage":0,"enemies":"Chosen","floor":19,"turns":6},{"damage":8,"enemies":"Shelled Parasite and Fungi","floor":22,"turns":8},{"damage":15,"enemies":"Book of Stabbing","floor":24,"turns":6},{"damage":0,"enemies":"Snake Plant","floor":27,"turns":6},{"damage":0,"enemies":"Centurion and Healer","floor":28,"turns":4},{"damage":21,"enemies":"Slavers","floor":29,"turns":4},{"damage":8,"enemies":"Snecko","floor":31,"turns":4},{"damage":24,"enemies":"Automaton","floor":33,"turns":12},{"damage":0,"enemies":"3 Shapes","floor":35,"turns":5},{"damage":0,"enemies":"3 Darklings","floor":36,"turns":3},{"damage":1,"enemies":"Jaw Worm Horde","floor":37,"turns":4},{"damage":3,"enemies":"4 Shapes","floor":42,"turns":6},{"damage":0,"enemies":"Transient","floor":45,"turns":5},{"damage":28,"enemies":"Nemesis","floor":46,"turns":6},{"damage":0,"enemies":"Spire Growth","floor":48,"turns":4},{"damage":58,"enemies":"Time Eater","floor":50,"turns":6}],"seed_played":"7761380542219463926","potions_obtained":[{"floor":5,"key":"Block Potion"},{"floor":14,"key":"Weak Potion"},{"floor":19,"key":"FairyPotion"},{"floor":36,"key":"Regen Potion"},{"floor":46,"key":"Poison Potion"}],"is_trial":false,"path_per_floor":["M","M","$","M","M","R","M","?","T","R","$","M","?","M","R","B",null,"M","M","?","?","M","R","E","R","T","M","M","E","$","M","R","B",null,"M","M","M","$","?","R","T","M","T","R","M","E","$","M","R","B"],"character_chosen":"THE_SILENT","items_purchased":["Noxious Fumes","Infinite Blades","Infinite Blades","War Paint","Panache"],"campfire_rested":3,"item_purchase_floors":[3,11,30,30,38],"current_hp_per_floor":[44,44,44,40,40,40,34,66,66,66,66,59,59,54,54,2,46,46,46,46,43,35,35,20,38,38,38,38,17,17,9,27,3,46,46,46,54,54,54,54,54,51,51,51,51,23,23,23,41,0],"gold":62,"neow_bonus":"RANDOM_COMMON_RELIC","is_prod":false,"is_daily":false,"chose_seed":false,"campfire_upgraded":6,"win_rate":0,"timestamp":1550229646,"path_taken":["M","?","$","M","M","R","M","?","T","R","$","?","?","M","R","BOSS","M","M","?","?","M","R","E","R","T","?","M","E","$","M","R","BOSS","M","?","M","$","?","R","?","M","T","R","?","E","?","M","R","BOSS"],"build_version":"2019-02-06","purchased_purges":2,"victory":false,"max_hp_per_floor":[66,66,66,66,66,66,66,66,66,66,66,66,60,60,60,60,60,60,60,60,60,60,60,60,60,60,60,60,60,60,60,60,60,60,60,60,60,60,60,60,60,60,60,60,60,60,60,60,60,60],"card_choices":[{"not_picked":["Flying Knee","Concentrate"],"picked":"Backstab","floor":1},{"not_picked":["Flying Knee","Underhanded Strike"],"picked":"Blade Dance","floor":2},{"not_picked":["Poisoned Stab","Underhanded Strike"],"picked":"Dodge and Roll","floor":4},{"not_picked":["Underhanded Strike","Storm of Steel"],"picked":"PiercingWail","floor":5},{"not_picked":["Riddle With Holes","Quick Slash","Flechettes"],"picked":"SKIP","floor":7},{"not_picked":["Heel Hook+1","Outmaneuver"],"picked":"Dagger Spray+1","floor":12},{"not_picked":["Dagger Spray+1","Dagger Throw+1","Poisoned Stab+1"],"picked":"SKIP","floor":14},{"not_picked":["Wraith Form v2","Unload+1"],"picked":"After Image","floor":16},{"not_picked":["Outmaneuver","Flying Knee+1"],"picked":"Blur","floor":18},{"not_picked":["Dodge and Roll","Concentrate","Heel Hook+1"],"picked":"SKIP","floor":19},{"not_picked":["Deadly Poison","Tactician+1"],"picked":"Finisher+1","floor":22},{"not_picked":["Eviscerate+1","Slice+1"],"picked":"Blade Dance+1","floor":24},{"not_picked":["All Out Attack+1","Masterful Stab+1"],"picked":"Dodge and Roll","floor":27},{"not_picked":["Slice+1","PiercingWail"],"picked":"Terror","floor":28},{"not_picked":["Deflect","Concentrate+1"],"picked":"A Thousand Cuts","floor":29},{"not_picked":["Dodge and Roll","Eviscerate+1","All Out Attack+1"],"picked":"SKIP","floor":31},{"not_picked":["A Thousand Cuts","After Image"],"picked":"Adrenaline","floor":33},{"not_picked":["Escape Plan+1","Quick Slash+1","PiercingWail"],"picked":"SKIP","floor":35},{"not_picked":["Deflect","Noxious Fumes+1"],"picked":"Finisher+1","floor":36},{"not_picked":["Deflect","Poisoned Stab+1","Bane+1"],"picked":"SKIP","floor":37},{"not_picked":["Flying Knee+1","Sucker Punch+1","Dagger Throw+1"],"picked":"SKIP","floor":42},{"not_picked":["Deadly Poison","Leg Sweep","Underhanded Strike+1"],"picked":"SKIP","floor":45},{"not_picked":["Dodge and Roll","PiercingWail"],"picked":"Backflip","floor":46},{"not_picked":["Bane+1","Infinite Blades","Catalyst"],"picked":"SKIP","floor":48}],"player_experience":773941,"relics_obtained":[{"floor":9,"key":"Molten Egg 2"},{"floor":24,"key":"Bag of Marbles"},{"floor":26,"key":"Kunai"},{"floor":29,"key":"Turnip"},{"floor":46,"key":"Ornamental Fan"}],"event_choices":[{"damage_healed":32,"gold_gain":0,"player_choice":"Full Heal","damage_taken":0,"max_hp_gain":0,"max_hp_loss":0,"event_name":"Wheel of Change","floor":8,"gold_loss":0},{"damage_healed":0,"gold_gain":0,"player_choice":"Lose Max HP","damage_taken":0,"relics_obtained":["Golden Idol"],"max_hp_gain":0,"max_hp_loss":6,"event_name":"Golden Idol","floor":13,"gold_loss":0},{"damage_healed":0,"gold_gain":0,"player_choice":"Inject Mutagens","damage_taken":0,"relics_obtained":["MutagenicStrength"],"max_hp_gain":0,"max_hp_loss":0,"event_name":"Drug Dealer","floor":20,"gold_loss":0},{"damage_healed":0,"gold_gain":0,"player_choice":"Bought 0 Potions","damage_taken":0,"max_hp_gain":0,"max_hp_loss":0,"event_name":"The Woman in Blue","floor":21,"gold_loss":0},{"cards_removed":["Dagger Spray"],"damage_healed":0,"gold_gain":0,"player_choice":"Removed Attack","damage_taken":0,"max_hp_gain":0,"max_hp_loss":0,"event_name":"Falling","floor":39,"gold_loss":0}],"is_beta":true,"boss_relics":[{"not_picked":["Philosopher\u0027s Stone","Runic Pyramid"],"picked":"Astrolabe"},{"not_picked":["Tiny House","HoveringKite"],"picked":"Cursed Key"}],"items_purged_floors":[30,47],"is_endless":false,"potions_floor_spawned":[5,14,19,24,28,36,46],"killed_by":"Time Eater","ascension_level":15}