{"path_per_floor":["M","?","?","M","M","R","M","R","T","E","R","E","M","$","R","B",null,"M","?","M","?","?","E","R","E","T","M","E","M","M","M","R"],"character_chosen":"IRONCLAD","items_purchased":["Battle Trance"],"gold_per_floor":[111,111,111,121,135,135,155,155,155,189,189,224,234,121,121,216,216,234,234,244,244,144,179,179,209,209,223,254,268,282,300,300],"floor_reached":33,"campfire_rested":1,"playtime":3105,"current_hp_per_floor":[80,80,68,64,52,52,34,34,34,19,19,13,19,19,43,42,80,72,72,78,56,56,28,28,37,37,44,47,56,56,45,45],"items_purged":["Strike_R"],"gold":300,"play_id":"90fca2ea-f825-4d43-a3cc-ecea203d4e0c","is_prod":false,"is_daily":false,"is_ascension_mode":false,"campfire_upgraded":2,"path_taken":["M","?","?","?","M","R","M","R","T","E","R","E","M","?","R","BOSS","M","?","M","?","?","E","R","E","T","M","E","M","M","?","R","BOSS"],"build_version":"2018-01-31-BETA4","purchased_purges":1,"victory":false,"master_deck":["Defend_R","Defend_R","Defend_R","Defend_R","Bash","Thunderclap","True Grit+1","Headbutt+1","Seeing Red","Battle Trance","Shrug It Off","Armaments","Inflame","Bite","Bite","Bite","Bite","Bite","J.A.X.","Flame Barrier","Warcry","Flex","Warcry+1"],"max_hp_per_floor":[80,80,80,80,80,80,80,80,80,80,80,80,80,80,80,80,80,80,80,80,56,56,56,56,56,56,56,56,56,56,56,56],"relics":["Burning Blood","Darkstone Periapt","Girya","Bronze Scales","Anchor","Mark of Pain","Mummified Hand","Du-Vu Doll","Gremlin Horn","Vajra"],"card_choices":[{"not_picked":["Uppercut","Pommel Strike"],"picked":"Thunderclap"},{"not_picked":["Sword Boomerang","Perfected Strike"],"picked":"True Grit"},{"not_picked":["Sever Soul","Reckless Charge"],"picked":"Headbutt"},{"not_picked":["Second Wind","Infernal Blade"],"picked":"Seeing Red"},{"not_picked":["Perfected Strike","Battle Trance"],"picked":"Shrug It Off"},{"not_picked":["Clothesline","Power Through"],"picked":"Inflame"},{"not_picked":["Feel No Pain","Infernal Blade"],"picked":"Flame Barrier"},{"not_picked":["Thunderclap","Shrug It Off"],"picked":"Warcry"},{"not_picked":["Rampage","True Grit"],"picked":"Flex"},{"not_picked":["Iron Wave","Searing Blow"],"picked":"Warcry"}],"player_experience":16067,"potions_floor_usage":[10,16,18,28,30,31],"damage_taken":[{"damage":2,"enemies":"2 Louse","floor":1,"turns":4},{"damage":10,"enemies":"Cultist","floor":4,"turns":4},{"damage":18,"enemies":"Blue Slaver","floor":5,"turns":5},{"damage":24,"enemies":"Large Slime","floor":7,"turns":10},{"damage":21,"enemies":"3 Sentries","floor":10,"turns":5},{"damage":12,"enemies":"Lagavulin","floor":12,"turns":5},{"damage":0,"enemies":"2 Fungi Beasts","floor":13,"turns":2},{"damage":7,"enemies":"Slime Boss","floor":16,"turns":6},{"damage":14,"enemies":"Spheric Guardian","floor":18,"turns":4},{"damage":0,"enemies":"Shell Parasite","floor":20,"turns":6},{"damage":46,"enemies":"Book of Stabbing","floor":23,"turns":6},{"damage":9,"enemies":"Slavers","floor":25,"turns":6},{"damage":7,"enemies":"Snecko","floor":27,"turns":5},{"damage":11,"enemies":"Book of Stabbing","floor":28,"turns":4},{"damage":9,"enemies":"Centurion and Healer","floor":29,"turns":7},{"damage":4,"enemies":"Cultist and Chosen","floor":30,"turns":4},{"damage":20,"enemies":"Sentry and Sphere","floor":31,"turns":4},{"damage":85,"enemies":"Champ","floor":33,"turns":12}],"event_choices":[{"event_name":"Living Wall","player_choice":"Forget","floor":2,"damage_taken":0},{"event_name":"Scrap Ooze","player_choice":"success","floor":3,"damage_taken":12},{"event_name":"The Library","player_choice":"Read","floor":19,"damage_taken":0},{"event_name":"Vampires","player_choice":"Became a vampire","floor":21,"damage_taken":0},{"event_name":"Drug Dealer","player_choice":"Got JAXXED","floor":22,"damage_taken":0}],"boss_relics":[{"not_picked":["White Beast Statue","Velvet Choker"],"picked":"Mark of Pain"}],"potions_floor_spawned":[5,10,12,20,23,29],"seed_played":"9171646218560476837","killed_by":"Champ","ascension_level":0,"is_trial":false}