{"gold_per_floor":[11,11,11,27,27,56,91,110,110,110,110,123,123,2,2,102,132,143,143,159,175,188,188,188],"floor_reached":24,"playtime":1296,"items_purged":[],"score":206,"play_id":"389b54b3-c0b1-47ce-9a2e-89e6c906fdee","local_time":"20190310212555","is_ascension_mode":false,"campfire_choices":[{"floor":10,"key":"REST"},{"data":"Backflip","floor":13,"key":"SMITH"},{"data":"Flying Knee","floor":15,"key":"SMITH"},{"floor":23,"key":"REST"}],"neow_cost":"NO_GOLD","seed_source_timestamp":47150835174690,"circlet_count":0,"master_deck":["Defend_G","Defend_G","Defend_G","Defend_G","Defend_G","Strike_G","Strike_G","Strike_G+1","Survivor","Neutralize","Poisoned Stab+1","Deadly Poison","Deadly Poison","Unload","Backflip+1","Deadly Poison","Escape Plan","Flying Knee+1","Burst","Parasite","Doubt","Injury","Poisoned Stab+1","Backstab"],"relics":["Ring of the Snake","WingedGreaves","Boot","Bottled Flame","Snake Skull","Ornamental Fan","Calling Bell","Tiny Chest","Mercury Hourglass","StoneCalendar"],"potions_floor_usage":[21,22],"damage_taken":[{"damage":2,"enemies":"Small Slimes","floor":1,"turns":4},{"damage":0,"enemies":"Jaw Worm","floor":4,"turns":4},{"damage":24,"enemies":"Gremlin Nob","floor":6,"turns":5},{"damage":10,"enemies":"Lagavulin","floor":7,"turns":5},{"damage":0,"enemies":"Cultist","floor":8,"turns":2},{"damage":2,"enemies":"Large Slime","floor":12,"turns":5},{"damage":14,"enemies":"Hexaghost","floor":16,"turns":7},{"damage":19,"enemies":"2 Thieves","floor":18,"turns":4},{"damage":12,"enemies":"Shell Parasite","floor":20,"turns":5},{"damage":17,"enemies":"Snake Plant","floor":21,"turns":4},{"damage":0,"enemies":"Chosen and Byrds","floor":22,"turns":4},{"damage":53,"enemies":"Slavers","floor":24,"turns":4}],"seed_played":"7180481683775251727","potions_obtained":[{"floor":6,"key":"FearPotion"},{"floor":7,"key":"SkillPotion"},{"floor":12,"key":"Swift Potion"},{"floor":18,"key":"Poison Potion"},{"floor":21,"key":"Dexterity Potion"}],"is_trial":false,"path_per_floor":["M","?","?","M","?","E","E","M","T","R","T","M","R","$","R","B",null,"M","?","M","M","M","R","E"],"character_chosen":"THE_SILENT","items_purchased":["Escape Plan","Flying Knee"],"campfire_rested":2,"item_purchase_floors":[14,14],"current_hp_per_floor":[68,54,54,54,54,30,20,20,20,41,41,39,39,39,39,25,70,51,51,39,22,22,43,0],"gold":188,"neow_bonus":"ONE_RARE_RELIC","is_prod":false,"is_daily":false,"chose_seed":false,"campfire_upgraded":2,"win_rate":0,"timestamp":1552267555,"path_taken":["M","?","?","?","?","E","E","?","T","R","?","M","R","?","R","BOSS","M","?","M","M","M","R","E"],"build_version":"2019-01-23","purchased_purges":0,"victory":false,"max_hp_per_floor":[70,70,70,70,70,70,70,70,70,70,70,70,70,70,70,70,70,70,70,70,70,70,70,70],"card_choices":[{"not_picked":["Riddle With Holes","PiercingWail"],"picked":"Poisoned Stab","floor":1},{"not_picked":["Leg Sweep","Sucker Punch"],"picked":"Deadly Poison","floor":4},{"not_picked":["Blade Dance","All Out Attack"],"picked":"Deadly Poison","floor":6},{"not_picked":["Underhanded Strike","Blade Dance"],"picked":"Unload","floor":7},{"not_picked":["Riddle With Holes","Accuracy"],"picked":"Backflip","floor":8},{"not_picked":["Flechettes","Terror"],"picked":"Deadly Poison","floor":12},{"not_picked":["Unload","Phantasmal Killer"],"picked":"Burst","floor":16},{"not_picked":["Outmaneuver","Blade Dance","Acrobatics"],"picked":"SKIP","floor":18},{"not_picked":["Slice","Grand Finale"],"picked":"Poisoned Stab+1","floor":20},{"not_picked":["Dagger Throw","Sucker Punch","Blade Dance"],"picked":"SKIP","floor":21},{"not_picked":["Choke","Night Terror"],"picked":"Backstab","floor":22}],"player_experience":79276,"relics_obtained":[{"floor":6,"key":"Boot"},{"floor":7,"key":"Bottled Flame"},{"floor":9,"key":"Snake Skull"},{"floor":11,"key":"Ornamental Fan"},{"floor":17,"key":"Tiny Chest"},{"floor":17,"key":"Mercury Hourglass"},{"floor":17,"key":"StoneCalendar"}],"event_choices":[{"damage_healed":0,"gold_gain":0,"player_choice":"Entered Light","damage_taken":14,"max_hp_gain":0,"max_hp_loss":0,"event_name":"Shining Light","floor":2,"gold_loss":0,"cards_upgraded":["Poisoned Stab","Strike_G"]},{"cards_removed":["Strike_G"],"damage_healed":0,"gold_gain":0,"player_choice":"Offered Basic","damage_taken":0,"max_hp_gain":0,"max_hp_loss":0,"event_name":"Bonfire Elementals","floor":3,"gold_loss":0},{"cards_removed":["Strike_G"],"damage_healed":0,"gold_gain":0,"player_choice":"Purged","damage_taken":0,"max_hp_gain":0,"max_hp_loss":0,"event_name":"Purifier","floor":5,"gold_loss":0},{"damage_healed":0,"gold_gain":0,"player_choice":"Ignored","damage_taken":0,"max_hp_gain":0,"max_hp_loss":0,"event_name":"Ghosts","floor":19,"gold_loss":0}],"is_beta":false,"boss_relics":[{"not_picked":["Busted Crown","Coffee Dripper"],"picked":"Calling Bell"}],"items_purged_floors":[],"is_endless":false,"potions_floor_spawned":[6,7,12,18,21],"killed_by":"Slavers","ascension_level":0}