{"gold_per_floor":[114,114,30,44,44,44,78,78,78,113,38,38,57,77,77,155,155,170,170,26,26,45,45,45,45],"floor_reached":25,"playtime":1658,"items_purged":[],"score":418,"play_id":"a2a489e1-73a1-4ef0-b84d-faf47697c10e","local_time":"20190307120215","is_ascension_mode":true,"campfire_choices":[{"data":"Zap","floor":6,"key":"SMITH"},{"data":"Dualcast","floor":8,"key":"SMITH"},{"data":"Fission","floor":12,"key":"SMITH"},{"floor":15,"key":"REST"},{"data":"Skim","floor":23,"key":"SMITH"}],"neow_cost":"NONE","seed_source_timestamp":1198705825629236,"circlet_count":0,"master_deck":["AscendersBane","Strike_B","Defend_B","Defend_B","Defend_B","Defend_B","Zap+1","Dualcast+1","Gash","White Noise","Hologram","Scrape","Fission+1","Skim+1","Auto Shields","Gash","Turbo","Skim","Leap","Beam Cell","Scrape","Hologram","Go for the Eyes"],"relics":["Cracked Core","NeowsBlessing","Smiling Mask","Shovel","WingedGreaves","Orrery","Ancient Tea Set"],"potions_floor_usage":[10,22],"damage_taken":[{"damage":0,"enemies":"2 Louse","floor":1,"turns":1},{"damage":0,"enemies":"Small Slimes","floor":4,"turns":1},{"damage":0,"enemies":"Lagavulin","floor":7,"turns":1},{"damage":35,"enemies":"Gremlin Nob","floor":10,"turns":4},{"damage":7,"enemies":"Jaw Worm","floor":13,"turns":3},{"damage":1,"enemies":"Looter","floor":14,"turns":3},{"damage":27,"enemies":"The Guardian","floor":16,"turns":11},{"damage":28,"enemies":"2 Thieves","floor":18,"turns":5},{"damage":1,"enemies":"Spheric Guardian","floor":22,"turns":4},{"damage":27,"enemies":"Colosseum Slavers","floor":25,"turns":4}],"seed_played":"-2006646611361943419","potions_obtained":[{"floor":7,"key":"FearPotion"},{"floor":10,"key":"SpeedPotion"},{"floor":18,"key":"Energy Potion"}],"is_trial":false,"path_per_floor":["M","?","$","M","$","R","E","R","T","E","?","R","M","M","R","B",null,"M","?","$","T","M","R","?","?"],"character_chosen":"DEFECT","items_purchased":["White Noise","Beam Cell","Scrape"],"campfire_rested":1,"item_purchase_floors":[3,20,20],"current_hp_per_floor":[64,57,57,57,57,57,57,57,57,22,22,22,15,14,35,8,55,27,27,27,27,26,26,26,0],"gold":45,"neow_bonus":"THREE_ENEMY_KILL","is_prod":false,"is_daily":false,"chose_seed":false,"campfire_upgraded":4,"win_rate":0,"timestamp":1551956535,"path_taken":["M","?","$","M","$","R","E","R","T","E","?","R","?","M","R","BOSS","M","?","$","?","M","R","?","?"],"build_version":"2019-02-06","purchased_purges":0,"victory":false,"max_hp_per_floor":[71,71,71,71,71,71,71,71,71,71,71,71,71,71,71,71,71,71,71,71,71,71,71,71,71],"card_choices":[{"not_picked":["Conserve Battery","Barrage"],"picked":"Gash","floor":1},{"not_picked":["Rebound","Redo"],"picked":"Hologram","floor":4},{"not_picked":["Lockon","Hello World"],"picked":"Scrape","floor":7},{"not_picked":["Steam","Barrage"],"picked":"Fission","floor":10},{"not_picked":["Barrage","Cold Snap"],"picked":"Skim","floor":13},{"not_picked":["Steam Power","Storm"],"picked":"Auto Shields","floor":14},{"not_picked":["Sunder","Melter"],"picked":"Gash","floor":17},{"not_picked":["Redo","Doom and Gloom"],"picked":"Turbo","floor":17},{"not_picked":["Conserve Battery","Recycle"],"picked":"Skim","floor":17},{"not_picked":["Static Discharge","Loop"],"picked":"Leap","floor":17},{"not_picked":["Streamline+1","Melter","Storm"],"picked":"SKIP","floor":18},{"not_picked":["Machine Learning","Lockon"],"picked":"Hologram","floor":22}],"player_experience":886788,"relics_obtained":[{"floor":7,"key":"Smiling Mask"},{"floor":9,"key":"Shovel"},{"floor":10,"key":"WingedGreaves"},{"floor":21,"key":"Ancient Tea Set"}],"event_choices":[{"cards_removed":["Strike_B"],"damage_healed":0,"gold_gain":0,"player_choice":"Card Removal","damage_taken":7,"max_hp_gain":0,"max_hp_loss":0,"event_name":"Golden Wing","floor":2,"gold_loss":0},{"cards_removed":["Strike_B"],"damage_healed":0,"gold_gain":0,"player_choice":"Card Removal","damage_taken":0,"max_hp_gain":0,"max_hp_loss":0,"event_name":"The Cleric","floor":11,"gold_loss":75},{"cards_removed":["Strike_B"],"damage_healed":0,"gold_gain":0,"player_choice":"Purged","damage_taken":0,"max_hp_gain":0,"max_hp_loss":0,"event_name":"Purifier","floor":19,"gold_loss":0},{"damage_healed":0,"gold_gain":0,"player_choice":"Read","damage_taken":0,"max_hp_gain":0,"max_hp_loss":0,"event_name":"The Library","floor":24,"gold_loss":0,"cards_obtained":["Go for the Eyes"]},{"damage_healed":0,"gold_gain":0,"player_choice":"Fight","damage_taken":0,"max_hp_gain":0,"max_hp_loss":0,"event_name":"Colosseum","floor":25,"gold_loss":0}],"is_beta":true,"boss_relics":[{"not_picked":["Calling Bell","Snecko Eye"],"picked":"Orrery"}],"items_purged_floors":[],"is_endless":false,"potions_floor_spawned":[7,10,18],"killed_by":"Colosseum Slavers","ascension_level":16}