{"gold_per_floor":[117,32,47,47,47,47,62,90,116,147,147,62,62,72,72,146,146,161,161,110,123,48,48,81,81,81,181,181,192,192,225,225,225],"floor_reached":33,"playtime":2183,"items_purged":["Strike_G"],"score":498,"play_id":"e8b73955-9436-424b-a242-4c97f95dcfbd","local_time":"20190221223336","is_ascension_mode":true,"campfire_choices":[{"data":"Skewer","floor":6,"key":"SMITH"},{"data":"Neutralize","floor":11,"key":"SMITH"},{"data":"Dash","floor":13,"key":"SMITH"},{"data":"Well Laid Plans","floor":15,"key":"SMITH"},{"data":"Adrenaline","floor":23,"key":"SMITH"},{"data":"Outmaneuver","floor":25,"key":"SMITH"},{"data":"Outmaneuver","floor":28,"key":"SMITH"},{"data":"Backflip","floor":30,"key":"SMITH"},{"floor":32,"key":"REST"}],"neow_cost":"NONE","seed_source_timestamp":26426731419650,"circlet_count":0,"master_deck":["AscendersBane","Defend_G","Defend_G","Defend_G","Defend_G","Defend_G","Strike_G","Strike_G","Strike_G","Survivor","Neutralize+1","Backstab","Skewer+1","Outmaneuver+1","Dash+1","Blur","Well Laid Plans+1","Backstab","Adrenaline+1","Blur","Outmaneuver+1","Dagger Spray","Backflip+1"],"relics":["Ring of the Snake","Art of War","PreservedInsect","Boot","Cursed Key","Torii","The Specimen","Ninja Scroll","Red Mask"],"potions_floor_usage":[24,27,29,33],"damage_taken":[{"damage":0,"enemies":"2 Louse","floor":1,"turns":3},{"damage":1,"enemies":"Jaw Worm","floor":3,"turns":3},{"damage":0,"enemies":"Small Slimes","floor":7,"turns":3},{"damage":5,"enemies":"3 Sentries","floor":8,"turns":9},{"damage":18,"enemies":"Lagavulin","floor":10,"turns":6},{"damage":0,"enemies":"2 Fungi Beasts","floor":14,"turns":2},{"damage":18,"enemies":"The Guardian","floor":16,"turns":12},{"damage":4,"enemies":"Chosen","floor":18,"turns":5},{"damage":0,"enemies":"3 Byrds","floor":21,"turns":6},{"damage":6,"enemies":"Slavers","floor":24,"turns":6},{"damage":8,"enemies":"Colosseum Slavers","floor":27,"turns":4},{"damage":0,"enemies":"Colosseum Nobs","floor":27,"turns":3},{"damage":0,"enemies":"Sentry and Sphere","floor":29,"turns":3},{"damage":10,"enemies":"Masked Bandits","floor":31,"turns":5},{"damage":33,"enemies":"Automaton","floor":33,"turns":12}],"seed_played":"-147387004407802915","potions_obtained":[{"floor":1,"key":"SpeedPotion"},{"floor":3,"key":"GhostInAJar"},{"floor":24,"key":"Dexterity Potion"},{"floor":27,"key":"AttackPotion"}],"is_trial":false,"path_per_floor":["M","$","M","?","?","R","M","E","T","E","R","$","R","M","R","B",null,"M","?","$","M","$","R","E","R","T","?","R","M","R","?","R","B"],"character_chosen":"THE_SILENT","items_purchased":["Skewer","Well Laid Plans","Outmaneuver"],"campfire_rested":1,"item_purchase_floors":[2,12,20],"current_hp_per_floor":[65,65,64,64,57,57,57,52,52,34,34,34,34,34,34,16,58,54,34,34,34,34,34,28,28,28,20,20,20,20,10,33,0],"gold":225,"neow_bonus":"TEN_PERCENT_HP_BONUS","is_prod":false,"is_daily":false,"chose_seed":false,"campfire_upgraded":8,"win_rate":0,"timestamp":1550784816,"path_taken":["M","$","M","?","?","R","M","E","T","E","R","?","R","M","R","BOSS","M","?","$","M","$","R","E","R","T","?","R","M","R","?","R","BOSS"],"build_version":"2019-02-06","purchased_purges":1,"victory":false,"max_hp_per_floor":[72,72,72,72,72,72,72,72,72,72,72,72,72,72,72,72,72,72,77,77,77,77,77,77,77,77,77,77,77,77,77,77,77],"card_choices":[{"not_picked":["Choke","Finisher"],"picked":"Backstab","floor":1},{"not_picked":["Flying Knee","Caltrops"],"picked":"Outmaneuver","floor":3},{"not_picked":["PiercingWail","Blade Dance"],"picked":"Dash","floor":7},{"not_picked":["Blade Dance","Sucker Punch"],"picked":"Blur","floor":8},{"not_picked":["Sucker Punch","Backflip","Dodge and Roll"],"picked":"SKIP","floor":10},{"not_picked":["Prepared","Reflex"],"picked":"Backstab","floor":14},{"not_picked":["Night Terror","After Image"],"picked":"Adrenaline","floor":16},{"not_picked":["All Out Attack+1","Eviscerate"],"picked":"Blur","floor":18},{"not_picked":["Quick Slash","Cloak And Dagger"],"picked":"Dagger Spray","floor":21},{"not_picked":["Deadly Poison","Acrobatics","Reflex"],"picked":"SKIP","floor":24},{"not_picked":["Slice","Concentrate"],"picked":"Backflip","floor":29}],"player_experience":811970,"relics_obtained":[{"floor":8,"key":"Art of War"},{"floor":9,"key":"PreservedInsect"},{"floor":10,"key":"Boot"},{"floor":24,"key":"Torii"},{"floor":27,"key":"The Specimen"},{"floor":27,"key":"Ninja Scroll"},{"floor":31,"key":"Red Mask"}],"event_choices":[{"damage_healed":0,"gold_gain":0,"player_choice":"Ignored","damage_taken":0,"max_hp_gain":0,"max_hp_loss":0,"event_name":"Liars Game","floor":4,"gold_loss":0},{"cards_removed":["Strike_G"],"damage_healed":0,"gold_gain":0,"player_choice":"Card Removal","damage_taken":7,"max_hp_gain":0,"max_hp_loss":0,"event_name":"Golden Wing","floor":5,"gold_loss":0},{"damage_healed":0,"gold_gain":0,"player_choice":"Shed Blood","damage_taken":25,"max_hp_gain":5,"max_hp_loss":0,"event_name":"Forgotten Altar","floor":19,"gold_loss":0},{"damage_healed":0,"gold_gain":0,"player_choice":"Fight","damage_taken":0,"max_hp_gain":0,"max_hp_loss":0,"event_name":"Colosseum","floor":27,"gold_loss":0},{"damage_healed":0,"gold_gain":0,"player_choice":"Fought Nobs","damage_taken":0,"max_hp_gain":0,"max_hp_loss":0,"event_name":"Colosseum","floor":27,"gold_loss":0},{"damage_healed":0,"gold_gain":0,"player_choice":"Fought Bandits","damage_taken":0,"max_hp_gain":0,"max_hp_loss":0,"event_name":"Masked Bandits","floor":31,"gold_loss":0}],"is_beta":true,"boss_relics":[{"not_picked":["Busted Crown","Snecko Eye"],"picked":"Cursed Key"}],"items_purged_floors":[22],"is_endless":false,"potions_floor_spawned":[1,3,16,21,24,27,27],"killed_by":"Automaton","ascension_level":17}