{"gold_per_floor":[112,112,112,132,150,150,183,203,203,10,10,26,43,43,43,139,139,159,82,99,99,99,99],"floor_reached":23,"playtime":1316,"items_purged":[],"score":235,"play_id":"375d2930-73a3-4ed5-b840-5b8c1ef7a31f","local_time":"20190312105555","is_ascension_mode":true,"campfire_choices":[{"floor":6.0,"key":"REST"},{"floor":11,"key":"REST"},{"floor":15,"key":"REST"}],"neow_cost":"PERCENT_DAMAGE","seed_source_timestamp":0,"circlet_count":0,"master_deck":["Strike_R","Strike_R","Strike_R","Strike_R","Defend_R","Defend_R","Defend_R","Defend_R","Bash","Iron Wave","Headbutt","Twin Strike","Berserk","Spot Weakness","Offering","Intimidate"],"special_seed":0,"relics":["Burning Blood","Pantograph","Kunai","Shuriken","Membership Card","CultistMask","Cursed Key","PreservedInsect"],"potions_floor_usage":[16],"damage_taken":[{"damage":7.0,"enemies":"Jaw Worm","floor":1.0,"turns":6.0},{"damage":2.0,"enemies":"2 Louse","floor":4.0,"turns":3.0},{"damage":1.0,"enemies":"Cultist","floor":5.0,"turns":3.0},{"damage":40.0,"enemies":"Lagavulin","floor":7.0,"turns":7.0},{"damage":23.0,"enemies":"Lots of Slimes","floor":8.0,"turns":5.0},{"damage":11,"enemies":"Exordium Wildlife","floor":12,"turns":3},{"damage":12,"enemies":"Looter","floor":13,"turns":3},{"damage":87,"enemies":"Hexaghost","floor":16,"turns":8},{"damage":17,"enemies":"Shell Parasite","floor":18,"turns":5},{"damage":26,"enemies":"2 Thieves","floor":20,"turns":4},{"damage":39,"enemies":"Colosseum Slavers","floor":22,"turns":5},{"damage":15,"enemies":"Slavers","floor":23,"turns":1}],"seed_played":"-3104625616789443030","potions_obtained":[{"floor":4.0,"key":"SteroidPotion"},{"floor":13,"key":"Poison Potion"},{"floor":16,"key":"Dexterity Potion"},{"floor":18,"key":"PowerPotion"}],"is_trial":false,"path_per_floor":["M","?","?","M","M","R","E","M","T","$","R","M","M","?","R","B",null,"M","$","M","?","?","E"],"character_chosen":"IRONCLAD","items_purchased":["Membership Card","PreservedInsect"],"campfire_rested":3,"item_purchase_floors":[10,19],"current_hp_per_floor":[71,59,59,63,68,96,62,45,45,45,73,68,62,62,90,15,96,85,85,65,46,13,0],"gold":99,"neow_bonus":"TWENTY_PERCENT_HP_BONUS","is_prod":false,"is_daily":false,"chose_seed":false,"campfire_upgraded":0,"win_rate":0,"timestamp":1552402555,"path_taken":["M","?","?","M","M","R","E","M","T","?","R","M","M","?","R","BOSS","M","?","?","?","?","E"],"build_version":"2019-01-23","purchased_purges":0,"victory":false,"max_hp_per_floor":[96,96,96,96,96,96,96,96,96,96,96,96,96,96,96,96,96,96,96,96,101,101,101],"card_choices":[{"not_picked":["Havoc","Clothesline"],"picked":"Iron Wave","floor":1.0},{"not_picked":["Clash","Bloodletting"],"picked":"Headbutt","floor":4.0},{"not_picked":["Clothesline","Feel No Pain"],"picked":"Twin Strike","floor":5.0},{"not_picked":["Dropkick","Clothesline"],"picked":"Berserk","floor":7.0},{"not_picked":["Heavy Blade","Uppercut","Perfected Strike"],"picked":"SKIP","floor":8.0},{"not_picked":["Rampage","Pommel Strike"],"picked":"Spot Weakness","floor":12},{"not_picked":["Body Slam","Clothesline","Carnage"],"picked":"SKIP","floor":13},{"not_picked":["Barricade","Immolate"],"picked":"Offering","floor":16},{"not_picked":["Heavy Blade","Clothesline"],"picked":"Intimidate","floor":18},{"not_picked":["Havoc","Wild Strike","Thunderclap"],"picked":"SKIP","floor":20}],"player_experience":124860,"relics_obtained":[{"floor":7.0,"key":"Kunai"},{"floor":9.0,"key":"Shuriken"}],"event_choices":[{"damage_healed":0.0,"max_hp_gain":0.0,"max_hp_loss":0.0,"gold_gain":0.0,"event_name":"Scrap Ooze","player_choice":"Success","floor":2.0,"gold_loss":0.0,"damage_taken":12.0,"relics_obtained":["Pantograph"]},{"cards_removed":["Strike_R"],"damage_healed":0.0,"max_hp_gain":0.0,"max_hp_loss":0.0,"gold_gain":0.0,"event_name":"Living Wall","player_choice":"Forget","floor":3.0,"gold_loss":0.0,"damage_taken":0.0},{"damage_healed":0,"gold_gain":0,"player_choice":"Trade","damage_taken":0,"relics_obtained":["CultistMask"],"max_hp_gain":0,"max_hp_loss":0,"event_name":"FaceTrader","floor":14,"gold_loss":0},{"damage_healed":0,"gold_gain":0,"player_choice":"Shed Blood","damage_taken":24,"max_hp_gain":5,"max_hp_loss":0,"event_name":"Forgotten Altar","floor":21,"gold_loss":0},{"damage_healed":0,"gold_gain":0,"player_choice":"Fight","damage_taken":0,"max_hp_gain":0,"max_hp_loss":0,"event_name":"Colosseum","floor":22,"gold_loss":0},{"damage_healed":0,"gold_gain":0,"player_choice":"Fled From Nobs","damage_taken":0,"max_hp_gain":0,"max_hp_loss":0,"event_name":"Colosseum","floor":22,"gold_loss":0}],"is_beta":false,"boss_relics":[{"not_picked":["Ectoplasm","Mark of Pain"],"picked":"Cursed Key"}],"items_purged_floors":[],"is_endless":false,"potions_floor_spawned":[4,13,16,18],"killed_by":"Slavers","ascension_level":2}