{"gold_per_floor":[119,119,44,55,55,87,87,87],"floor_reached":8,"playtime":799,"items_purged":[],"score":100,"play_id":"88a72298-e31b-4e11-bb34-01eac2f4b7c8","local_time":"20190225193226","is_ascension_mode":true,"campfire_choices":[{"data":"Neutralize","floor":7,"key":"SMITH"}],"neow_cost":"NONE","seed_source_timestamp":362550990310839,"circlet_count":0,"master_deck":["AscendersBane","Defend_G","Defend_G","Defend_G","Defend_G","Strike_G","Strike_G","Strike_G","Strike_G","Strike_G","Survivor","Neutralize+1","Deflect","Slice","Acrobatics"],"relics":["Ring of the Snake","Bag of Preparation","Dream Catcher","Art of War"],"potions_floor_usage":[],"damage_taken":[{"damage":0,"enemies":"2 Louse","floor":1,"turns":3},{"damage":2,"enemies":"Small Slimes","floor":4,"turns":5},{"damage":49,"enemies":"Lagavulin","floor":6,"turns":11},{"damage":8,"enemies":"3 Sentries","floor":8,"turns":2}],"seed_played":"7267641908303649195","potions_obtained":[{"floor":6,"key":"Dexterity Potion"}],"is_trial":false,"path_per_floor":["M","?","?","M","?","E","R","E"],"character_chosen":"THE_SILENT","items_purchased":[],"campfire_rested":0,"item_purchase_floors":[],"current_hp_per_floor":[59,59,59,57,52,3,3,0],"gold":87,"neow_bonus":"RANDOM_COMMON_RELIC","is_prod":false,"is_daily":false,"chose_seed":false,"campfire_upgraded":1,"win_rate":0,"timestamp":1551119546,"path_taken":["M","?","?","?","?","E","R","E"],"build_version":"2019-02-06","purchased_purges":0,"victory":false,"max_hp_per_floor":[66,66,66,66,66,66,66,66],"card_choices":[{"not_picked":["Flying Knee","Slice"],"picked":"Deflect","floor":1},{"not_picked":["Finisher","Blade Dance","Slice"],"picked":"SKIP","floor":4},{"not_picked":["Finisher","Blade Dance"],"picked":"Slice","floor":4},{"not_picked":["Dodge and Roll","Bane"],"picked":"Acrobatics","floor":6}],"player_experience":815576,"relics_obtained":[{"floor":6,"key":"Art of War"}],"event_choices":[{"damage_healed":0,"gold_gain":0,"player_choice":"Ignored","damage_taken":0,"max_hp_gain":0,"max_hp_loss":0,"event_name":"Liars Game","floor":2,"gold_loss":0},{"cards_removed":["Defend_G"],"damage_healed":0,"gold_gain":0,"player_choice":"Card Removal","damage_taken":0,"max_hp_gain":0,"max_hp_loss":0,"event_name":"The Cleric","floor":3,"gold_loss":75},{"damage_healed":0,"gold_gain":0,"player_choice":"Success","damage_taken":5,"relics_obtained":["Dream Catcher"],"max_hp_gain":0,"max_hp_loss":0,"event_name":"Scrap Ooze","floor":5,"gold_loss":0}],"is_beta":true,"boss_relics":[],"items_purged_floors":[],"is_endless":false,"potions_floor_spawned":[6],"killed_by":"3 Sentries","ascension_level":17}