{"gold_per_floor":[12,22,34,34,47,91,91,129,129,167,191,209,284,25,25,144,144,157,94,44,65,88,88,124,124,148,181,193,218,51,64,64,194,194,210,223,223,248,273,273,293,318,400,423,1,101,121,156,156,156],"floor_reached":51,"playtime":8092,"items_purged":[],"score":925,"play_id":"1816dd3c-74be-4266-afbd-9c57faec0deb","local_time":"20180922170222","is_ascension_mode":false,"campfire_choices":[{"data":"Neutralize","floor":7.0,"key":"SMITH"},{"data":"Noxious Fumes","floor":15.0,"key":"SMITH"},{"data":"A Thousand Cuts","floor":23.0,"key":"SMITH"},{"data":"Footwork","floor":25.0,"key":"SMITH"},{"data":"Infinite Blades","floor":32.0,"key":"SMITH"},{"data":"Adrenaline","floor":40.0,"key":"SMITH"},{"data":"Mayhem","floor":49,"key":"SMITH"}],"neow_cost":"NO_GOLD","seed_source_timestamp":417292489653593,"circlet_count":0,"master_deck":["Survivor","Neutralize+1","Dodge and Roll","Masterful Stab","Infinite Blades+1","Dodge and Roll","Caltrops","Cloak And Dagger","PiercingWail","Skewer","Adrenaline+1","Dash","Backstab","Adrenaline","A Thousand Cuts+1","Noxious Fumes+1","Adrenaline+1","Quick Slash","Cloak And Dagger+1","Choke","Setup+1","Cloak And Dagger+1","Reflex+1","Cloak And Dagger+1","Catalyst+1","Bane","Prepared+1","Cloak And Dagger+1","Footwork","Cloak And Dagger+1","Dodge and Roll+1","Footwork+1","Blade Dance+1","Blur+1","Blur+1","Blur+1","After Image","Prepared+1","Backflip+1","Mayhem+1","Acrobatics+1","Cloak And Dagger+1","Cloak And Dagger+1"],"special_seed":0,"relics":["Ring of the Serpent","Prayer Wheel","Golden Idol","Centennial Puzzle","Singing Bowl","The Courier","Mummified Hand","Toxic Egg 2","Pandora\u0027s Box","Kunai","MawBank","Strawberry","Snake Skull","PreservedInsect","HandDrill","Bronze Scales"],"potions_floor_usage":[],"damage_taken":[{"damage":0.0,"enemies":"Jaw Worm","floor":1.0,"turns":5.0},{"damage":0.0,"enemies":"2 Louse","floor":2.0,"turns":1.0},{"damage":0.0,"enemies":"Small Slimes","floor":3.0,"turns":5.0},{"damage":0.0,"enemies":"Blue Slaver","floor":5.0,"turns":4.0},{"damage":15.0,"enemies":"3 Sentries","floor":6.0,"turns":8.0},{"damage":20.0,"enemies":"Gremlin Nob","floor":8.0,"turns":5.0},{"damage":8.0,"enemies":"Lagavulin","floor":10.0,"turns":8.0},{"damage":4.0,"enemies":"Red Slaver","floor":11.0,"turns":3.0},{"damage":0.0,"enemies":"Gremlin Gang","floor":12.0,"turns":3.0},{"damage":1.0,"enemies":"Hexaghost","floor":16.0,"turns":9.0},{"damage":3.0,"enemies":"2 Thieves","floor":18.0,"turns":3.0},{"damage":0.0,"enemies":"Chosen","floor":21.0,"turns":3.0},{"damage":0.0,"enemies":"Snake Plant","floor":22.0,"turns":3.0},{"damage":10.0,"enemies":"Slavers","floor":24.0,"turns":3.0},{"damage":0.0,"enemies":"Centurion and Healer","floor":27.0,"turns":2.0},{"damage":0.0,"enemies":"Cultist and Chosen","floor":29.0,"turns":3.0},{"damage":0.0,"enemies":"Shelled Parasite and Fungi","floor":31.0,"turns":4.0},{"damage":0.0,"enemies":"Automaton","floor":33.0,"turns":10.0},{"damage":0.0,"enemies":"3 Shapes","floor":35.0,"turns":2.0},{"damage":0.0,"enemies":"Orb Walker","floor":36.0,"turns":4.0},{"damage":8.0,"enemies":"Jaw Worm Horde","floor":38.0,"turns":4.0},{"damage":0.0,"enemies":"Maw","floor":39.0,"turns":6.0},{"damage":0.0,"enemies":"Sphere and 2 Shapes","floor":41.0,"turns":5.0},{"damage":5,"enemies":"Jaw Worm Horde","floor":42,"turns":5},{"damage":8,"enemies":"3 Darklings","floor":44,"turns":3},{"damage":0,"enemies":"Reptomancer","floor":47,"turns":5},{"damage":9,"enemies":"2 Orb Walkers","floor":48,"turns":4},{"damage":0,"enemies":"Donu and Deca","floor":50,"turns":8}],"seed_played":"-8054581780167193714","potions_obtained":[{"floor":1.0,"key":"Weak Potion"},{"floor":3.0,"key":"Swift Potion"},{"floor":12.0,"key":"AttackPotion"},{"floor":22.0,"key":"SkillPotion"},{"floor":24.0,"key":"Fruit Juice"},{"floor":38.0,"key":"Energy Potion"},{"floor":42,"key":"Strength Potion"}],"is_trial":false,"path_per_floor":["M","M","M","?","M","E","R","E","T","E","M","M","?","$","R","B",null,"M","$","?","M","M","R","E","R","T","M","$","M","$","M","R","B",null,"M","M","?","M","M","R","M","M","T","M","$","?","M","E","R","B"],"character_chosen":"THE_SILENT","items_purchased":["Noxious Fumes","Toxic Egg 2","Footwork","Cloak And Dagger+1","Strawberry","Blur+1","Snake Skull","PreservedInsect","HandDrill"],"campfire_rested":0,"item_purchase_floors":[14,14,19,19,30,30,45,45,45],"current_hp_per_floor":[70,70,70,65,65,50,50,32,32,24,20,22,11,11,11,10,69,68,68,68,72,74,74,69,69,69,73,73,73,80,82,82,82,95,97,99,93,89,91,91,93,92,92,86,86,86,90,83,83,83],"gold":156,"neow_bonus":"ONE_RARE_RELIC","is_prod":false,"is_daily":false,"chose_seed":false,"campfire_upgraded":7,"win_rate":0,"timestamp":1537650142,"path_taken":["M","M","M","?","M","E","R","E","T","E","M","M","?","$","R","BOSS","M","$","?","M","M","R","E","R","T","?","$","?","$","M","R","BOSS","M","M","?","M","?","R","M","M","T","?","$","?","M","E","R","BOSS"],"build_version":"2018-09-20","purchased_purges":0,"victory":true,"max_hp_per_floor":[70,70,70,65,65,65,65,67,67,67,67,69,69,69,69,69,69,71,71,71,75,77,77,82,82,82,86,86,86,93,95,95,95,95,97,99,103,107,109,109,111,115,115,117,117,117,121,123,123,123],"card_choices":[{"not_picked":["Slice","Blade Dance"],"picked":"Dodge and Roll","floor":1.0},{"not_picked":["Crippling Poison","Acrobatics"],"picked":"Masterful Stab","floor":1.0},{"not_picked":["Dodge and Roll","Concentrate"],"picked":"Infinite Blades","floor":2.0},{"not_picked":["Prepared","Finisher"],"picked":"Dodge and Roll","floor":2.0},{"not_picked":["Calculated Gamble","Infinite Blades"],"picked":"Caltrops","floor":3.0},{"not_picked":["Backflip","Dodge and Roll"],"picked":"Cloak And Dagger","floor":3.0},{"not_picked":["Setup","Backflip"],"picked":"PiercingWail","floor":5.0},{"not_picked":["Infinite Blades","Bouncing Flask"],"picked":"Skewer","floor":5.0},{"not_picked":["Heel Hook","Backflip"],"picked":"Adrenaline","floor":6.0},{"not_picked":["Slice","Setup","PiercingWail"],"picked":"Singing Bowl","floor":8.0},{"not_picked":["Heel Hook","Predator"],"picked":"Dash","floor":10.0},{"not_picked":["Dagger Throw","Dagger Spray"],"picked":"Backstab","floor":11.0},{"not_picked":["PiercingWail","Acrobatics"],"picked":"Adrenaline","floor":11.0},{"not_picked":["PiercingWail","Flying Knee","Blade Dance"],"picked":"Singing Bowl","floor":12.0},{"not_picked":["Dagger Spray","Finisher"],"picked":"A Thousand Cuts","floor":12.0},{"not_picked":["Grand Finale","Die Die Die"],"picked":"Adrenaline+1","floor":16.0},{"not_picked":["Quick Slash","Sucker Punch"],"picked":"Cloak And Dagger+1","floor":18.0},{"not_picked":["Deadly Poison+1","Accuracy+1","Blade Dance+1"],"picked":"Singing Bowl","floor":18.0},{"not_picked":["Prepared+1","Bouncing Flask+1","Caltrops"],"picked":"Singing Bowl","floor":21.0},{"not_picked":["Deflect+1","Caltrops","Backflip+1"],"picked":"Singing Bowl","floor":21.0},{"not_picked":["Quick Slash","Bane+1","Dodge and Roll+1"],"picked":"Singing Bowl","floor":22.0},{"not_picked":["Blade Dance+1","Crippling Poison+1"],"picked":"Dodge and Roll+1","floor":22.0},{"not_picked":["Predator","A Thousand Cuts"],"picked":"Footwork","floor":24.0},{"not_picked":["Sucker Punch+1","Deadly Poison+1","Poisoned Stab+1"],"picked":"Singing Bowl","floor":27.0},{"not_picked":["Dagger Spray","Flechettes","Deadly Poison+1"],"picked":"Singing Bowl","floor":27.0},{"not_picked":["Caltrops","Concentrate+1"],"picked":"Blade Dance+1","floor":29.0},{"not_picked":["Backstab","Prepared+1"],"picked":"Blur+1","floor":29.0},{"not_picked":["Finisher","Bane"],"picked":"Blur+1","floor":31.0},{"not_picked":["Flying Knee","Sucker Punch","Tactician+1"],"picked":"Singing Bowl","floor":31.0},{"not_picked":["Doppelganger+1","Night Terror+1"],"picked":"After Image","floor":33.0},{"not_picked":["Cloak And Dagger+1","Sucker Punch","PiercingWail+1"],"picked":"Singing Bowl","floor":35.0},{"not_picked":["Outmaneuver+1","Deflect+1"],"picked":"Prepared+1","floor":35.0},{"not_picked":["Venomology+1","Infinite Blades"],"picked":"Backflip+1","floor":36.0},{"not_picked":["Deflect+1","Concentrate+1","Flying Knee"],"picked":"Singing Bowl","floor":36.0},{"not_picked":["Magnetism","Secret Weapon+1","Sadistic Nature"],"picked":"Singing Bowl","floor":37.0},{"not_picked":["Transmutation+1","Blind+1","Magnetism"],"picked":"Singing Bowl","floor":37.0},{"not_picked":["Swift Strike","Magnetism"],"picked":"Mayhem","floor":37.0},{"not_picked":["Backflip+1","Skewer","Calculated Gamble+1"],"picked":"Singing Bowl","floor":38.0},{"not_picked":["Dagger Spray+1","Prepared+1","Blade Dance+1"],"picked":"Singing Bowl","floor":38.0},{"not_picked":["Flying Knee","Infinite Blades+1","Deflect+1"],"picked":"Singing Bowl","floor":39.0},{"not_picked":["Deflect+1","Well Laid Plans+1"],"picked":"Acrobatics+1","floor":39.0},{"not_picked":["Choke+1","All Out Attack","Dodge and Roll+1"],"picked":"Singing Bowl","floor":41.0},{"not_picked":["Choke","Glass Knife"],"picked":"Cloak And Dagger+1","floor":41.0},{"not_picked":["Deadly Poison+1","Setup+1","Backflip+1"],"picked":"Singing Bowl","floor":42},{"not_picked":["Sucker Punch","Reflex+1","Distraction+1"],"picked":"Singing Bowl","floor":42},{"not_picked":["Blade Dance+1","Riddle With Holes+1"],"picked":"Cloak And Dagger+1","floor":44},{"not_picked":["Deflect+1","All Out Attack","Sucker Punch"],"picked":"Singing Bowl","floor":44},{"not_picked":["Dagger Throw+1","Sucker Punch","Dagger Spray"],"picked":"Singing Bowl","floor":47},{"not_picked":["Dodge and Roll+1","Distraction+1","Bane"],"picked":"Singing Bowl","floor":47},{"not_picked":["Quick Slash","Endless Agony","Backflip+1"],"picked":"Singing Bowl","floor":48}],"player_experience":599420,"relics_obtained":[{"floor":6.0,"key":"Centennial Puzzle"},{"floor":8.0,"key":"Singing Bowl"},{"floor":9.0,"key":"The Courier"},{"floor":10.0,"key":"Mummified Hand"},{"floor":24.0,"key":"Kunai"},{"floor":26.0,"key":"MawBank"},{"floor":48,"key":"Bronze Scales"}],"event_choices":[{"event_name":"Golden Idol","player_choice":"Lose Max HP","floor":4.0,"damage_taken":0.0},{"event_name":"World of Goop","player_choice":"Gather Gold","floor":13.0,"damage_taken":0.0},{"event_name":"The Joust","player_choice":"Bet on Murderer","floor":20.0,"damage_taken":0.0},{"event_name":"SensoryStone","player_choice":"Memory 3","floor":37.0,"damage_taken":0.0},{"event_name":"Golden Shrine","player_choice":"Pray","floor":46,"damage_taken":0}],"is_beta":true,"boss_relics":[{"not_picked":["Busted Crown","Cursed Key"],"picked":"Pandora\u0027s Box"},{"not_picked":["HoveringKite","Orrery"],"picked":"Ring of the Serpent"}],"items_purged_floors":[],"is_endless":false,"potions_floor_spawned":[1,3,12,21,22,24,38,42,44,47,48],"ascension_level":0}