{"gold_per_floor":[211,225,225,4,4,38,38,71,126,153,17,17,40,80,80,170,170,188,188,202,202,8,8,23,23,23,47,72,105,105,139,139,232,295,319,652,664,678,690,690,474,474,474,499,511,511,27,27,27,27,27],"floor_reached":51,"playtime":2740,"items_purged":["Strike_G","Strike_G","Strike_G","Writhe"],"score":1437,"play_id":"bbf4b98d-cf35-4929-b837-9ed33b471173","local_time":"20180924233027","is_ascension_mode":true,"campfire_choices":[{"floor":7.0,"key":"REST"},{"floor":12.0,"key":"REST"},{"data":"Noxious Fumes","floor":15.0,"key":"SMITH"},{"data":"Malaise","floor":23.0,"key":"SMITH"},{"floor":25.0,"key":"REST"},{"data":"Footwork","floor":32.0,"key":"SMITH"},{"data":"Well Laid Plans","floor":40.0,"key":"SMITH"},{"floor":46.0,"key":"REST"},{"data":"Envenom","floor":49.0,"key":"SMITH"}],"neow_cost":"NONE","seed_source_timestamp":618299986665834,"circlet_count":0,"master_deck":["Defend_G","Defend_G","Defend_G","Defend_G","Defend_G","Strike_G","Strike_G","Survivor","AscendersBane","Backstab","Sucker Punch","Noxious Fumes+1","Dagger Throw","Cloak And Dagger","Dagger Spray","Noxious Fumes","Backstab","Malaise+1","Leg Sweep","Footwork+1","Envenom+1","Leg Sweep","Wraith Form v2+1","Backflip","Terror","Acrobatics","Well Laid Plans+1","Outmaneuver+1","Flying Knee","Dagger Throw"],"special_seed":0,"relics":["Ring of the Snake","Art of War","Pen Nib","Strawberry","Happy Flower","Regal Pillow","Centennial Puzzle","Cursed Key","MutagenicStrength","Lantern","Shuriken","Tiny House","Matryoshka","Snake Skull"],"potions_floor_usage":[],"damage_taken":[{"damage":6.0,"enemies":"Jaw Worm","floor":1.0,"turns":6.0},{"damage":2.0,"enemies":"Small Slimes","floor":2.0,"turns":4.0},{"damage":35.0,"enemies":"Gremlin Nob","floor":6.0,"turns":5.0},{"damage":8.0,"enemies":"3 Sentries","floor":8.0,"turns":8.0},{"damage":0.0,"enemies":"2 Louse","floor":13.0,"turns":2.0},{"damage":29.0,"enemies":"Lagavulin","floor":14.0,"turns":6.0},{"damage":16.0,"enemies":"Hexaghost","floor":16.0,"turns":8.0},{"damage":9.0,"enemies":"Chosen","floor":18.0,"turns":5.0},{"damage":0.0,"enemies":"3 Byrds","floor":20.0,"turns":5.0},{"damage":10.0,"enemies":"Colosseum Slavers","floor":21.0,"turns":5.0},{"damage":0.0,"enemies":"Centurion and Healer","floor":24.0,"turns":11.0},{"damage":18.0,"enemies":"Snake Plant","floor":27.0,"turns":4.0},{"damage":12.0,"enemies":"Shelled Parasite and Fungi","floor":28.0,"turns":7.0},{"damage":9.0,"enemies":"Slavers","floor":29.0,"turns":8.0},{"damage":0.0,"enemies":"Book of Stabbing","floor":31.0,"turns":8.0},{"damage":30.0,"enemies":"Champ","floor":33.0,"turns":12.0},{"damage":0.0,"enemies":"3 Shapes","floor":35.0,"turns":1.0},{"damage":0.0,"enemies":"Orb Walker","floor":37.0,"turns":1.0},{"damage":8.0,"enemies":"Transient","floor":38.0,"turns":6.0},{"damage":4.0,"enemies":"3 Darklings","floor":39.0,"turns":6.0},{"damage":12.0,"enemies":"Nemesis","floor":44.0,"turns":11.0},{"damage":27.0,"enemies":"Spire Growth","floor":45.0,"turns":8.0},{"damage":43.0,"enemies":"Time Eater","floor":50.0,"turns":15.0},{"damage":0,"enemies":"Awakened One","floor":51,"turns":1}],"seed_played":"-6895109011090925785","potions_obtained":[{"floor":1.0,"key":"EssenceOfSteel"},{"floor":2.0,"key":"Fire Potion"},{"floor":13.0,"key":"Strength Potion"},{"floor":16.0,"key":"Energy Potion"},{"floor":28.0,"key":"Regen Potion"},{"floor":29.0,"key":"Strength Potion"},{"floor":33.0,"key":"Strength Potion"},{"floor":34.0,"key":"SkillPotion"},{"floor":37.0,"key":"SteroidPotion"},{"floor":44.0,"key":"Swift Potion"}],"is_trial":false,"path_per_floor":["M","M","?","$","?","E","R","E","T","T","$","R","M","E","R","B",null,"M","?","M","?","$","R","M","R","T","M","M","E","?","E","R","B",null,"M","?","M","M","M","R","$","?","T","E","M","R","$","?","R","B"],"character_chosen":"THE_SILENT","items_purchased":["Noxious Fumes","Dagger Throw","Fire Potion","Noxious Fumes","Footwork","Regen Potion","Snake Skull","PowerPotion","Flying Knee","Dagger Throw"],"campfire_rested":4,"item_purchase_floors":[4,4,11,11,22,41,47,47,47,47],"current_hp_per_floor":[53,51,40,40,40,5,23,22,22,22,22,57,57,28,28,12,53,44,44,44,34,34,34,34,67,67,49,37,43,43,43,43,13,59,59,59,59,51,47,47,47,61,61,64,37,72,72,72,72,29,29],"gold":27,"neow_bonus":"HUNDRED_GOLD","is_prod":false,"is_daily":false,"chose_seed":false,"campfire_upgraded":5,"win_rate":0,"timestamp":1537846227,"path_taken":["M","M","?","?","?","E","R","E","T","?","$","R","M","E","R","BOSS","M","?","M","?","$","R","M","R","T","?","M","E","?","E","R","BOSS","M","?","M","?","M","R","?","?","T","E","?","R","$","?","R","BOSS","BOSS"],"build_version":"2018-09-20","purchased_purges":4,"victory":false,"max_hp_per_floor":[66,66,66,66,60,60,60,67,67,67,67,67,67,67,67,67,67,67,67,67,67,67,67,67,67,67,67,67,67,67,67,67,67,72,72,72,72,72,72,72,72,72,72,72,72,72,72,72,72,72,72],"card_choices":[{"not_picked":["Flechettes","Underhanded Strike"],"picked":"Backstab","floor":1.0},{"not_picked":["Outmaneuver","Escape Plan"],"picked":"Sucker Punch","floor":2.0},{"not_picked":["Dagger Throw","Expertise"],"picked":"Cloak And Dagger","floor":6.0},{"not_picked":["Heel Hook","Prepared"],"picked":"Dagger Spray","floor":8.0},{"not_picked":["Prepared","Dodge and Roll"],"picked":"Backstab","floor":13.0},{"not_picked":["Distraction","Slice","Underhanded Strike"],"picked":"SKIP","floor":14.0},{"not_picked":["Adrenaline","Tools of the Trade"],"picked":"Malaise","floor":16.0},{"not_picked":["Flying Knee","Deadly Poison"],"picked":"Leg Sweep","floor":18.0},{"not_picked":["Dagger Throw","Dagger Spray","Underhanded Strike"],"picked":"SKIP","floor":20.0},{"not_picked":["Deadly Poison","Deflect","Escape Plan+1"],"picked":"SKIP","floor":24.0},{"not_picked":["Noxious Fumes","Deadly Poison","Endless Agony+1"],"picked":"SKIP","floor":27.0},{"not_picked":["Distraction","Dagger Spray"],"picked":"Envenom","floor":28.0},{"not_picked":["Prepared","Quick Slash"],"picked":"Leg Sweep","floor":29.0},{"not_picked":["Calculated Gamble","Phantasmal Killer","All Out Attack"],"picked":"SKIP","floor":31.0},{"not_picked":["Phantasmal Killer","Doppelganger"],"picked":"Wraith Form v2","floor":33.0},{"not_picked":["Sucker Punch","Quick Slash"],"picked":"Backflip","floor":34.0},{"not_picked":["Dodge and Roll","Sucker Punch+1"],"picked":"Terror","floor":35.0},{"not_picked":["Masterful Stab+1","Reflex"],"picked":"Acrobatics","floor":37.0},{"not_picked":["Dodge and Roll","Dagger Spray"],"picked":"Well Laid Plans","floor":38.0},{"not_picked":["Blur","Reflex+1"],"picked":"Outmaneuver+1","floor":39.0},{"not_picked":["Escape Plan+1","Leg Sweep+1","Deadly Poison"],"picked":"SKIP","floor":44.0},{"not_picked":["Poisoned Stab","Underhanded Strike","Unload"],"picked":"SKIP","floor":45.0}],"player_experience":620178,"relics_obtained":[{"floor":6.0,"key":"Pen Nib"},{"floor":8.0,"key":"Strawberry"},{"floor":9.0,"key":"Happy Flower"},{"floor":10.0,"key":"Regal Pillow"},{"floor":14.0,"key":"Centennial Puzzle"},{"floor":29.0,"key":"Lantern"},{"floor":31.0,"key":"Shuriken"},{"floor":44.0,"key":"Matryoshka"}],"event_choices":[{"event_name":"Scrap Ooze","player_choice":"success","floor":3.0,"damage_taken":11.0},{"event_name":"Golden Idol","player_choice":"Lose Max HP","floor":5.0,"damage_taken":0.0},{"event_name":"Drug Dealer","player_choice":"Inject Mutagens","floor":19.0,"damage_taken":0.0},{"event_name":"Colosseum","player_choice":"Fight","floor":21.0,"damage_taken":0.0},{"event_name":"Colosseum","player_choice":"Fled From Nobs","floor":21.0,"damage_taken":0.0},{"event_name":"The Mausoleum","player_choice":"No","floor":30.0,"damage_taken":0.0},{"event_name":"The Moai Head","player_choice":"Gave Idol","floor":36.0,"damage_taken":0.0},{"event_name":"Winding Halls","player_choice":"Writhe","floor":42.0,"damage_taken":0.0},{"event_name":"Falling","player_choice":"Removed Attack","floor":48.0,"damage_taken":0.0}],"is_beta":true,"boss_relics":[{"not_picked":["Lizard Tail","Runic Dome"],"picked":"Cursed Key"},{"not_picked":["White Beast Statue","Black Star"],"picked":"Tiny House"}],"items_purged_floors":[4,22,41,47],"is_endless":false,"potions_floor_spawned":[1,2,13,16,21,27,28,29,33,35,37,44],"killed_by":"Awakened One","ascension_level":20}