{"gold_per_floor":[112,112,124,51,51,86,86,114,114,79,96,21,33,33,33,33],"floor_reached":16,"playtime":869,"items_purged":[],"score":140,"play_id":"90d5a17f-3198-4a22-a29a-1701fca05193","local_time":"20181127183244","is_ascension_mode":true,"campfire_choices":[{"floor":7,"key":"REST"},{"data":"Flex","floor":15,"key":"SMITH"}],"neow_cost":"NONE","seed_source_timestamp":971677576341849,"circlet_count":0,"master_deck":["Strike_R","Strike_R","Strike_R","Strike_R","Strike_R+1","Defend_R","Defend_R","Defend_R","Defend_R","Bash","Flex+1","Flame Barrier","Flex+1","Rage","Bloodletting","Inflame","Flame Barrier"],"relics":["Burning Blood","NeowsBlessing","Paper Frog","Meat on the Bone","Gremlin Horn","Letter Opener"],"potions_floor_usage":[8,16],"damage_taken":[{"damage":0,"enemies":"Jaw Worm","floor":1,"turns":1},{"damage":0,"enemies":"Small Slimes","floor":3,"turns":1},{"damage":0,"enemies":"Lagavulin","floor":6,"turns":1},{"damage":50,"enemies":"3 Sentries","floor":8,"turns":16},{"damage":2,"enemies":"2 Louse","floor":11,"turns":2},{"damage":7,"enemies":"2 Fungi Beasts","floor":13,"turns":4},{"damage":71,"enemies":"Slime Boss","floor":16,"turns":11}],"seed_played":"-3319809098656276650","potions_obtained":[{"floor":3,"key":"Block Potion"},{"floor":6,"key":"Block Potion"}],"is_trial":false,"path_per_floor":["M","?","M","$","?","E","R","E","T","?","M","$","M","$","R","B"],"character_chosen":"IRONCLAD","items_purchased":["Flame Barrier","Inflame"],"campfire_rested":1,"item_purchase_floors":[4,12],"current_hp_per_floor":[80,64,70,70,58,64,80,48,48,68,72,72,71,71,71,0],"gold":33,"neow_bonus":"THREE_ENEMY_KILL","is_prod":false,"is_daily":false,"chose_seed":false,"campfire_upgraded":1,"win_rate":0,"timestamp":1543357964,"path_taken":["M","?","M","$","?","E","R","E","T","?","M","?","M","$","R","BOSS"],"build_version":"2018-11-15","purchased_purges":0,"victory":false,"max_hp_per_floor":[80,80,80,80,80,80,80,80,80,80,80,80,80,80,80,80],"card_choices":[{"not_picked":["Evolve","Sword Boomerang"],"picked":"Flex","floor":1},{"not_picked":["Burning Pact","Sever Soul","Feel No Pain"],"picked":"SKIP","floor":3},{"not_picked":["Wild Strike","Clothesline"],"picked":"Flex","floor":6},{"not_picked":["Sword Boomerang","Infernal Blade"],"picked":"Rage","floor":8},{"not_picked":["Burning Pact","Iron Wave"],"picked":"Bloodletting","floor":11},{"not_picked":["Combust","Rupture"],"picked":"Flame Barrier","floor":13}],"player_experience":59790,"relics_obtained":[{"floor":6,"key":"Meat on the Bone"},{"floor":8,"key":"Gremlin Horn"},{"floor":9,"key":"Letter Opener"}],"event_choices":[{"damage_healed":0,"gold_gain":0,"player_choice":"Entered Light","damage_taken":16,"max_hp_gain":0,"max_hp_loss":0,"event_name":"Shining Light","floor":2,"gold_loss":0,"cards_upgraded":["Strike_R","Flex"]},{"damage_healed":0,"gold_gain":0,"player_choice":"Success","damage_taken":12,"relics_obtained":["Paper Frog"],"max_hp_gain":0,"max_hp_loss":0,"event_name":"Scrap Ooze","floor":5,"gold_loss":0},{"damage_healed":20,"gold_gain":0,"player_choice":"Healed","damage_taken":0,"max_hp_gain":0,"max_hp_loss":0,"event_name":"The Cleric","floor":10,"gold_loss":35}],"is_beta":false,"boss_relics":[],"items_purged_floors":[],"is_endless":false,"potions_floor_spawned":[3,6],"killed_by":"Slime Boss","ascension_level":1}