{"gold_per_floor":[117,267,278,146,146,174,187,219,264,279,279,18,18,49,61,152,164,189,201,213,54,66,16,26,26,102,152,170,170,204,221,221,298,298,311,257,284,284,294,294,312,312,336,366,366,386,386,1,1,1,1],"floor_reached":52,"playtime":3307,"items_purged":["Doubt","Strike_B"],"score":1911,"play_id":"9b54df4d-2e76-4f10-a603-4227c3cd3690","local_time":"20190419235118","is_ascension_mode":true,"campfire_choices":[{"data":"Zap","floor":11,"key":"SMITH"},{"data":"Hologram","floor":15,"key":"SMITH"},{"data":"Turbo","floor":25,"key":"SMITH"},{"data":"Beam Cell","floor":29,"key":"SMITH"},{"data":"Hologram","floor":32,"key":"SMITH"},{"data":"Coolheaded","floor":40,"key":"SMITH"},{"data":"Chill","floor":42,"key":"SMITH"},{"data":"Defragment","floor":45,"key":"SMITH"},{"data":"Defragment","floor":49,"key":"SMITH"}],"neow_cost":"NONE","seed_source_timestamp":0,"circlet_count":0,"master_deck":["AscendersBane","Zap+1","Dualcast","Self Repair","Ball Lightning","Sweeping Beam","Beam Cell+1","Conserve Battery+1","Coolheaded+1","Hologram+1","Core Surge","Gash+1","Turbo+1","Glacier","Beam Cell","Hologram","Stack","Compile Driver","Steam+1","Hologram+1","FTL","Chill+1","Amplify","Defragment+1","Multi-Cast","Chaos","Cold Snap","Defragment+1","Go for the Eyes","Turbo+1","Skim+1","Defragment+1"],"special_seed":0,"relics":["Cracked Core","NeowsBlessing","Letter Opener","Strawberry","Centennial Puzzle","Orichalcum","MawBank","Runic Pyramid","Shuriken","Pen Nib","Pandora\u0027s Box","DataDisk","Lantern","War Paint","Calipers"],"potions_floor_usage":[8,13,30,33,39,51,51,51,51],"damage_taken":[{"damage":0.0,"enemies":"Jaw Worm","floor":1.0,"turns":1.0},{"damage":0.0,"enemies":"Small Slimes","floor":3.0,"turns":1.0},{"damage":0,"enemies":"3 Sentries","floor":6,"turns":1},{"damage":1,"enemies":"Cultist","floor":7,"turns":3},{"damage":28,"enemies":"Gremlin Nob","floor":8,"turns":4},{"damage":10,"enemies":"3 Louse","floor":10,"turns":3},{"damage":0,"enemies":"Gremlin Gang","floor":13,"turns":1},{"damage":11,"enemies":"Lagavulin","floor":14,"turns":6},{"damage":29,"enemies":"The Guardian","floor":16,"turns":16},{"damage":24,"enemies":"Shell Parasite","floor":18,"turns":7},{"damage":19,"enemies":"Colosseum Slavers","floor":19,"turns":5},{"damage":2,"enemies":"Spheric Guardian","floor":22,"turns":6},{"damage":9,"enemies":"Chosen and Byrds","floor":24,"turns":7},{"damage":12,"enemies":"Cultist and Chosen","floor":28,"turns":4},{"damage":7,"enemies":"Book of Stabbing","floor":30,"turns":5},{"damage":8,"enemies":"Centurion and Healer","floor":31,"turns":4},{"damage":24,"enemies":"Champ","floor":33,"turns":15},{"damage":8,"enemies":"3 Darklings","floor":35,"turns":6},{"damage":7,"enemies":"Orb Walker","floor":39,"turns":4},{"damage":0,"enemies":"3 Darklings","floor":41,"turns":5},{"damage":9,"enemies":"Nemesis","floor":44,"turns":9},{"damage":0,"enemies":"Maw","floor":46,"turns":7},{"damage":10,"enemies":"Time Eater","floor":50,"turns":16},{"damage":0,"enemies":"Awakened One","floor":51,"turns":14}],"seed_played":"-5809977283668630960","potions_obtained":[{"floor":6,"key":"SkillPotion"},{"floor":10,"key":"SmokeBomb"},{"floor":14,"key":"GamblersBrew"},{"floor":18,"key":"FocusPotion"},{"floor":31,"key":"Block Potion"},{"floor":39,"key":"EntropicBrew"},{"floor":44,"key":"LiquidBronze"}],"is_trial":false,"path_per_floor":["M","?","M","$","?","E","M","E","T","M","R","$","M","E","R","B",null,"M","?","?","$","M","$","M","R","T","?","M","R","E","M","R","B",null,"M","$","T","?","M","R","M","R","T","E","R","M","?","$","R","B","B",null],"character_chosen":"DEFECT","items_purchased":["Sweeping Beam","Orichalcum","Turbo","Glacier","Beam Cell","Stack","Go for the Eyes","Calipers","PowerPotion"],"campfire_rested":0,"item_purchase_floors":[4,12,21,21,21,23,36,48,48],"current_hp_per_floor":[64,64,64,64,69,69,75,61,61,58,58,58,58,54,54,32,70,53,41,41,41,46,46,44,44,44,44,39,39,39,38,38,21,68,74,74,74,74,74,74,74,74,74,79,79,83,79,79,79,76,79],"gold":1,"neow_bonus":"THREE_ENEMY_KILL","is_prod":false,"is_daily":false,"chose_seed":false,"campfire_upgraded":9,"win_rate":0,"timestamp":1555732278,"path_taken":["M","?","M","$","?","E","M","E","T","M","R","$","M","E","R","BOSS","M","?","?","$","M","$","M","R","T","?","M","R","E","M","R","BOSS","M","$","?","?","?","R","M","R","T","E","R","M","?","?","R","BOSS","BOSS"],"build_version":"2019-04-04","purchased_purges":2,"victory":true,"max_hp_per_floor":[71,71,71,71,76,76,76,83,83,83,83,83,83,83,83,83,83,83,83,83,83,83,83,83,83,83,83,83,83,83,83,83,83,83,83,83,83,83,83,83,83,83,83,83,83,83,79,79,79,79,79],"card_choices":[{"not_picked":["Leap","Streamline"],"picked":"Self Repair","floor":1.0},{"not_picked":["Darkness","Go for the Eyes"],"picked":"Ball Lightning","floor":3},{"not_picked":["Thunder Strike","Stack"],"picked":"Beam Cell","floor":6},{"not_picked":["Leap","Barrage"],"picked":"Conserve Battery","floor":7},{"not_picked":["Beam Cell","Sweeping Beam"],"picked":"Coolheaded","floor":8},{"not_picked":["Reprogram","Stack","Thunder Strike"],"picked":"SKIP","floor":10},{"not_picked":["Reinforced Body","Beam Cell"],"picked":"Hologram","floor":14},{"not_picked":["Rainbow","Seek"],"picked":"Core Surge","floor":16},{"not_picked":["Barrage+1","Cold Snap"],"picked":"Gash+1","floor":18},{"not_picked":["Undo+1","Leap+1"],"picked":"Hologram","floor":22},{"not_picked":["Hologram","Lockon"],"picked":"Compile Driver","floor":24},{"not_picked":["Undo","Barrage"],"picked":"Steam+1","floor":28},{"not_picked":["Barrage","Leap","Sweeping Beam"],"picked":"SKIP","floor":30},{"not_picked":["Genetic Algorithm","Electrodynamics"],"picked":"Hologram","floor":31},{"not_picked":["Redo","Barrage"],"picked":"Defragment+1","floor":35},{"not_picked":["Melter","Conserve Battery","Barrage"],"picked":"SKIP","floor":39},{"not_picked":["Compile Driver","Auto Shields+1"],"picked":"Turbo","floor":41},{"not_picked":["Storm","BootSequence"],"picked":"Skim+1","floor":44},{"not_picked":["Lockon","Buffer"],"picked":"Defragment","floor":46}],"player_experience":999857,"relics_obtained":[{"floor":6,"key":"Letter Opener"},{"floor":8,"key":"Strawberry"},{"floor":9,"key":"Centennial Puzzle"},{"floor":14,"key":"MawBank"},{"floor":26,"key":"Shuriken"},{"floor":30,"key":"Pen Nib"},{"floor":37,"key":"DataDisk"},{"floor":43,"key":"Lantern"},{"floor":44,"key":"War Paint"}],"event_choices":[{"damage_healed":0.0,"max_hp_gain":0.0,"max_hp_loss":0.0,"gold_gain":150.0,"event_name":"Liars Game","player_choice":"AGREE","floor":2.0,"gold_loss":0.0,"damage_taken":0.0,"cards_obtained":["Doubt"]},{"damage_healed":0,"gold_gain":0,"player_choice":"Donut","damage_taken":0,"max_hp_gain":5,"max_hp_loss":0,"event_name":"Big Fish","floor":5,"gold_loss":0},{"damage_healed":0,"gold_gain":0,"player_choice":"Fight","damage_taken":0,"max_hp_gain":0,"max_hp_loss":0,"event_name":"Colosseum","floor":19,"gold_loss":0},{"damage_healed":0,"gold_gain":0,"player_choice":"Fled From Nobs","damage_taken":0,"max_hp_gain":0,"max_hp_loss":0,"event_name":"Colosseum","floor":19,"gold_loss":0},{"damage_healed":0,"gold_gain":0,"player_choice":"Ignored","damage_taken":0,"max_hp_gain":0,"max_hp_loss":0,"event_name":"Beggar","floor":20,"gold_loss":0},{"damage_healed":0,"gold_gain":50,"player_choice":"Pray","damage_taken":0,"max_hp_gain":0,"max_hp_loss":0,"event_name":"Golden Shrine","floor":27,"gold_loss":0},{"damage_healed":0,"gold_gain":0,"player_choice":"0 cards matched","damage_taken":0,"max_hp_gain":0,"max_hp_loss":0,"event_name":"Match and Keep!","floor":38,"gold_loss":0,"cards_obtained":[]},{"damage_healed":0,"gold_gain":0,"player_choice":"Max HP","damage_taken":0,"max_hp_gain":0,"max_hp_loss":4,"event_name":"Winding Halls","floor":47,"gold_loss":0}],"is_beta":true,"boss_relics":[{"not_picked":["White Beast Statue","Ectoplasm"],"picked":"Runic Pyramid"},{"not_picked":["Runic Dome","Velvet Choker"],"picked":"Pandora\u0027s Box"}],"items_purged_floors":[4,12],"is_endless":false,"potions_floor_spawned":[6,10,14,18,19,28,31,39,44],"ascension_level":20}