{"gold_per_floor":[112,112,126,142,13,46,46,61,131,165,165,245,256,288,288,288],"floor_reached":16,"playtime":753,"items_purged":["Strike_G"],"score":210,"play_id":"4a0aa7e5-468d-4472-a614-eac82e29cc51","local_time":"20180804202931","is_ascension_mode":true,"campfire_choices":[{"data":"Dash","floor":7.0,"key":"SMITH"},{"data":"Bouncing Flask","floor":11.0,"key":"SMITH"},{"data":"Wraith Form v2","floor":15.0,"key":"SMITH"}],"neow_cost":"NONE","seed_source_timestamp":530224348884973,"circlet_count":0,"master_deck":["Defend_G","Defend_G","Defend_G","Defend_G","Defend_G","Strike_G","Strike_G","Strike_G","Strike_G","Survivor","Neutralize","AscendersBane","Sucker Punch","Infinite Blades","Dash+1","Bouncing Flask+1","Deflect","Concentrate","Blur","Backstab","Wraith Form v2+1"],"special_seed":0,"relics":["Ring of the Snake","Ice Cream","Art of War","Darkstone Periapt","Bird Faced Urn","Mercury Hourglass"],"potions_floor_usage":[],"damage_taken":[{"damage":1.0,"enemies":"2 Louse","floor":1.0,"turns":2.0},{"damage":0.0,"enemies":"Small Slimes","floor":3.0,"turns":4.0},{"damage":0.0,"enemies":"Jaw Worm","floor":4.0,"turns":4.0},{"damage":8.0,"enemies":"Lagavulin","floor":6.0,"turns":8.0},{"damage":0.0,"enemies":"2 Fungi Beasts","floor":8.0,"turns":4.0},{"damage":6.0,"enemies":"Gremlin Nob","floor":10.0,"turns":4.0},{"damage":3.0,"enemies":"Exordium Wildlife","floor":13.0,"turns":7.0},{"damage":6.0,"enemies":"Lagavulin","floor":14.0,"turns":5.0},{"damage":23,"enemies":"The Guardian","floor":16,"turns":8}],"seed_played":"-3239109684101586029","potions_obtained":[{"floor":3.0,"key":"SteroidPotion"},{"floor":4.0,"key":"GhostInAJar"},{"floor":13.0,"key":"SteroidPotion"}],"is_trial":false,"path_per_floor":["M","?","M","M","$","E","R","M","T","E","R","?","M","E","R"],"character_chosen":"THE_SILENT","items_purchased":["Deflect"],"campfire_rested":0,"item_purchase_floors":[5],"current_hp_per_floor":[58,40,40,40,40,32,32,32,32,26,26,26,25,21,21,0],"gold":288,"neow_bonus":"THREE_CARDS","is_prod":false,"is_daily":false,"chose_seed":false,"campfire_upgraded":3,"win_rate":0,"timestamp":1533428971,"path_taken":["M","?","M","M","$","E","R","M","T","E","R","?","M","E","R","BOSS"],"build_version":"2018-08-02","purchased_purges":1,"victory":false,"max_hp_per_floor":[66,66,66,66,66,66,66,66,66,66,66,66,66,66,66,66],"card_choices":[{"not_picked":["Reflex","Slice"],"picked":"Sucker Punch","floor":0.0},{"not_picked":["Prepared","Flechettes"],"picked":"Infinite Blades","floor":1.0},{"not_picked":["Slice","Flechettes"],"picked":"Dash","floor":3.0},{"not_picked":["Quick Slash","PiercingWail"],"picked":"Bouncing Flask","floor":4.0},{"not_picked":["Bullet Time","PiercingWail"],"picked":"Concentrate","floor":6.0},{"not_picked":["Eviscerate","Prepared","Bane"],"picked":"SKIP","floor":8.0},{"not_picked":["Dodge and Roll","Setup"],"picked":"Blur","floor":10.0},{"not_picked":["Eviscerate","Blade Dance"],"picked":"Backstab","floor":13.0},{"not_picked":["Slice","Outmaneuver"],"picked":"Wraith Form v2","floor":14.0}],"player_experience":453621,"relics_obtained":[{"floor":6.0,"key":"Art of War"},{"floor":9.0,"key":"Darkstone Periapt"},{"floor":10.0,"key":"Bird Faced Urn"},{"floor":14.0,"key":"Mercury Hourglass"}],"event_choices":[{"event_name":"Scrap Ooze","player_choice":"success","floor":2.0,"damage_taken":18.0},{"event_name":"Golden Wing","player_choice":"Gained Gold","floor":12.0,"damage_taken":0.0}],"is_beta":false,"boss_relics":[],"items_purged_floors":[5],"is_endless":false,"potions_floor_spawned":[3,4,13],"killed_by":"The Guardian","ascension_level":15}