{"gold_per_floor":[365,375,24,24,24,56,56,81,106,131,160,172,202,214,226,313,325,347,371,398,131,143,143,418,418,418,451,34,48,64,64,64,138,138,158,171,28,28,28,57,57,76,376,376,394,394,446,10,10,10],"floor_reached":50,"playtime":3667,"items_purged":["Pain","Strike_G","Strike_G"],"score":1001,"play_id":"636419a6-b626-4a86-8fb7-0e518a9f1487","local_time":"20180919235442","is_ascension_mode":true,"campfire_choices":[{"data":"Skewer","floor":7.0,"key":"SMITH"},{"floor":12.0,"key":"REST"},{"floor":15.0,"key":"REST"},{"data":"A Thousand Cuts","floor":23.0,"key":"SMITH"},{"data":"Leg Sweep","floor":25.0,"key":"SMITH"},{"floor":32.0,"key":"REST"},{"floor":41.0,"key":"REST"},{"data":"Dash","floor":44.0,"key":"SMITH"},{"floor":46,"key":"REST"},{"floor":49,"key":"REST"}],"neow_cost":"CURSE","seed_source_timestamp":187091405300020,"circlet_count":0,"master_deck":["Defend_G","Defend_G","Defend_G","Defend_G+1","Defend_G","Strike_G","Strike_G","Survivor+1","Neutralize","AscendersBane","Skewer+1","Poisoned Stab","Cloak And Dagger","Prepared","Dagger Spray","PiercingWail","Well Laid Plans","A Thousand Cuts+1","Leg Sweep+1","Quick Slash","Eviscerate","Dagger Spray+1","Dash+1","Night Terror","Acrobatics","Flechettes","Flying Knee","Backflip"],"special_seed":0,"relics":["Ring of the Snake","Lee\u0027s Waffle","Orichalcum","Omamori","Bronze Scales","MawBank","Snecko Eye","Bag of Marbles","Pantograph","Red Mask","Pear","Busted Crown","The Courier","Old Coin","Oddly Smooth Stone","Bag of Preparation","War Paint"],"potions_floor_usage":[50],"damage_taken":[{"damage":21.0,"enemies":"Cultist","floor":1.0,"turns":6.0},{"damage":14.0,"enemies":"2 Louse","floor":2.0,"turns":4.0},{"damage":33.0,"enemies":"3 Sentries","floor":6.0,"turns":14.0},{"damage":18.0,"enemies":"Gremlin Nob","floor":8.0,"turns":4.0},{"damage":18.0,"enemies":"3 Sentries","floor":10.0,"turns":7.0},{"damage":3.0,"enemies":"Jaw Worm","floor":11.0,"turns":2.0},{"damage":3.0,"enemies":"Gremlin Gang","floor":13.0,"turns":4.0},{"damage":15.0,"enemies":"The Guardian","floor":16.0,"turns":15.0},{"damage":28.0,"enemies":"Chosen","floor":18.0,"turns":6.0},{"damage":16.0,"enemies":"Shell Parasite","floor":19.0,"turns":8.0},{"damage":13.0,"enemies":"Snake Plant","floor":20.0,"turns":5.0},{"damage":6.0,"enemies":"Centurion and Healer","floor":22.0,"turns":7.0},{"damage":11.0,"enemies":"Masked Bandits","floor":27.0,"turns":3.0},{"damage":0.0,"enemies":"Sentry and Sphere","floor":29.0,"turns":4.0},{"damage":0.0,"enemies":"Snake Plant","floor":30.0,"turns":4.0},{"damage":77.0,"enemies":"Automaton","floor":33.0,"turns":16.0},{"damage":4.0,"enemies":"3 Darklings","floor":35.0,"turns":5.0},{"damage":3.0,"enemies":"3 Shapes","floor":36.0,"turns":6.0},{"damage":35.0,"enemies":"Nemesis","floor":40.0,"turns":11.0},{"damage":12.0,"enemies":"3 Darklings","floor":42.0,"turns":6.0},{"damage":20,"enemies":"Spire Growth","floor":45,"turns":6},{"damage":82,"enemies":"Time Eater","floor":50,"turns":17}],"seed_played":"-8466211071931285084","potions_obtained":[{"floor":10.0,"key":"SkillPotion"},{"floor":13.0,"key":"SteroidPotion"},{"floor":16.0,"key":"Regen Potion"},{"floor":18.0,"key":"Regen Potion"},{"floor":30.0,"key":"Dexterity Potion"},{"floor":33.0,"key":"SteroidPotion"},{"floor":40.0,"key":"GhostInAJar"},{"floor":42.0,"key":"Weak Potion"}],"is_trial":false,"path_per_floor":["M","M","$","?","$","E","R","E","T","E","M","R","M","$","R","B",null,"M","M","M","$","M","R","?","R","T","?","$","M","M","$","R","B",null,"M","M","$","?","$","E","R","M","T","R","M","R","T","$","R"],"character_chosen":"THE_SILENT","items_purchased":["Lee\u0027s Waffle","Cloak And Dagger","Bag of Marbles","Dash","Pear","PowerPotion","Acrobatics","Flechettes","Backflip","Bag of Preparation","War Paint","Dexterity Potion"],"campfire_rested":6,"item_purchase_floors":[3,3,21,28,28,28,37,37,48,48,48,48],"current_hp_per_floor":[38,24,73,73,73,40,40,22,22,4,1,22,19,19,40,25,61,33,62,49,49,43,43,43,43,43,32,42,42,42,42,66,6,64,60,57,57,57,57,22,46,34,34,34,14,38,38,38,62,1],"gold":10,"neow_bonus":"TWO_FIFTY_GOLD","is_prod":false,"is_daily":false,"chose_seed":false,"campfire_upgraded":4,"win_rate":0,"timestamp":1537415682,"path_taken":["M","M","$","?","$","E","R","E","T","E","M","R","M","$","R","BOSS","M","M","M","$","M","R","?","R","T","?","$","M","M","?","R","BOSS","M","M","$","?","$","E","R","M","T","R","M","R","?","$","R","BOSS"],"build_version":"2018-09-18v3","purchased_purges":3,"victory":false,"max_hp_per_floor":[66,66,73,73,73,73,73,73,73,73,73,73,73,73,73,73,73,73,73,73,73,73,73,73,73,73,73,83,83,83,83,83,83,83,83,83,83,83,83,83,83,83,83,83,83,83,83,83,83,83],"card_choices":[{"not_picked":["Backflip","Cloak And Dagger"],"picked":"Skewer","floor":1.0},{"not_picked":["Masterful Stab","Backflip"],"picked":"Poisoned Stab","floor":2.0},{"not_picked":["Dagger Throw","Night Terror","Concentrate"],"picked":"SKIP","floor":6.0},{"not_picked":["Concentrate","Dodge and Roll"],"picked":"Dagger Spray","floor":8.0},{"not_picked":["Eviscerate","Distraction","Dagger Throw"],"picked":"SKIP","floor":10.0},{"not_picked":["Predator","Poisoned Stab"],"picked":"PiercingWail","floor":11.0},{"not_picked":["Dagger Spray","Distraction"],"picked":"Well Laid Plans","floor":13.0},{"not_picked":["Envenom","Burst"],"picked":"A Thousand Cuts","floor":16.0},{"not_picked":["Infinite Blades","Cloak And Dagger"],"picked":"Leg Sweep","floor":18.0},{"not_picked":["Bane","Caltrops"],"picked":"Quick Slash","floor":19.0},{"not_picked":["Sucker Punch","Terror"],"picked":"Eviscerate","floor":20.0},{"not_picked":["Poisoned Stab","Flying Knee","Setup"],"picked":"SKIP","floor":22.0},{"not_picked":["Slice","Blade Dance"],"picked":"Dagger Spray+1","floor":27.0},{"not_picked":["PiercingWail+1","Tactician","Dagger Spray"],"picked":"SKIP","floor":29.0},{"not_picked":["Tactician","Outmaneuver","Terror"],"picked":"SKIP","floor":30.0},{"not_picked":["Envenom","Die Die Die"],"picked":"Night Terror","floor":33.0},{"not_picked":["Deadly Poison"],"picked":"SKIP","floor":35.0},{"not_picked":["Heel Hook"],"picked":"SKIP","floor":36.0},{"not_picked":["Catalyst"],"picked":"SKIP","floor":40.0},{"not_picked":["Dodge and Roll"],"picked":"SKIP","floor":42.0},{"not_picked":["Expertise"],"picked":"SKIP","floor":45}],"player_experience":582360,"relics_obtained":[{"floor":6.0,"key":"Orichalcum"},{"floor":8.0,"key":"Omamori"},{"floor":9.0,"key":"Bronze Scales"},{"floor":10.0,"key":"MawBank"},{"floor":26.0,"key":"Pantograph"},{"floor":27.0,"key":"Red Mask"},{"floor":40.0,"key":"The Courier"},{"floor":43.0,"key":"Old Coin"},{"floor":47,"key":"Oddly Smooth Stone"}],"event_choices":[{"event_name":"Living Wall","player_choice":"Change","floor":4.0,"damage_taken":0.0},{"event_name":"Golden Shrine","player_choice":"Desecrate","floor":24.0,"damage_taken":0.0},{"event_name":"Masked Bandits","player_choice":"Fought Bandits","floor":27.0,"damage_taken":0.0},{"event_name":"Match and Keep!","player_choice":"1 cards matched","floor":38.0,"damage_taken":0.0}],"is_beta":true,"boss_relics":[{"not_picked":["Eternal Feather","Fusion Hammer"],"picked":"Snecko Eye"},{"not_picked":["Empty Cage","Coffee Dripper"],"picked":"Busted Crown"}],"items_purged_floors":[3,21,48],"is_endless":false,"potions_floor_spawned":[10,13,16,18,30,33,40,42],"killed_by":"Time Eater","ascension_level":20}