{"gold_per_floor":[117,129,129,143,93,128,128,144,144,144,163,192,192,42,42,147,147,167,186,216,235,5,5],"floor_reached":23,"playtime":1488,"items_purged":["Strike_R"],"score":241,"play_id":"c158f164-ad6c-4698-8712-da4f4e223d8f","local_time":"20190317160239","is_ascension_mode":true,"campfire_choices":[{"data":"Double Tap","floor":7,"key":"SMITH"},{"floor":10,"key":"REST"},{"data":"Carnage","floor":13,"key":"SMITH"},{"data":"Bludgeon","floor":15,"key":"SMITH"}],"neow_cost":"NONE","seed_source_timestamp":419149315275457,"circlet_count":0,"master_deck":["Strike_R","Defend_R","Defend_R","Bash+1","Heavy Blade","Flex","Reckless Charge+1","Armaments","Double Tap+1","Hemokinesis","Bludgeon+1","Carnage+1","Battle Trance","Offering","Entrench+1","Fiend Fire+1","Offering+1","Warcry+1","Uppercut+1","Feel No Pain+1"],"relics":["Burning Blood","NeowsBlessing","Frozen Egg 2","Bottled Flame","Mercury Hourglass","Astrolabe","Red Mask","Whetstone"],"potions_floor_usage":[6,8,16,21,23,23],"damage_taken":[{"damage":0,"enemies":"2 Louse","floor":1,"turns":1},{"damage":0,"enemies":"Jaw Worm","floor":2,"turns":1},{"damage":0,"enemies":"Small Slimes","floor":4,"turns":1},{"damage":36,"enemies":"3 Sentries","floor":6,"turns":7},{"damage":11,"enemies":"Looter","floor":8,"turns":2},{"damage":4,"enemies":"Exordium Wildlife","floor":11,"turns":3},{"damage":22,"enemies":"Gremlin Nob","floor":12,"turns":3},{"damage":43,"enemies":"The Guardian","floor":16,"turns":4},{"damage":6,"enemies":"2 Thieves","floor":18,"turns":1},{"damage":21,"enemies":"3 Byrds","floor":19,"turns":2},{"damage":6,"enemies":"Masked Bandits","floor":20,"turns":2},{"damage":13,"enemies":"Snake Plant","floor":21,"turns":2},{"damage":59,"enemies":"Gremlin Leader","floor":23,"turns":4}],"seed_played":"-3937853631472151217","potions_obtained":[{"floor":1,"key":"FearPotion"},{"floor":4,"key":"Strength Potion"},{"floor":11,"key":"Energy Potion"},{"floor":12,"key":"Swift Potion"},{"floor":18,"key":"SneckoOil"},{"floor":19,"key":"LiquidBronze"}],"is_trial":false,"path_per_floor":["M","M","?","M","?","E","R","M","T","R","M","E","R","$","R","B",null,"M","M","?","M","$","E"],"character_chosen":"IRONCLAD","items_purchased":["Battle Trance","Whetstone","Feel No Pain+1"],"campfire_rested":1,"item_purchase_floors":[14,22,22],"current_hp_per_floor":[80,80,80,80,80,50,50,45,45,69,71,55,55,55,55,18,80,80,65,65,58,58,0],"gold":5,"neow_bonus":"THREE_ENEMY_KILL","is_prod":false,"is_daily":false,"chose_seed":false,"campfire_upgraded":3,"win_rate":0,"timestamp":1552849359,"path_taken":["M","M","?","M","?","E","R","M","T","R","M","E","R","$","R","BOSS","M","M","?","M","$","E"],"build_version":"2019-01-23","purchased_purges":1,"victory":false,"max_hp_per_floor":[80,80,80,80,80,80,80,80,80,80,80,80,80,80,80,80,80,80,80,80,80,80,80],"card_choices":[{"not_picked":["Blood for Blood","Iron Wave"],"picked":"Heavy Blade","floor":1},{"not_picked":["Blood for Blood","Flex","Combust"],"picked":"SKIP","floor":2},{"not_picked":["Blood for Blood","Combust"],"picked":"Flex","floor":2},{"not_picked":["Twin Strike","Sword Boomerang"],"picked":"Armaments","floor":4},{"not_picked":["Dark Embrace","Thunderclap"],"picked":"Double Tap","floor":6},{"not_picked":["Iron Wave","Pommel Strike"],"picked":"Hemokinesis","floor":8},{"not_picked":["Feel No Pain+1","Armaments"],"picked":"Bludgeon","floor":11},{"not_picked":["Corruption+1","Reckless Charge"],"picked":"Carnage","floor":12},{"not_picked":["Exhume","Immolate"],"picked":"Offering","floor":16},{"not_picked":["Heavy Blade","Clash"],"picked":"Warcry+1","floor":18},{"not_picked":["Armaments","Pommel Strike"],"picked":"Uppercut+1","floor":19},{"not_picked":["Thunderclap+1","Sentinel+1","Burning Pact"],"picked":"SKIP","floor":21}],"player_experience":221591,"relics_obtained":[{"floor":6,"key":"Frozen Egg 2"},{"floor":9,"key":"Bottled Flame"},{"floor":12,"key":"Mercury Hourglass"},{"floor":20,"key":"Red Mask"}],"event_choices":[{"damage_healed":0,"gold_gain":0,"cards_transformed":["Strike_R"],"player_choice":"Change","damage_taken":0,"max_hp_gain":0,"max_hp_loss":0,"event_name":"Living Wall","floor":3,"gold_loss":0,"cards_obtained":["Reckless Charge"]},{"cards_removed":["Defend_R"],"damage_healed":0,"gold_gain":0,"player_choice":"Card Removal","damage_taken":0,"max_hp_gain":0,"max_hp_loss":0,"event_name":"The Cleric","floor":5,"gold_loss":50},{"damage_healed":0,"gold_gain":0,"player_choice":"Fought Bandits","damage_taken":0,"max_hp_gain":0,"max_hp_loss":0,"event_name":"Masked Bandits","floor":20,"gold_loss":0}],"is_beta":false,"boss_relics":[{"not_picked":["Lizard Tail","White Beast Statue"],"picked":"Astrolabe"}],"items_purged_floors":[14],"is_endless":false,"potions_floor_spawned":[1,4,11,12,18,19],"killed_by":"Gremlin Leader","ascension_level":4}