{"gold_per_floor":[112,124,74,28,44,71,71,71,95,95,111,111,125,158,158,253,253,264,16,16,16,115,115,34,54,54,54],"floor_reached":27,"playtime":1965,"items_purged":["Strike_G"],"score":305,"play_id":"51fe8565-44ce-4f19-bf16-25ad0291529c","local_time":"20190419154319","is_ascension_mode":true,"campfire_choices":[{"floor":7,"key":"REST"},{"data":"Sucker Punch","floor":12,"key":"SMITH"},{"floor":15,"key":"REST"},{"floor":23,"key":"REST"}],"neow_cost":"CURSE","seed_source_timestamp":0,"circlet_count":0,"master_deck":["Defend_G","Defend_G","Defend_G","Defend_G","Defend_G","Strike_G","Strike_G","Strike_G","Strike_G","Survivor","Neutralize","Sucker Punch+1","Dodge and Roll","Cloak And Dagger","Backstab","Crippling Poison","PiercingWail","Dodge and Roll","Noxious Fumes","A Thousand Cuts","Slice+1","Footwork","Backstab+1","Deflect","Blur","Terror"],"special_seed":0,"relics":["Ring of the Snake","Incense Burner","PreservedInsect","Snake Skull","Molten Egg 2","Pen Nib","Black Star","Matryoshka"],"potions_floor_usage":[6,14,18,21],"damage_taken":[{"damage":0.0,"enemies":"2 Louse","floor":1.0,"turns":3.0},{"damage":1.0,"enemies":"Jaw Worm","floor":2.0,"turns":5.0},{"damage":0,"enemies":"Cultist","floor":5,"turns":4},{"damage":39,"enemies":"Gremlin Nob","floor":6,"turns":6},{"damage":0,"enemies":"3 Louse","floor":11,"turns":2},{"damage":1,"enemies":"Looter","floor":13,"turns":3},{"damage":0,"enemies":"3 Sentries","floor":14,"turns":8},{"damage":36,"enemies":"The Guardian","floor":16,"turns":11},{"damage":15,"enemies":"Shell Parasite","floor":18,"turns":8},{"damage":18,"enemies":"Colosseum Slavers","floor":21,"turns":6},{"damage":5,"enemies":"3 Byrds","floor":25,"turns":5},{"damage":47,"enemies":"Gremlin Leader","floor":27,"turns":6}],"seed_played":"4040201047344143322","potions_obtained":[{"floor":2.0,"key":"SkillPotion"},{"floor":6,"key":"Block Potion"},{"floor":11,"key":"Swift Potion"},{"floor":16,"key":"SkillPotion"}],"is_trial":false,"path_per_floor":["M","M","?","$","M","E","R","$","T","T","M","R","M","E","R","B",null,"M","$","?","?","?","R","$","M","T","E"],"character_chosen":"THE_SILENT","items_purchased":["Cloak And Dagger","Footwork","Backstab+1","Deflect","Blur"],"campfire_rested":3,"item_purchase_floors":[4,19,19,19,24],"current_hp_per_floor":[70,69,67,67,67,28,48,48,48,48,48,48,47,47,67,31,58,43,43,43,25,25,45,45,40,40,0],"gold":54,"neow_bonus":"ONE_RARE_RELIC","is_prod":false,"is_daily":false,"chose_seed":false,"campfire_upgraded":1,"win_rate":0,"timestamp":1555699399,"path_taken":["M","M","?","$","M","E","R","$","T","?","M","R","?","E","R","BOSS","M","$","?","?","?","R","$","M","T","E"],"build_version":"2019-01-23","purchased_purges":1,"victory":false,"max_hp_per_floor":[70,70,67,67,67,67,67,67,67,67,67,67,67,67,67,67,67,67,67,67,67,67,67,67,67,67,67],"card_choices":[{"not_picked":["Deflect","Masterful Stab"],"picked":"Sucker Punch","floor":1.0},{"not_picked":["PiercingWail","Riddle With Holes"],"picked":"Dodge and Roll","floor":2.0},{"not_picked":["Eviscerate","Caltrops"],"picked":"Backstab","floor":5},{"not_picked":["Bane","Blade Dance"],"picked":"Crippling Poison","floor":6},{"not_picked":["Expertise","Reflex"],"picked":"PiercingWail","floor":11},{"not_picked":["Slice+1","Choke+1"],"picked":"Dodge and Roll","floor":13},{"not_picked":["Storm of Steel","Underhanded Strike+1"],"picked":"Noxious Fumes","floor":14},{"not_picked":["Doppelganger","Adrenaline"],"picked":"A Thousand Cuts","floor":16},{"not_picked":["Infinite Blades","Concentrate+1"],"picked":"Slice+1","floor":18},{"not_picked":["Quick Slash+1","Backstab+1"],"picked":"Terror","floor":25}],"player_experience":300320,"relics_obtained":[{"floor":6,"key":"PreservedInsect"},{"floor":9,"key":"Snake Skull"},{"floor":10,"key":"Molten Egg 2"},{"floor":14,"key":"Pen Nib"},{"floor":26,"key":"Matryoshka"}],"event_choices":[{"cards_removed":["Parasite"],"damage_healed":0.0,"max_hp_gain":0.0,"max_hp_loss":0.0,"gold_gain":0.0,"event_name":"The Cleric","player_choice":"Card Removal","floor":3.0,"gold_loss":50.0,"damage_taken":0.0},{"damage_healed":0,"gold_gain":0,"player_choice":"Ignored","damage_taken":0,"max_hp_gain":0,"max_hp_loss":0,"event_name":"Cursed Tome","floor":20,"gold_loss":0},{"damage_healed":0,"gold_gain":0,"player_choice":"Fight","damage_taken":0,"max_hp_gain":0,"max_hp_loss":0,"event_name":"Colosseum","floor":21,"gold_loss":0},{"damage_healed":0,"gold_gain":0,"player_choice":"Fled From Nobs","damage_taken":0,"max_hp_gain":0,"max_hp_loss":0,"event_name":"Colosseum","floor":21,"gold_loss":0},{"damage_healed":0,"gold_gain":99,"player_choice":"Stole From Cult","damage_taken":0,"max_hp_gain":0,"max_hp_loss":0,"event_name":"Nest","floor":22,"gold_loss":0}],"is_beta":false,"boss_relics":[{"not_picked":["Runic Dome","Velvet Choker"],"picked":"Black Star"}],"items_purged_floors":[19],"is_endless":false,"potions_floor_spawned":[2,6,11,16,21],"killed_by":"Gremlin Leader","ascension_level":5}