{"gold_per_floor":[112,129,304,304,324,357,357,377,402,402,24,82,94,108,108,206,206,222,222,236,186,186,186,109,138,138,156,171,171],"floor_reached":29,"playtime":2182,"items_purged":["Normality","Decay"],"score":243,"play_id":"7309ce0a-16af-48cd-9fe1-23caf61c2bc8","local_time":"20190421205300","is_ascension_mode":false,"campfire_choices":[{"data":"Chaos","floor":7,"key":"SMITH"},{"data":"Zap","floor":10,"key":"SMITH"},{"data":"Consume","floor":15,"key":"SMITH"},{"data":"Fusion","floor":23,"key":"SMITH"}],"neow_cost":"NONE","seed_source_timestamp":186231194923,"circlet_count":0,"master_deck":["Strike_B","Strike_B","Defend_B","Defend_B","Defend_B","Defend_B","Zap+1","Dualcast+1","Conserve Battery","Consume+1","Ball Lightning","Turbo","Capacitor","Fusion+1","Reinforced Body","Doubt","Chaos+1","Self Repair","Conserve Battery","Multi-Cast","Static Discharge","Doom and Gloom","Reinforced Body+1","Electrodynamics","Amplify","Cold Snap+1","Machine Learning","Sunder+1","Cold Snap+1","Leap","Machine Learning"],"relics":["Orrery","Strawberry","Odd Mushroom","Potion Belt","Chemical X","Cables","Calling Bell","Smiling Mask","Molten Egg 2","Unceasing Top","Happy Flower","War Paint"],"potions_floor_usage":[6,6,28],"damage_taken":[{"damage":0,"enemies":"Small Slimes","floor":1,"turns":2},{"damage":3,"enemies":"Cultist","floor":2,"turns":4},{"damage":0,"enemies":"2 Louse","floor":5,"turns":3},{"damage":7,"enemies":"Gremlin Nob","floor":6,"turns":4},{"damage":28,"enemies":"The Mushroom Lair","floor":8,"turns":5},{"damage":28,"enemies":"3 Sentries","floor":12,"turns":7},{"damage":0,"enemies":"Large Slime","floor":13,"turns":2},{"damage":13,"enemies":"Exordium Wildlife","floor":14,"turns":5},{"damage":17,"enemies":"Hexaghost","floor":16,"turns":9},{"damage":28,"enemies":"Spheric Guardian","floor":18,"turns":6},{"damage":32,"enemies":"2 Thieves","floor":20,"turns":3},{"damage":39,"enemies":"Book of Stabbing","floor":25,"turns":5},{"damage":3,"enemies":"Shelled Parasite and Fungi","floor":27,"turns":5},{"damage":2,"enemies":"Centurion and Healer","floor":28,"turns":4},{"damage":20,"enemies":"3 Cultists","floor":29,"turns":3}],"seed_played":"4550594318775742089","potions_obtained":[{"floor":1,"key":"Fire Potion"},{"floor":2,"key":"Fire Potion"},{"floor":5,"key":"Poison Potion"},{"floor":28,"key":"Strength Potion"}],"is_trial":false,"path_per_floor":["M","M","?","?","M","E","R","?","T","R","$","?","M","M","R","B",null,"M","?","M","$","?","R","$","E","T","M","M","M"],"character_chosen":"DEFECT","items_purchased":["Multi-Cast","Chemical X","Static Discharge","Leap"],"campfire_rested":0,"item_purchase_floors":[11,11,11,24],"current_hp_per_floor":[75,72,72,72,72,72,72,51,51,51,51,30,37,31,31,21,82,68,68,43,43,43,43,43,4,4,8,13,0],"gold":171,"neow_bonus":"BOSS_RELIC","is_prod":false,"is_daily":false,"chose_seed":false,"campfire_upgraded":4,"win_rate":0,"timestamp":1555901580,"path_taken":["M","M","?","?","?","E","R","?","T","R","$","?","M","M","R","BOSS","M","?","M","$","?","R","?","E","T","?","M","M"],"build_version":"2019-01-23","purchased_purges":2,"victory":false,"max_hp_per_floor":[75,75,75,75,75,82,82,82,82,82,82,82,82,82,82,82,82,82,82,82,82,82,82,82,82,82,82,82,82],"card_choices":[{"not_picked":["Chaos","Sweeping Beam"],"picked":"Conserve Battery","floor":0},{"not_picked":["Coolheaded","FTL"],"picked":"Consume","floor":0},{"not_picked":["Compile Driver","Gash"],"picked":"Ball Lightning","floor":0},{"not_picked":["Cold Snap","Scrape"],"picked":"Turbo","floor":0},{"not_picked":["Coolheaded","Rebound"],"picked":"Capacitor","floor":0},{"not_picked":["Compile Driver","Static Discharge"],"picked":"Fusion","floor":1},{"not_picked":["Barrage","Reprogram"],"picked":"Reinforced Body","floor":2},{"not_picked":["Static Discharge","Compile Driver"],"picked":"Chaos","floor":5},{"not_picked":["Melter","Aggregate"],"picked":"Self Repair","floor":6},{"not_picked":["Stack","Lockon"],"picked":"Conserve Battery","floor":8},{"not_picked":["Ball Lightning","Fusion"],"picked":"Doom and Gloom","floor":12},{"not_picked":["Barrage","Stack"],"picked":"Reinforced Body","floor":13},{"not_picked":["Streamline","Sweeping Beam"],"picked":"Electrodynamics","floor":14},{"not_picked":["Biased Cognition","Reboot"],"picked":"Amplify","floor":16},{"not_picked":["Chill","Stack"],"picked":"Cold Snap+1","floor":18},{"not_picked":["Streamline+1","Gash+1"],"picked":"Cold Snap+1","floor":20},{"not_picked":["Barrage+1","Consume","Leap+1"],"picked":"SKIP","floor":25},{"not_picked":["Ball Lightning+1","Skim"],"picked":"Machine Learning","floor":27},{"not_picked":["Gash+1","Beam Cell+1","Conserve Battery+1"],"picked":"SKIP","floor":28}],"player_experience":1275215,"relics_obtained":[{"floor":6,"key":"Strawberry"},{"floor":8,"key":"Odd Mushroom"},{"floor":9,"key":"Potion Belt"},{"floor":12,"key":"Cables"},{"floor":17,"key":"Smiling Mask"},{"floor":17,"key":"Molten Egg 2"},{"floor":17,"key":"Unceasing Top"},{"floor":25,"key":"Happy Flower"},{"floor":26,"key":"War Paint"}],"event_choices":[{"damage_healed":0,"gold_gain":175,"player_choice":"AGREE","damage_taken":0,"max_hp_gain":0,"max_hp_loss":0,"event_name":"Liars Game","floor":3,"gold_loss":0,"cards_obtained":["Doubt"]},{"damage_healed":0,"gold_gain":0,"player_choice":"Ignored","damage_taken":0,"max_hp_gain":0,"max_hp_loss":0,"event_name":"NoteForYourself","floor":4,"gold_loss":0},{"damage_healed":0,"gold_gain":0,"player_choice":"Fought Mushrooms","damage_taken":0,"max_hp_gain":0,"max_hp_loss":0,"event_name":"Mushrooms","floor":8,"gold_loss":0},{"damage_healed":0,"gold_gain":0,"player_choice":"Searched \u00271\u0027 times","damage_taken":0,"max_hp_gain":0,"max_hp_loss":0,"event_name":"Dead Adventurer","floor":12,"gold_loss":0},{"damage_healed":0,"gold_gain":0,"cards_transformed":["Strike_B","Strike_B"],"player_choice":"Became Test Subject","damage_taken":0,"max_hp_gain":0,"max_hp_loss":0,"event_name":"Drug Dealer","floor":19,"gold_loss":0,"cards_obtained":["Machine Learning","Sunder"]},{"cards_removed":["Decay"],"damage_healed":0,"gold_gain":0,"player_choice":"Elegance","damage_taken":0,"max_hp_gain":0,"max_hp_loss":0,"event_name":"Back to Basics","floor":22,"gold_loss":0}],"is_beta":false,"boss_relics":[{"not_picked":["Velvet Choker","Runic Dome"],"picked":"Calling Bell"}],"items_purged_floors":[21,24],"is_endless":false,"potions_floor_spawned":[1,2,5,28],"killed_by":"3 Cultists","ascension_level":0}