{"gold_per_floor":[20,20,20,36,36,36,36,36,104,104,119,119,138,153,153,251,251,269,269,269,281,281],"floor_reached":22,"playtime":1398,"items_purged":[],"score":174,"play_id":"731b5d39-1fa0-469a-98b5-1e7e4bc20a65","local_time":"20181124144653","is_ascension_mode":false,"campfire_choices":[{"data":"Machine Learning","floor":6,"key":"SMITH"},{"data":"Streamline","floor":8,"key":"SMITH"},{"data":"Tempest","floor":10,"key":"SMITH"},{"floor":15,"key":"REST"}],"neow_cost":"NO_GOLD","seed_source_timestamp":698388953527359,"circlet_count":0,"master_deck":["Strike_B","Strike_B","Strike_B","Strike_B","Defend_B","Defend_B","Defend_B","Zap","Dualcast","Machine Learning+1","Streamline+1","Tempest+1","Defragment","Thunder Strike","Tempest","Consume","Leap","Buffer","Leap","Necronomicurse","Machine Learning+1","Leap+1"],"relics":["Cracked Core","Mercury Hourglass","Happy Flower","Dodecahedron","Runic Pyramid","Necronomicon"],"potions_floor_usage":[16,16,21],"damage_taken":[{"damage":6,"enemies":"Jaw Worm","floor":1,"turns":4},{"damage":0,"enemies":"Small Slimes","floor":4,"turns":2},{"damage":0,"enemies":"2 Louse","floor":11,"turns":1},{"damage":17,"enemies":"Gremlin Gang","floor":13,"turns":3},{"damage":5,"enemies":"Looter","floor":14,"turns":2},{"damage":44,"enemies":"Hexaghost","floor":16,"turns":8},{"damage":29,"enemies":"Shell Parasite","floor":18,"turns":5},{"damage":28,"enemies":"3 Byrds","floor":21,"turns":4},{"damage":7,"enemies":"Snake Plant","floor":22,"turns":1}],"seed_played":"3736508073921596045","potions_obtained":[{"floor":1,"key":"Ancient Potion"},{"floor":11,"key":"PowerPotion"},{"floor":13,"key":"Swift Potion"},{"floor":14,"key":"Block Potion"}],"is_trial":false,"path_per_floor":["M","?","?","M","?","R","?","R","T","R","M","?","M","M","R","B",null,"M","?","?","M","M"],"character_chosen":"DEFECT","items_purchased":[],"campfire_rested":1,"item_purchase_floors":[],"current_hp_per_floor":[69,69,62,62,62,62,62,62,62,62,62,62,45,40,62,18,75,46,30,30,2,0],"gold":281,"neow_bonus":"THREE_RARE_CARDS","is_prod":false,"is_daily":false,"chose_seed":false,"campfire_upgraded":3,"win_rate":0.0,"timestamp":1543085213,"path_taken":["M","?","?","M","?","R","?","R","T","R","?","?","?","M","R","BOSS","M","?","?","M","?"],"build_version":"2018-11-15","purchased_purges":0,"victory":false,"max_hp_per_floor":[75,75,75,75,75,75,75,75,75,75,75,75,75,75,75,75,75,75,75,75,75,75],"card_choices":[{"not_picked":["Rainbow","Fission"],"picked":"Machine Learning","floor":0},{"not_picked":["Skim","Stack"],"picked":"Streamline","floor":1},{"not_picked":["Sweeping Beam","Gash"],"picked":"Tempest","floor":4},{"not_picked":["Streamline","Rainbow"],"picked":"Defragment","floor":11},{"not_picked":["Sweeping Beam","Cold Snap"],"picked":"Consume","floor":13},{"not_picked":["Sweeping Beam","BootSequence"],"picked":"Leap","floor":14},{"not_picked":["Amplify","Rainbow"],"picked":"Buffer","floor":16},{"not_picked":["Compile Driver","Go for the Eyes"],"picked":"Leap","floor":18},{"not_picked":["Double Energy+1","Sweeping Beam"],"picked":"Leap+1","floor":21}],"player_experience":22542,"relics_obtained":[{"floor":9,"key":"Dodecahedron"},{"floor":19,"key":"Necronomicon"}],"event_choices":[{"damage_healed":0,"gold_gain":0,"player_choice":"Leave","damage_taken":0,"max_hp_gain":0,"max_hp_loss":0,"event_name":"The Cleric","floor":2,"gold_loss":0},{"damage_healed":0,"gold_gain":0,"player_choice":"Success","damage_taken":7,"relics_obtained":["Mercury Hourglass"],"max_hp_gain":0,"max_hp_loss":0,"event_name":"Scrap Ooze","floor":3,"gold_loss":0},{"cards_removed":["Defend_B"],"damage_healed":0,"gold_gain":0,"player_choice":"Forget","damage_taken":0,"max_hp_gain":0,"max_hp_loss":0,"event_name":"Living Wall","floor":5,"gold_loss":0},{"damage_healed":0,"gold_gain":0,"player_choice":"Gave Potion","damage_taken":0,"relics_obtained":["Happy Flower"],"max_hp_gain":0,"max_hp_loss":0,"event_name":"WeMeetAgain","floor":7,"gold_loss":0},{"damage_healed":0,"gold_gain":0,"player_choice":"2 cards matched","damage_taken":0,"max_hp_gain":0,"max_hp_loss":0,"event_name":"Match and Keep!","floor":12,"gold_loss":0,"cards_obtained":["Thunder Strike","Tempest"]},{"damage_healed":0,"gold_gain":0,"player_choice":"Obtained Book","damage_taken":16,"max_hp_gain":0,"max_hp_loss":0,"event_name":"Cursed Tome","floor":19,"gold_loss":0},{"damage_healed":0,"gold_gain":0,"player_choice":"Copied","damage_taken":0,"max_hp_gain":0,"max_hp_loss":0,"event_name":"Duplicator","floor":20,"gold_loss":0,"cards_obtained":["Machine Learning"]}],"is_beta":false,"boss_relics":[{"not_picked":["Snecko Eye","Nuclear Battery"],"picked":"Runic Pyramid"}],"items_purged_floors":[],"is_endless":false,"potions_floor_spawned":[1,11,13,14],"killed_by":"Snake Plant","ascension_level":0}