{"gold_per_floor":[360,12,32,43,61,61,79,79,128,128,78,78,112,132,132,232,232,249,249,22,38,54,54,84,84,141,176,76,76,92,92,92,190,190,206,56,56,71,87,87,87,133,159,159,159,174,120,146,146,146],"floor_reached":50,"playtime":869,"items_purged":["Writhe","Strike_R+1","Sword Boomerang+1"],"score":508,"play_id":"b4ba83c6-3ffb-4cf4-8bbc-4a097c4b0cdf","local_time":"20190417180936","is_ascension_mode":false,"campfire_choices":[{"data":"Strike_R","floor":6,"key":"PURGE"},{"data":"Strike_R","floor":8,"key":"PURGE"},{"data":"Strike_R","floor":10,"key":"PURGE"},{"data":"Strike_R","floor":15,"key":"PURGE"},{"data":"Defend_R","floor":23,"key":"PURGE"},{"data":"Defend_R","floor":25,"key":"PURGE"},{"data":"Twin Strike","floor":29,"key":"PURGE"},{"data":"Bash","floor":32,"key":"SMITH"},{"data":"Cleave+1","floor":40,"key":"PURGE"},{"floor":44,"key":"RECALL"},{"floor":49,"key":"REST"}],"neow_cost":"PERCENT_DAMAGE","seed_source_timestamp":23526401411468,"circlet_count":0,"master_deck":["Bash+1","Flex+1","Flex+1","Sword Boomerang+1","Sword Boomerang+1"],"relics":["Burning Blood","Peace Pipe","Whetstone","Molten Egg 2","Sozu","Omamori","War Paint","Red Skull","Tiny Chest","Regal Pillow","Busted Crown","Smiling Mask","Ancient Tea Set","The Courier"],"potions_floor_usage":[13,16,16,16],"damage_taken":[{"damage":1,"enemies":"Jaw Worm","floor":1,"turns":6},{"damage":2,"enemies":"Small Slimes","floor":3,"turns":3},{"damage":1,"enemies":"Cultist","floor":4,"turns":3},{"damage":5,"enemies":"3 Louse","floor":5,"turns":4},{"damage":4,"enemies":"Blue Slaver","floor":7,"turns":3},{"damage":19,"enemies":"Lagavulin","floor":13,"turns":6},{"damage":3,"enemies":"Red Slaver","floor":14,"turns":2},{"damage":43,"enemies":"Hexaghost","floor":16,"turns":8},{"damage":3,"enemies":"3 Byrds","floor":18,"turns":5},{"damage":10,"enemies":"2 Thieves","floor":21,"turns":2},{"damage":10,"enemies":"Snecko","floor":22,"turns":3},{"damage":16,"enemies":"Slavers","floor":24,"turns":3},{"damage":12,"enemies":"Book of Stabbing","floor":27,"turns":2},{"damage":0,"enemies":"3 Cultists","floor":30,"turns":2},{"damage":22,"enemies":"Automaton","floor":33,"turns":4},{"damage":7,"enemies":"3 Darklings","floor":35,"turns":2},{"damage":0,"enemies":"Orb Walker","floor":38,"turns":1},{"damage":0,"enemies":"3 Darklings","floor":39,"turns":2},{"damage":36,"enemies":"Writhing Mass","floor":46,"turns":3},{"damage":39,"enemies":"Reptomancer","floor":48,"turns":3},{"damage":59,"enemies":"Donu and Deca","floor":50,"turns":3}],"seed_played":"-7011663908190242691","potions_obtained":[{"floor":3,"key":"EssenceOfSteel"},{"floor":4,"key":"GamblersBrew"},{"floor":7,"key":"GamblersBrew"},{"floor":14,"key":"FearPotion"}],"is_trial":false,"path_per_floor":["M","$","M","M","M","R","M","R","T","R","?","?","E","M","R","B",null,"M","?","$","M","M","R","E","R","T","E","$","R","M","?","R","B",null,"M","$","?","M","M","R","?","T","T","R","$","M","$","E","R","B"],"character_chosen":"IRONCLAD","items_purchased":["Peace Pipe","Twin Strike","War Paint","Cleave+1","Sword Boomerang+1"],"campfire_rested":1,"item_purchase_floors":[2,2,20,36,47],"current_hp_per_floor":[61,61,65,70,71,71,73,73,73,73,73,66,53,56,56,19,80,80,80,80,76,72,72,62,62,62,56,56,56,62,62,62,46,80,79,79,79,80,80,80,76,76,76,76,76,46,46,13,50,0],"gold":146,"neow_bonus":"TWO_FIFTY_GOLD","is_prod":false,"is_daily":false,"chose_seed":false,"campfire_upgraded":1,"win_rate":0,"timestamp":1555546176,"path_taken":["M","$","M","M","M","R","M","R","T","R","?","?","E","M","R","BOSS","M","?","$","M","M","R","E","R","T","E","$","R","M","?","R","BOSS","M","$","?","?","M","R","?","?","T","R","$","?","?","E","R","BOSS"],"build_version":"2019-01-23","purchased_purges":3,"victory":false,"max_hp_per_floor":[80,80,80,80,80,80,80,80,80,80,80,80,80,80,80,80,80,80,80,80,80,80,80,80,80,80,80,80,80,80,80,80,80,80,80,80,80,80,80,80,76,76,76,76,76,76,76,76,76,76],"card_choices":[{"not_picked":["Sword Boomerang","Anger"],"picked":"Flex","floor":1},{"not_picked":["Havoc","True Grit","Seeing Red"],"picked":"SKIP","floor":3},{"not_picked":["Warcry","Infernal Blade","Armaments"],"picked":"SKIP","floor":4},{"not_picked":["Dual Wield","Shrug It Off"],"picked":"Sword Boomerang","floor":5},{"not_picked":["Wild Strike","Entrench"],"picked":"Flex","floor":7},{"not_picked":["Pummel","Sever Soul","Entrench"],"picked":"SKIP","floor":13},{"not_picked":["Body Slam+1","Bludgeon+1","Iron Wave+1"],"picked":"SKIP","floor":14},{"not_picked":["Perfected Strike+1","Battle Trance","Fire Breathing"],"picked":"SKIP","floor":18},{"not_picked":["Flex+1","Fire Breathing+1"],"picked":"Sword Boomerang+1","floor":21},{"not_picked":["Disarm","Seeing Red","Burning Pact"],"picked":"SKIP","floor":22},{"not_picked":["Heavy Blade+1","Thunderclap+1","Perfected Strike+1"],"picked":"SKIP","floor":24},{"not_picked":["Wild Strike+1","Hemokinesis+1","Sword Boomerang+1"],"picked":"SKIP","floor":27},{"not_picked":["Wild Strike+1","Hemokinesis+1","Sword Boomerang+1"],"picked":"SKIP","floor":27},{"not_picked":["Seeing Red","Clothesline+1","Perfected Strike+1"],"picked":"SKIP","floor":30},{"not_picked":["Bloodletting"],"picked":"SKIP","floor":35},{"not_picked":["Cleave+1"],"picked":"SKIP","floor":38},{"not_picked":["Body Slam+1"],"picked":"SKIP","floor":39},{"not_picked":["Hemokinesis+1"],"picked":"SKIP","floor":46},{"not_picked":["Shrug It Off+1"],"picked":"SKIP","floor":48}],"player_experience":1247097,"relics_obtained":[{"floor":9,"key":"Whetstone"},{"floor":13,"key":"Molten Egg 2"},{"floor":24,"key":"Red Skull"},{"floor":26,"key":"Tiny Chest"},{"floor":27,"key":"Regal Pillow"},{"floor":42,"key":"Smiling Mask"},{"floor":43,"key":"Ancient Tea Set"},{"floor":48,"key":"The Courier"}],"event_choices":[{"cards_removed":["Defend_R"],"damage_healed":0,"gold_gain":0,"player_choice":"Card Removal","damage_taken":0,"max_hp_gain":0,"max_hp_loss":0,"event_name":"The Cleric","floor":11,"gold_loss":50},{"cards_removed":["Defend_R"],"damage_healed":0,"gold_gain":0,"player_choice":"Card Removal","damage_taken":7,"max_hp_gain":0,"max_hp_loss":0,"event_name":"Golden Wing","floor":12,"gold_loss":0},{"damage_healed":0,"gold_gain":0,"player_choice":"Opened","damage_taken":0,"relics_obtained":["Omamori"],"max_hp_gain":0,"max_hp_loss":0,"event_name":"The Mausoleum","floor":19,"gold_loss":0,"cards_obtained":["Writhe"]},{"damage_healed":0,"gold_gain":0,"player_choice":"Ignored","damage_taken":0,"max_hp_gain":0,"max_hp_loss":0,"event_name":"Ghosts","floor":31,"gold_loss":0},{"damage_healed":0,"gold_gain":0,"player_choice":"Got Potions","damage_taken":0,"max_hp_gain":0,"max_hp_loss":0,"event_name":"Lab","floor":37,"gold_loss":0},{"damage_healed":0,"gold_gain":0,"player_choice":"Max HP","damage_taken":0,"max_hp_gain":0,"max_hp_loss":4,"event_name":"Winding Halls","floor":41,"gold_loss":0}],"is_beta":false,"boss_relics":[{"not_picked":["Runic Pyramid","Eternal Feather"],"picked":"Sozu"},{"not_picked":["Mark of Pain","Snecko Eye"],"picked":"Busted Crown"}],"items_purged_floors":[20,28,36],"is_endless":false,"potions_floor_spawned":[3,4,7,14,18,22,24,30,38,48],"killed_by":"Donu and Deca","ascension_level":0}