{"gold_per_floor":[115,115,129,145,159,159,173,206,254,254,254,280,343,66,66,163,163,178,193,193,24,0,0,26,26,53,73,73,73,73,99,99,202,202,212,2,0,13,13,13,33,43,43,59,7,7,7,20,20,20],"floor_reached":50,"playtime":2928,"items_purged":["Strike_B"],"score":611,"play_id":"a74e9dd7-f7b7-496e-9e6f-981170bad45c","local_time":"20190413171424","is_ascension_mode":true,"campfire_choices":[{"data":"Sunder","floor":6,"key":"SMITH"},{"floor":10,"key":"REST"},{"floor":15,"key":"REST"},{"floor":23,"key":"REST"},{"floor":25,"key":"REST"},{"floor":29,"key":"REST"},{"floor":32,"key":"REST"},{"data":"Biased Cognition","floor":40,"key":"SMITH"},{"data":"Hologram","floor":47,"key":"SMITH"},{"data":"Streamline","floor":49,"key":"SMITH"}],"neow_cost":"NONE","seed_source_timestamp":254545320795864,"circlet_count":0,"master_deck":["Strike_B","Strike_B","Strike_B","Defend_B","Defend_B","Defend_B","Defend_B","Zap","Dualcast","Sunder+1","Glacier","Redo","Compile Driver","Sunder+1","Streamline+1","Ball Lightning","Ball Lightning","Biased Cognition+1","Cold Snap+1","Leap","Hologram+1","Machine Learning","Conserve Battery","Purity","Melter","Ball Lightning+1","Rebound","Tempest","Cold Snap","Parasite"],"relics":["Sozu","Singing Bowl","Potion Belt","Dodecahedron","Omamori","Pantograph","Velvet Choker","Happy Flower","Matryoshka","Oddly Smooth Stone","Blood Vial","Strawberry","Bottled Flame","Art of War","Inserter","Red Mask","Frozen Egg 2"],"potions_floor_usage":[],"damage_taken":[{"damage":7,"enemies":"Jaw Worm","floor":1,"turns":2},{"damage":0,"enemies":"2 Louse","floor":3,"turns":2},{"damage":4,"enemies":"Small Slimes","floor":4,"turns":3},{"damage":1,"enemies":"Looter","floor":5,"turns":3},{"damage":18,"enemies":"Exordium Thugs","floor":7,"turns":4},{"damage":24,"enemies":"Lagavulin","floor":8,"turns":6},{"damage":16,"enemies":"Gremlin Nob","floor":12,"turns":3},{"damage":28,"enemies":"Lagavulin Event","floor":13,"turns":6},{"damage":38,"enemies":"The Guardian","floor":16,"turns":9},{"damage":26,"enemies":"Shell Parasite","floor":18,"turns":4},{"damage":0,"enemies":"Chosen","floor":19,"turns":4},{"damage":51,"enemies":"Gremlin Leader","floor":24,"turns":7},{"damage":14,"enemies":"Shelled Parasite and Fungi","floor":27,"turns":4},{"damage":34,"enemies":"Slavers","floor":31,"turns":4},{"damage":89,"enemies":"Collector","floor":33,"turns":9},{"damage":0,"enemies":"3 Shapes","floor":35,"turns":2},{"damage":2,"enemies":"3 Darklings","floor":38,"turns":6},{"damage":37,"enemies":"Maw","floor":41,"turns":7},{"damage":30,"enemies":"Jaw Worm Horde","floor":42,"turns":4},{"damage":6,"enemies":"4 Shapes","floor":44,"turns":6},{"damage":27,"enemies":"Writhing Mass","floor":48,"turns":5},{"damage":99,"enemies":"Donu and Deca","floor":50,"turns":9}],"seed_played":"-3095745793718812005","potions_obtained":[],"is_trial":false,"path_per_floor":["M","?","M","M","M","R","M","E","T","R","?","E","?","$","R","B",null,"M","M","?","$","?","R","E","R","T","M","$","R","T","E","R","B",null,"M","$","?","M","?","R","M","M","T","M","$","?","R","M","R","B"],"character_chosen":"DEFECT","items_purchased":["Pantograph","Ball Lightning","Happy Flower","Leap","Conserve Battery","Purity","Cold Snap"],"campfire_rested":6,"item_purchase_floors":[14,14,21,21,36,36,45],"current_hp_per_floor":[68,73,73,69,68,68,50,26,26,50,50,36,8,8,32,19,82,56,58,58,58,58,83,34,59,59,47,47,72,79,49,77,6,95,97,97,97,95,95,95,60,32,32,28,28,97,97,72,72,0],"gold":20,"neow_bonus":"BOSS_RELIC","is_prod":false,"is_daily":false,"chose_seed":false,"campfire_upgraded":4,"win_rate":0,"timestamp":1555186464,"path_taken":["M","?","M","M","M","R","M","E","T","R","?","E","?","?","R","BOSS","M","M","?","$","?","R","E","R","T","M","$","R","?","E","R","BOSS","M","$","?","M","?","R","M","M","T","M","?","?","R","M","R","BOSS"],"build_version":"2019-01-23","purchased_purges":1,"victory":false,"max_hp_per_floor":[75,80,80,80,80,80,80,80,80,80,80,82,82,82,82,82,82,82,84,84,84,84,84,86,86,86,86,86,86,93,95,95,95,95,97,97,97,97,97,97,97,97,97,97,97,97,97,99,99,99],"card_choices":[{"not_picked":["Storm","Defragment"],"picked":"Sunder","floor":1},{"not_picked":["Redo","Hologram"],"picked":"Glacier","floor":3},{"not_picked":["Turbo","Coolheaded"],"picked":"Redo","floor":4},{"not_picked":["Double Energy","Stack"],"picked":"Compile Driver","floor":5},{"not_picked":["Coolheaded","Creative AI"],"picked":"Sunder","floor":7},{"not_picked":["Static Discharge","White Noise"],"picked":"Streamline","floor":8},{"not_picked":["Stack","Redo","Go for the Eyes"],"picked":"Singing Bowl","floor":12},{"not_picked":["Turbo","Gash"],"picked":"Ball Lightning","floor":13},{"not_picked":["Meteor Strike","All For One"],"picked":"Biased Cognition","floor":16},{"not_picked":["Skim+1","Blizzard"],"picked":"Cold Snap+1","floor":18},{"not_picked":["Compile Driver","Coolheaded","Turbo+1"],"picked":"Singing Bowl","floor":19},{"not_picked":["Double Energy+1","Chill","Lockon"],"picked":"Singing Bowl","floor":24},{"not_picked":["Redo","Steam"],"picked":"Hologram","floor":27},{"not_picked":["Blizzard","Go for the Eyes","Double Energy+1"],"picked":"Singing Bowl","floor":31},{"not_picked":["All For One","Rainbow"],"picked":"Machine Learning","floor":33},{"not_picked":["Turbo","Rip and Tear+1","Double Energy+1"],"picked":"Singing Bowl","floor":35},{"not_picked":["FTL","Stack+1"],"picked":"Melter","floor":38},{"not_picked":["Turbo","Stack+1"],"picked":"Ball Lightning+1","floor":41},{"not_picked":["Skim+1","Beam Cell"],"picked":"Rebound","floor":42},{"not_picked":["Rebound","White Noise"],"picked":"Tempest","floor":44},{"not_picked":["Beam Cell+1","Cold Snap","Turbo"],"picked":"Singing Bowl","floor":48}],"player_experience":260462,"relics_obtained":[{"floor":8,"key":"Singing Bowl"},{"floor":9,"key":"Potion Belt"},{"floor":12,"key":"Dodecahedron"},{"floor":13,"key":"Omamori"},{"floor":24,"key":"Matryoshka"},{"floor":26,"key":"Oddly Smooth Stone"},{"floor":26,"key":"Blood Vial"},{"floor":30,"key":"Strawberry"},{"floor":30,"key":"Bottled Flame"},{"floor":31,"key":"Art of War"},{"floor":43,"key":"Frozen Egg 2"}],"event_choices":[{"damage_healed":0,"gold_gain":0,"player_choice":"Donut","damage_taken":0,"max_hp_gain":5,"max_hp_loss":0,"event_name":"Big Fish","floor":2,"gold_loss":0},{"damage_healed":0,"gold_gain":0,"player_choice":"Grow","damage_taken":0,"max_hp_gain":0,"max_hp_loss":0,"event_name":"Living Wall","floor":11,"gold_loss":0,"cards_upgraded":["Sunder"]},{"damage_healed":0,"gold_gain":0,"player_choice":"Searched \u00271\u0027 times","damage_taken":0,"max_hp_gain":0,"max_hp_loss":0,"event_name":"Dead Adventurer","floor":13,"gold_loss":0},{"damage_healed":0,"gold_gain":0,"player_choice":"Smashed Altar","damage_taken":0,"max_hp_gain":0,"max_hp_loss":0,"event_name":"Forgotten Altar","floor":20,"gold_loss":0,"cards_obtained":["Decay"]},{"damage_healed":0,"gold_gain":0,"player_choice":"Paid Fearfully","damage_taken":0,"max_hp_gain":0,"max_hp_loss":0,"event_name":"Masked Bandits","floor":22,"gold_loss":24},{"damage_healed":0,"gold_gain":0,"player_choice":"Paid","damage_taken":0,"relics_obtained":["Red Mask"],"max_hp_gain":0,"max_hp_loss":0,"event_name":"Tomb of Lord Red Mask","floor":37,"gold_loss":2},{"damage_healed":0,"gold_gain":0,"player_choice":"Ignored","damage_taken":0,"max_hp_gain":0,"max_hp_loss":0,"event_name":"Mysterious Sphere","floor":39,"gold_loss":0},{"damage_healed":69,"gold_gain":0,"player_choice":"Heal","damage_taken":0,"max_hp_gain":0,"max_hp_loss":0,"event_name":"MindBloom","floor":46,"gold_loss":0,"cards_obtained":["Doubt"]}],"is_beta":false,"boss_relics":[{"not_picked":["Calling Bell","Astrolabe"],"picked":"Velvet Choker"},{"not_picked":["Pandora\u0027s Box","Cursed Key"],"picked":"Inserter"}],"items_purged_floors":[36],"is_endless":false,"potions_floor_spawned":[1,3,5,33,41,42,48],"killed_by":"Donu and Deca","ascension_level":4}