{"gold_per_floor":[19,35,49,61,61,86,86,114,169,204,204,221,221,283,283,354,404,415,429,440,17,17,17,67,67,120,120,133,133,165,165,165,242,242,256,256,256,272,172,201,213,24,50,50,75,86,86,100,100,100],"floor_reached":51,"playtime":3093,"items_purged":["Strike_G","Strike_G","Strike_G"],"score":1315,"play_id":"bf432ef8-1f6f-4711-b9e6-e6570f79a07e","local_time":"20180804201349","is_ascension_mode":true,"campfire_choices":[{"data":"Noxious Fumes","floor":7,"key":"SMITH"},{"data":"Footwork","floor":11,"key":"SMITH"},{"data":"Neutralize","floor":15,"key":"SMITH"},{"data":"Apotheosis","floor":23,"key":"SMITH"},{"data":"A Thousand Cuts","floor":27,"key":"SMITH"},{"data":"Adrenaline","floor":29,"key":"SMITH"},{"floor":32,"key":"REST"},{"data":"Caltrops","floor":41,"key":"SMITH"},{"data":"Malaise","floor":44,"key":"SMITH"},{"data":"Well Laid Plans","floor":49,"key":"SMITH"}],"neow_cost":"NO_GOLD","seed_source_timestamp":527102197992910,"circlet_count":0,"master_deck":["Defend_G","Defend_G","Defend_G","Defend_G","Defend_G","Strike_G","Strike_G","Survivor","Neutralize+1","AscendersBane","Cloak And Dagger","Footwork+1","Noxious Fumes+1","Cloak And Dagger","Backflip+1","Poisoned Stab","Corpse Explosion","Caltrops+1","Deflect","Adrenaline+1","Blur","Deflect","Dagger Spray+1","A Thousand Cuts+1","Apotheosis+1","Malaise+1","Backflip","Master of Strategy","Dodge and Roll+1","Acrobatics","Blur","Well Laid Plans+1"],"special_seed":0,"relics":["Ring of the Snake","Question Card","Ninja Scroll","Anchor","Lantern","Tiny Chest","Tiny House","Art of War","Boot","Regal Pillow","Sozu","Bird Faced Urn","MawBank","Oddly Smooth Stone","Bag of Marbles"],"potions_floor_usage":[10,16,16,19,31,33],"damage_taken":[{"damage":5.0,"enemies":"Cultist","floor":1.0,"turns":5.0},{"damage":9.0,"enemies":"Small Slimes","floor":2.0,"turns":5.0},{"damage":2,"enemies":"Jaw Worm","floor":3,"turns":5},{"damage":0,"enemies":"Large Slime","floor":4,"turns":10},{"damage":0,"enemies":"Lagavulin","floor":6,"turns":9},{"damage":5,"enemies":"3 Sentries","floor":8,"turns":9},{"damage":6,"enemies":"Gremlin Nob","floor":10,"turns":4},{"damage":0,"enemies":"2 Fungi Beasts","floor":12,"turns":2},{"damage":18,"enemies":"Lagavulin","floor":14,"turns":8},{"damage":19,"enemies":"Hexaghost","floor":16,"turns":10},{"damage":9,"enemies":"3 Byrds","floor":18,"turns":3},{"damage":12,"enemies":"2 Thieves","floor":19,"turns":4},{"damage":3,"enemies":"Slaver and Parasite","floor":20,"turns":7},{"damage":0,"enemies":"Centurion and Healer","floor":28,"turns":6},{"damage":0,"enemies":"Gremlin Leader","floor":30,"turns":6},{"damage":0,"enemies":"Cultist and Chosen","floor":31,"turns":3},{"damage":66,"enemies":"Collector","floor":33,"turns":9},{"damage":2,"enemies":"Orb Walker","floor":35,"turns":4},{"damage":0,"enemies":"Flame Bruiser 1 Orb","floor":38,"turns":7},{"damage":11,"enemies":"Giant Head","floor":40,"turns":12},{"damage":0,"enemies":"Maw","floor":46,"turns":9},{"damage":0,"enemies":"Transient","floor":48,"turns":5},{"damage":2,"enemies":"Time Eater","floor":50,"turns":16}],"seed_played":"-5939835027199451792","potions_obtained":[{"floor":4,"key":"LiquidBronze"},{"floor":8,"key":"FearPotion"},{"floor":12,"key":"Dexterity Potion"},{"floor":16,"key":"Fire Potion"},{"floor":17,"key":"Regen Potion"},{"floor":19,"key":"Block Potion"},{"floor":20,"key":"SmokeBomb"}],"is_trial":false,"path_per_floor":["M","M","M","M","?","E","R","E","T","E","R","M","?","E","R","B",null,"M","M","M","$","?","R","?","?","T","R","M","R","E","M","R","B",null,"M","?","T","M","$","E","R","$","T","R","T","M","?","M","R","B"],"character_chosen":"THE_SILENT","items_purchased":["Art of War","Apotheosis","Blur"],"campfire_rested":1,"item_purchase_floors":[21,21,42],"current_hp_per_floor":[66,57,55,55,60,60,60,55,55,49,49,49,38,20,20,1,68,59,47,44,44,44,44,44,44,44,44,44,44,44,44,85,28,73,71,71,71,77,77,74,74,74,74,74,74,82,82,88,88,86],"gold":100,"neow_bonus":"TWENTY_PERCENT_HP_BONUS","is_prod":false,"is_daily":false,"chose_seed":false,"campfire_upgraded":9,"win_rate":0,"timestamp":1533428029,"path_taken":["M","M","M","?","?","E","R","E","T","E","R","M","?","E","R","BOSS","M","M","M","$","?","R","?","?","T","R","M","R","E","?","R","BOSS","M","?","?","M","$","E","R","$","T","R","?","M","?","?","R","BOSS"],"build_version":"2018-08-02","purchased_purges":3,"victory":true,"max_hp_per_floor":[78,78,78,78,83,83,83,83,83,83,83,83,83,83,83,83,88,88,88,88,88,88,88,88,88,88,88,88,88,88,88,88,88,88,88,88,88,88,88,88,88,88,88,88,88,88,88,88,88,88],"card_choices":[{"not_picked":["Poisoned Stab","Outmaneuver"],"picked":"Cloak And Dagger","floor":1.0},{"not_picked":["Leg Sweep","Dagger Spray"],"picked":"Footwork","floor":2},{"not_picked":["Expertise","PiercingWail"],"picked":"Noxious Fumes","floor":3},{"not_picked":["Reflex","Sucker Punch"],"picked":"Cloak And Dagger","floor":4},{"not_picked":["Prepared","Tactician"],"picked":"Backflip","floor":6},{"not_picked":["Dagger Throw","Prepared","Finisher"],"picked":"Poisoned Stab","floor":8},{"not_picked":["Poisoned Stab","Deflect","Finisher"],"picked":"Corpse Explosion","floor":10},{"not_picked":["Sucker Punch","Backflip","Tactician"],"picked":"Caltrops","floor":12},{"not_picked":["Dagger Throw","Cloak And Dagger","Setup"],"picked":"Deflect","floor":14},{"not_picked":["Unload","Burst","Wraith Form v2"],"picked":"Adrenaline","floor":16},{"not_picked":["Backflip","Underhanded Strike","Deflect"],"picked":"Blur","floor":17},{"not_picked":["Acrobatics","Calculated Gamble","Corpse Explosion"],"picked":"Deflect","floor":18},{"not_picked":["Terror","Bane","Prepared"],"picked":"Dagger Spray+1","floor":19},{"not_picked":["Bane","Deflect","PiercingWail"],"picked":"A Thousand Cuts","floor":20},{"not_picked":["Tactician","Choke","Blade Dance","Poisoned Stab+1"],"picked":"SKIP","floor":28},{"not_picked":["Tactician+1","Quick Slash","Flying Knee","Predator"],"picked":"SKIP","floor":30},{"not_picked":["Storm of Steel","Doppelganger","Glass Knife"],"picked":"Malaise","floor":33},{"not_picked":["Escape Plan+1","Cloak And Dagger","Deadly Poison+1"],"picked":"Backflip","floor":35},{"not_picked":["Sadistic Nature","Enlightenment","Apotheosis"],"picked":"Master of Strategy","floor":36},{"not_picked":["Noxious Fumes","Sucker Punch","Predator"],"picked":"Dodge and Roll+1","floor":38},{"not_picked":["Deadly Poison+1","Sucker Punch+1","Venomology"],"picked":"Acrobatics","floor":40},{"not_picked":["Bane","Acrobatics","Quick Slash"],"picked":"Well Laid Plans","floor":46},{"not_picked":["Reflex","Dagger Spray+1","Distraction","Sucker Punch"],"picked":"SKIP","floor":48}],"player_experience":450528,"relics_obtained":[{"floor":6,"key":"Question Card"},{"floor":8,"key":"Ninja Scroll"},{"floor":9,"key":"Anchor"},{"floor":10,"key":"Lantern"},{"floor":14,"key":"Tiny Chest"},{"floor":26,"key":"Boot"},{"floor":30,"key":"Regal Pillow"},{"floor":37,"key":"Bird Faced Urn"},{"floor":40,"key":"MawBank"},{"floor":43,"key":"Oddly Smooth Stone"},{"floor":45,"key":"Bag of Marbles"}],"event_choices":[{"event_name":"Big Fish","player_choice":"Donut","floor":5,"damage_taken":0},{"event_name":"Scrap Ooze","player_choice":"unsuccessful","floor":13,"damage_taken":11},{"event_name":"Vampires","player_choice":"Ignored","floor":22,"damage_taken":0},{"event_name":"Golden Shrine","player_choice":"Pray","floor":24,"damage_taken":0},{"event_name":"Beggar","player_choice":"Ignored","floor":25,"damage_taken":0},{"event_name":"SensoryStone","player_choice":"Memory 1","floor":36,"damage_taken":0},{"event_name":"Accursed Blacksmith","player_choice":"Ignore","floor":47,"damage_taken":0}],"is_beta":false,"boss_relics":[{"not_picked":["Philosopher\u0027s Stone","Coffee Dripper"],"picked":"Tiny House"},{"not_picked":["Astrolabe","Runic Pyramid"],"picked":"Sozu"}],"items_purged_floors":[21,39,42],"is_endless":false,"potions_floor_spawned":[4,8,12,16,19,20,30,35,38],"ascension_level":15}