{"gold_per_floor":[109,74,124,144,157,157,171,171,171,190,190,76,89,106,106,185,185,195,145,195,214,224,224,224,224],"floor_reached":25,"playtime":948,"items_purged":["Strike_G"],"score":390,"play_id":"0aae83cc-968b-4cc6-8cb0-0ac21e74923d","local_time":"20181007003053","is_ascension_mode":true,"campfire_choices":[{"data":"Terror","floor":6.0,"key":"SMITH"},{"data":"Neutralize","floor":8.0,"key":"SMITH"},{"data":"Dash","floor":11.0,"key":"SMITH"},{"data":"Footwork","floor":15.0,"key":"SMITH"},{"floor":23,"key":"REST"}],"neow_cost":"PERCENT_DAMAGE","seed_source_timestamp":936874673382397,"circlet_count":0,"master_deck":["Defend_G","Defend_G","Defend_G","Defend_G","Defend_G","Strike_G","Strike_G","Strike_G","Strike_G","Survivor","Neutralize+1","AscendersBane","Terror+1","Sucker Punch","Deflect","Dash+1","Dodge and Roll","Footwork+1","Backstab","Backflip","Envenom","Bouncing Flask","Backflip+1","Leg Sweep"],"special_seed":0,"relics":["Ring of the Snake","Du-Vu Doll","Orichalcum","Snecko Eye","Darkstone Periapt"],"potions_floor_usage":[18,22,25],"damage_taken":[{"damage":6.0,"enemies":"2 Louse","floor":1.0,"turns":3.0},{"damage":1.0,"enemies":"Cultist","floor":4.0,"turns":4.0},{"damage":0.0,"enemies":"Small Slimes","floor":5.0,"turns":3.0},{"damage":2.0,"enemies":"Red Slaver","floor":7.0,"turns":5.0},{"damage":8.0,"enemies":"Lots of Slimes","floor":10.0,"turns":5.0},{"damage":7.0,"enemies":"Gremlin Gang","floor":13.0,"turns":5.0},{"damage":0.0,"enemies":"Blue Slaver","floor":14.0,"turns":2.0},{"damage":9.0,"enemies":"The Guardian","floor":16.0,"turns":15.0},{"damage":15,"enemies":"Chosen","floor":18,"turns":7},{"damage":10,"enemies":"3 Byrds","floor":21,"turns":7},{"damage":10,"enemies":"Snake Plant","floor":22,"turns":4},{"damage":48,"enemies":"Slavers","floor":25,"turns":4}],"seed_played":"-2557165561507578395","potions_obtained":[{"floor":5.0,"key":"Energy Potion"},{"floor":10.0,"key":"AttackPotion"},{"floor":13.0,"key":"LiquidBronze"},{"floor":14.0,"key":"Block Potion"},{"floor":16.0,"key":"Ancient Potion"},{"floor":18,"key":"Energy Potion"}],"is_trial":false,"path_per_floor":["M","?","?","M","M","R","M","R","T","M","R","$","M","M","R","B",null,"M","?","?","M","M","R","T"],"character_chosen":"THE_SILENT","items_purchased":["Footwork"],"campfire_rested":1,"item_purchase_floors":[12],"current_hp_per_floor":[38,54,54,53,53,53,51,51,51,43,43,43,36,36,36,27,56,41,41,41,31,21,40,40,0],"gold":224,"neow_bonus":"ONE_RARE_RELIC","is_prod":false,"is_daily":false,"chose_seed":false,"campfire_upgraded":4,"win_rate":0,"timestamp":1538886653,"path_taken":["M","?","?","M","M","R","M","R","T","?","R","$","M","M","R","BOSS","M","?","?","M","M","R","?","E"],"build_version":"2018-10-04","purchased_purges":1,"victory":false,"max_hp_per_floor":[66,66,66,66,66,66,66,66,66,66,66,66,66,66,66,66,66,66,66,66,66,66,66,66,66],"card_choices":[{"not_picked":["Bane","Expertise"],"picked":"Terror","floor":1.0},{"not_picked":["Underhanded Strike","Backflip"],"picked":"Sucker Punch","floor":4.0},{"not_picked":["Underhanded Strike","Acrobatics"],"picked":"Deflect","floor":5.0},{"not_picked":["Flechettes","Dagger Spray"],"picked":"Dash","floor":7.0},{"not_picked":["Cloak And Dagger","Burst"],"picked":"Dodge and Roll","floor":10.0},{"not_picked":["Blade Dance","Deflect"],"picked":"Backstab","floor":13.0},{"not_picked":["Terror","Poisoned Stab"],"picked":"Backflip","floor":14.0},{"not_picked":["Phantasmal Killer","Bullet Time"],"picked":"Envenom","floor":16.0},{"not_picked":["Flying Knee","Sucker Punch"],"picked":"Bouncing Flask","floor":18},{"not_picked":["Deflect","Blur"],"picked":"Backflip+1","floor":21},{"not_picked":["Noxious Fumes","Finisher"],"picked":"Leg Sweep","floor":22}],"player_experience":671731,"relics_obtained":[{"floor":9.0,"key":"Orichalcum"},{"floor":24,"key":"Darkstone Periapt"}],"event_choices":[{"event_name":"The Cleric","player_choice":"Healed","floor":2.0,"damage_taken":0.0},{"event_name":"Golden Shrine","player_choice":"Pray","floor":3.0,"damage_taken":0.0},{"event_name":"The Joust","player_choice":"Bet on Murderer","floor":19,"damage_taken":0},{"event_name":"Golden Shrine","player_choice":"Pray","floor":20,"damage_taken":0}],"is_beta":true,"boss_relics":[{"not_picked":["Cursed Key","Fusion Hammer"],"picked":"Snecko Eye"}],"items_purged_floors":[12],"is_endless":false,"potions_floor_spawned":[5,10,13,14,16,18,21],"killed_by":"Slavers","ascension_level":20}