{"gold_per_floor":[110,110,130,144,160,160,188,188,235,235,252,270,270,270,270,398,398,398,353,3,3,3,3,3,3,3,3,3,3,3,3,3,3,3,3,3,3,3,3,3,3,3,3,3,3,3,3,3,3,3],"floor_reached":51,"playtime":1417,"items_purged":["Strike_R"],"score":924,"play_id":"5c9ce3b1-927c-4af1-a079-87140fb04ca0","local_time":"20190419151543","is_ascension_mode":false,"campfire_choices":[{"data":"Feed","floor":6.0,"key":"SMITH"},{"data":"Shockwave","floor":8.0,"key":"SMITH"},{"data":"Bash","floor":10.0,"key":"SMITH"},{"data":"Spot Weakness","floor":15.0,"key":"SMITH"},{"data":"Offering","floor":23,"key":"SMITH"},{"data":"Thunderclap","floor":25,"key":"SMITH"},{"data":"Limit Break","floor":32,"key":"SMITH"},{"data":"Heavy Blade","floor":41,"key":"SMITH"},{"floor":47,"key":"REST"},{"data":"Battle Trance","floor":49,"key":"SMITH"}],"neow_cost":"NONE","seed_source_timestamp":0,"circlet_count":0,"master_deck":["Strike_R","Defend_R+1","Defend_R","Defend_R+1","Defend_R","Bash+1","Shockwave+1","Headbutt","Spot Weakness+1","Feed+1","Metallicize+1","Offering+1","Inflame+1","Thunderclap+1","Twin Strike+1","Limit Break+1","Battle Trance+1","Heavy Blade+1","Offering","Inflame+1","Twin Strike+1"],"special_seed":0,"relics":["Burning Blood","NeowsBlessing","Frozen Egg 2","Vajra","Golden Idol","Art of War","Ectoplasm","Juzu Bracelet","War Paint","Sundial","Centennial Puzzle","Magic Flower","Busted Crown","Red Skull","PreservedInsect","Ancient Tea Set","Happy Flower"],"potions_floor_usage":[24,24,24,24,33,37,40,44,44,46,50],"damage_taken":[{"damage":0.0,"enemies":"Small Slimes","floor":1.0,"turns":1.0},{"damage":0.0,"enemies":"Cultist","floor":3.0,"turns":1.0},{"damage":0.0,"enemies":"2 Louse","floor":4.0,"turns":1.0},{"damage":4.0,"enemies":"Blue Slaver","floor":5.0,"turns":4.0},{"damage":11.0,"enemies":"Lagavulin","floor":7.0,"turns":5.0},{"damage":13.0,"enemies":"Large Slime","floor":11.0,"turns":7.0},{"damage":15.0,"enemies":"Looter","floor":12.0,"turns":3.0},{"damage":17.0,"enemies":"Hexaghost","floor":16.0,"turns":9.0},{"damage":10.0,"enemies":"Shell Parasite","floor":18.0,"turns":5.0},{"damage":21.0,"enemies":"2 Thieves","floor":19.0,"turns":3.0},{"damage":16,"enemies":"Cultist and Chosen","floor":21,"turns":7},{"damage":9,"enemies":"Slavers","floor":24,"turns":4},{"damage":16,"enemies":"Gremlin Leader","floor":27,"turns":5},{"damage":6,"enemies":"Snecko","floor":28,"turns":4},{"damage":6,"enemies":"Snake Plant","floor":30,"turns":3},{"damage":6,"enemies":"Book of Stabbing","floor":31,"turns":3},{"damage":24,"enemies":"Collector","floor":33,"turns":5},{"damage":13,"enemies":"Orb Walker","floor":35,"turns":3},{"damage":12,"enemies":"3 Shapes","floor":37,"turns":3},{"damage":18,"enemies":"Writhing Mass","floor":39,"turns":2},{"damage":30,"enemies":"Reptomancer","floor":40,"turns":4},{"damage":12,"enemies":"Giant Head","floor":42,"turns":3},{"damage":30,"enemies":"Nemesis","floor":44,"turns":3},{"damage":16,"enemies":"Spire Growth","floor":45,"turns":2},{"damage":15,"enemies":"4 Shapes","floor":46,"turns":4},{"damage":14,"enemies":"Writhing Mass","floor":48,"turns":3},{"damage":38,"enemies":"Donu and Deca","floor":50,"turns":4}],"seed_played":"2147217870330777626","potions_obtained":[{"floor":1.0,"key":"Regen Potion"},{"floor":3.0,"key":"SteroidPotion"},{"floor":5.0,"key":"PowerPotion"},{"floor":16.0,"key":"Strength Potion"},{"floor":18.0,"key":"EntropicBrew"},{"floor":24,"key":"FearPotion"},{"floor":31,"key":"AttackPotion"},{"floor":35,"key":"SkillPotion"},{"floor":37,"key":"Swift Potion"},{"floor":42,"key":"Swift Potion"},{"floor":45,"key":"Block Potion"},{"floor":48,"key":"Weak Potion"}],"is_trial":false,"path_per_floor":["M","?","M","M","M","R","E","R","T","R","M","M","?","?","R","B",null,"M","M","$","M","?","R","E","R","T","E","M","?","M","E","R","B",null,"M","?","M","$","M","E","R","E","T","E","M","M","R","M","R","B",null],"character_chosen":"IRONCLAD","items_purchased":["Inflame+1","Thunderclap","Juzu Bracelet"],"campfire_rested":1,"item_purchase_floors":[20,20,20],"current_hp_per_floor":[80,80,80,80,80,80,79,79,79,79,76,71,48,45,45,38,96,96,85,85,79,79,79,92,92,92,86,90,90,94,98,98,89,132,134,136,139,139,136,121,121,124,124,103,102,102,150,151,151,128],"gold":3,"neow_bonus":"THREE_ENEMY_KILL","is_prod":false,"is_daily":false,"chose_seed":false,"campfire_upgraded":9,"win_rate":0,"timestamp":1555708543,"path_taken":["M","?","M","M","?","R","E","R","T","R","M","M","?","?","R","BOSS","M","M","$","M","?","R","E","R","T","E","M","?","M","E","R","BOSS","M","?","M","?","M","E","R","E","T","E","M","M","R","M","R","BOSS"],"build_version":"2019-01-23","purchased_purges":1,"victory":true,"max_hp_per_floor":[80,80,80,80,80,80,84,84,84,84,88,92,92,92,92,96,96,100,104,104,108,108,108,112,112,112,116,120,120,124,128,128,132,132,136,136,140,140,144,148,148,152,152,152,156,160,160,164,164,168],"card_choices":[{"not_picked":["Rupture","Rampage"],"picked":"Shockwave","floor":1.0},{"not_picked":["Seeing Red","Thunderclap"],"picked":"Headbutt","floor":3.0},{"not_picked":["Sentinel","Armaments"],"picked":"Spot Weakness","floor":4.0},{"not_picked":["Warcry","Headbutt"],"picked":"Feed","floor":5.0},{"not_picked":["Sword Boomerang","Wild Strike","Armaments"],"picked":"SKIP","floor":7.0},{"not_picked":["Thunderclap","Clothesline"],"picked":"Metallicize+1","floor":11.0},{"not_picked":["Body Slam","Impervious","Perfected Strike"],"picked":"SKIP","floor":12.0},{"not_picked":["Brutality+1","Dark Embrace+1"],"picked":"Offering","floor":16.0},{"not_picked":["Perfected Strike","Entrench","Warcry"],"picked":"SKIP","floor":18.0},{"not_picked":["Havoc+1","Clash","Ghostly Armor"],"picked":"SKIP","floor":19.0},{"not_picked":["Seeing Red","Battle Trance"],"picked":"Twin Strike+1","floor":21},{"not_picked":["True Grit","Shrug It Off","Headbutt+1"],"picked":"SKIP","floor":24},{"not_picked":["Thunderclap","Reckless Charge","Spot Weakness"],"picked":"SKIP","floor":27},{"not_picked":["Thunderclap","Havoc","Anger"],"picked":"SKIP","floor":28},{"not_picked":["Armaments","Feel No Pain+1","Fire Breathing+1"],"picked":"SKIP","floor":30},{"not_picked":["Combust+1","Havoc"],"picked":"Heavy Blade","floor":31},{"not_picked":["Impervious","Reaper"],"picked":"Offering","floor":33},{"not_picked":["Pommel Strike"],"picked":"SKIP","floor":35},{"not_picked":["Perfected Strike+1"],"picked":"SKIP","floor":37},{"not_picked":["Clash"],"picked":"SKIP","floor":39},{"not_picked":[],"picked":"Inflame+1","floor":40},{"not_picked":["Rage"],"picked":"SKIP","floor":42},{"not_picked":["Armaments+1"],"picked":"SKIP","floor":44},{"not_picked":["Cleave"],"picked":"SKIP","floor":45},{"not_picked":["Fire Breathing+1"],"picked":"SKIP","floor":46},{"not_picked":[],"picked":"Twin Strike+1","floor":48}],"player_experience":1251610,"relics_obtained":[{"floor":7.0,"key":"Frozen Egg 2"},{"floor":9.0,"key":"Vajra"},{"floor":24,"key":"War Paint"},{"floor":26,"key":"Sundial"},{"floor":27,"key":"Centennial Puzzle"},{"floor":31,"key":"Magic Flower"},{"floor":40,"key":"Red Skull"},{"floor":42,"key":"PreservedInsect"},{"floor":43,"key":"Ancient Tea Set"},{"floor":44,"key":"Happy Flower"}],"event_choices":[{"cards_removed":["Strike_R"],"damage_healed":0.0,"max_hp_gain":0.0,"max_hp_loss":0.0,"gold_gain":0.0,"event_name":"Bonfire Elementals","player_choice":"Offered Basic","floor":2.0,"gold_loss":0.0,"damage_taken":0.0},{"damage_healed":0.0,"max_hp_gain":0.0,"max_hp_loss":0.0,"gold_gain":0.0,"event_name":"Golden Idol","player_choice":"Take Damage","floor":13.0,"gold_loss":0.0,"damage_taken":23.0,"relics_obtained":["Golden Idol"]},{"damage_healed":0.0,"max_hp_gain":0.0,"max_hp_loss":0.0,"gold_gain":0.0,"event_name":"Scrap Ooze","player_choice":"Success","floor":14.0,"gold_loss":0.0,"damage_taken":3.0,"relics_obtained":["Art of War"]},{"damage_healed":0,"gold_gain":0,"cards_transformed":["Strike_R","Strike_R"],"player_choice":"Became Test Subject","damage_taken":0,"max_hp_gain":0,"max_hp_loss":0,"event_name":"Drug Dealer","floor":29,"gold_loss":0,"cards_obtained":["Limit Break","Battle Trance"]},{"damage_healed":2,"gold_gain":0,"player_choice":"Full Heal","damage_taken":0,"max_hp_gain":0,"max_hp_loss":0,"event_name":"Wheel of Change","floor":36,"gold_loss":0}],"is_beta":false,"boss_relics":[{"not_picked":["Snecko Eye","Astrolabe"],"picked":"Ectoplasm"},{"not_picked":["Mark of Pain","Coffee Dripper"],"picked":"Busted Crown"}],"items_purged_floors":[20],"is_endless":false,"potions_floor_spawned":[1,3,5,16,18,24,31,35,37,42,45,48],"ascension_level":0}