{"gold_per_floor":[118,43,61,61,236,236,236,236,236,236,249,308,323,348,348,348],"floor_reached":16,"playtime":587,"items_purged":["Strike_R"],"score":98,"play_id":"07298ac8-d4ce-4db9-9e07-9c3d4da92f05","local_time":"20190416225932","is_ascension_mode":false,"campfire_choices":[{"data":"Bash","floor":6,"key":"SMITH"},{"data":"Infernal Blade","floor":8,"key":"SMITH"},{"data":"Defend_R","floor":10,"key":"SMITH"},{"floor":15,"key":"REST"}],"neow_cost":"TEN_PERCENT_HP_LOSS","seed_source_timestamp":34793806929167,"circlet_count":0,"master_deck":["Strike_R","Strike_R","Strike_R","Defend_R","Defend_R","Defend_R+1","Bash+1","Infernal Blade+1","Flex","Infernal Blade","Heavy Blade"],"relics":["Burning Blood","Kunai","Boot","Calipers"],"potions_floor_usage":[],"damage_taken":[{"damage":10,"enemies":"Jaw Worm","floor":1,"turns":4},{"damage":0,"enemies":"Small Slimes","floor":3,"turns":3},{"damage":0,"enemies":"2 Louse","floor":11,"turns":2},{"damage":45,"enemies":"3 Sentries","floor":12,"turns":12},{"damage":0,"enemies":"Large Slime","floor":13,"turns":2},{"damage":19,"enemies":"3 Sentries","floor":14,"turns":10},{"damage":51,"enemies":"Slime Boss","floor":16,"turns":7}],"seed_played":"1947575914498771930","potions_obtained":[{"floor":3,"key":"FearPotion"},{"floor":14,"key":"SteroidPotion"}],"is_trial":false,"path_per_floor":["M","$","M","$","?","R","?","R","T","R","M","?","M","E","R","B"],"character_chosen":"IRONCLAD","items_purchased":[],"campfire_rested":1,"item_purchase_floors":[],"current_hp_per_floor":[68,68,72,72,72,72,65,65,65,65,71,32,38,25,46,0],"gold":348,"neow_bonus":"REMOVE_TWO","is_prod":false,"is_daily":false,"chose_seed":false,"campfire_upgraded":3,"win_rate":0,"timestamp":1555477172,"path_taken":["M","$","M","$","?","R","?","R","T","R","M","?","M","E","R","BOSS"],"build_version":"2019-01-23","purchased_purges":1,"victory":false,"max_hp_per_floor":[72,72,72,72,72,72,72,72,72,72,72,72,72,72,72,72],"card_choices":[{"not_picked":["Shrug It Off","Havoc","Body Slam"],"picked":"SKIP","floor":1},{"not_picked":["Dual Wield","Wild Strike"],"picked":"Infernal Blade","floor":3},{"not_picked":["Armaments","Warcry"],"picked":"Flex","floor":11},{"not_picked":["Burning Pact","Dark Embrace"],"picked":"Infernal Blade","floor":12},{"not_picked":["Wild Strike","Second Wind"],"picked":"Heavy Blade","floor":13},{"not_picked":["Combust","Berserk","Wild Strike"],"picked":"SKIP","floor":14}],"player_experience":1236023,"relics_obtained":[{"floor":9,"key":"Kunai"},{"floor":14,"key":"Calipers"}],"event_choices":[{"damage_healed":0,"gold_gain":175,"player_choice":"AGREE","damage_taken":0,"max_hp_gain":0,"max_hp_loss":0,"event_name":"Liars Game","floor":5,"gold_loss":0,"cards_obtained":["Doubt"]},{"cards_removed":["Doubt"],"damage_healed":0,"gold_gain":0,"player_choice":"Card Removal","damage_taken":7,"max_hp_gain":0,"max_hp_loss":0,"event_name":"Golden Wing","floor":7,"gold_loss":0},{"damage_healed":0,"gold_gain":30,"player_choice":"Searched \u00273\u0027 times","damage_taken":0,"relics_obtained":["Boot"],"max_hp_gain":0,"max_hp_loss":0,"event_name":"Dead Adventurer","floor":12,"gold_loss":0}],"is_beta":false,"boss_relics":[],"items_purged_floors":[2],"is_endless":false,"potions_floor_spawned":[3,14],"killed_by":"Slime Boss","ascension_level":0}