{"gold_per_floor":[114,114,124,136,61,61,92,104,130,130,145,145,163,180,180,257,257,273,291,311,322,322,322,356,367,448,448,464,464,3,0,0,79,79,93,0,12,31,331,331,342,342,342,342,370,390,350,350,350,350,350],"floor_reached":51,"playtime":2405,"items_purged":["Strike_G","Injury"],"score":1377,"play_id":"ffee5202-5107-4a09-92a4-fc0e16a036e3","local_time":"20181011002408","is_ascension_mode":true,"campfire_choices":[{"data":"Noxious Fumes","floor":6.0,"key":"SMITH"},{"floor":10.0,"key":"REST"},{"data":"Leg Sweep","floor":15.0,"key":"SMITH"},{"data":"Glass Knife","floor":23.0,"key":"SMITH"},{"floor":27.0,"key":"REST"},{"data":"Catalyst","floor":29.0,"key":"SMITH"},{"data":"Noxious Fumes","floor":32.0,"key":"SMITH"},{"data":"Well Laid Plans","floor":40.0,"key":"SMITH"},{"data":"Night Terror","floor":42.0,"key":"SMITH"},{"data":"Dash","floor":44.0,"key":"SMITH"},{"floor":49.0,"key":"REST"}],"neow_cost":"NONE","seed_source_timestamp":0,"circlet_count":0,"master_deck":["Defend_G","Defend_G","Defend_G","Defend_G","Defend_G","Strike_G","Strike_G","Strike_G","Strike_G","Survivor+1","Neutralize+1","AscendersBane","Poisoned Stab","Noxious Fumes+1","Crippling Poison+1","PiercingWail","Backflip","Dagger Spray","Leg Sweep+1","Glass Knife+1","Well Laid Plans+1","Catalyst+1","Backflip","Noxious Fumes+1","Dash+1","Night Terror+1","Dodge and Roll+1","PiercingWail","Backflip","Madness","Madness"],"special_seed":0,"relics":["Ring of the Snake","Anchor","War Paint","Mango","Cursed Key","PreservedInsect","Mummified Hand","ClockworkSouvenir","Eternal Feather","Red Mask","Frozen Egg 2"],"potions_floor_usage":[],"damage_taken":[{"damage":1.0,"enemies":"Jaw Worm","floor":1.0,"turns":4.0},{"damage":2.0,"enemies":"2 Louse","floor":3.0,"turns":3.0},{"damage":1.0,"enemies":"Cultist","floor":4.0,"turns":4.0},{"damage":23.0,"enemies":"Gremlin Nob","floor":7.0,"turns":5.0},{"damage":5.0,"enemies":"Exordium Thugs","floor":8.0,"turns":5.0},{"damage":0.0,"enemies":"Lots of Slimes","floor":11.0,"turns":2.0},{"damage":3.0,"enemies":"Large Slime","floor":13.0,"turns":5.0},{"damage":4.0,"enemies":"Looter","floor":14.0,"turns":3.0},{"damage":6.0,"enemies":"Hexaghost","floor":16.0,"turns":12.0},{"damage":8.0,"enemies":"Spheric Guardian","floor":18.0,"turns":5.0},{"damage":0.0,"enemies":"Chosen","floor":19.0,"turns":5.0},{"damage":3.0,"enemies":"3 Cultists","floor":20.0,"turns":4.0},{"damage":4.0,"enemies":"Centurion and Healer","floor":21.0,"turns":7.0},{"damage":5.0,"enemies":"Colosseum Slavers","floor":22.0,"turns":3.0},{"damage":26.0,"enemies":"Book of Stabbing","floor":24.0,"turns":6.0},{"damage":2.0,"enemies":"Snecko","floor":25.0,"turns":5.0},{"damage":0.0,"enemies":"3 Cultists","floor":28.0,"turns":4.0},{"damage":9.0,"enemies":"Champ","floor":33.0,"turns":9.0},{"damage":0.0,"enemies":"3 Shapes","floor":35.0,"turns":5.0},{"damage":40.0,"enemies":"3 Darklings","floor":37.0,"turns":5.0},{"damage":8.0,"enemies":"Sphere and 2 Shapes","floor":38.0,"turns":6.0},{"damage":0.0,"enemies":"Spire Growth","floor":41.0,"turns":7.0},{"damage":15.0,"enemies":"Nemesis","floor":45.0,"turns":9.0},{"damage":0.0,"enemies":"3 Darklings","floor":46.0,"turns":4.0},{"damage":62.0,"enemies":"Donu and Deca","floor":50.0,"turns":10.0},{"damage":0,"enemies":"Awakened One","floor":51,"turns":1}],"seed_played":"7314059976595190763","potions_obtained":[{"floor":3.0,"key":"Block Potion"},{"floor":4.0,"key":"Explosive Potion"},{"floor":7.0,"key":"Ancient Potion"},{"floor":11.0,"key":"Ancient Potion"},{"floor":19.0,"key":"Ancient Potion"},{"floor":20.0,"key":"SteroidPotion"},{"floor":25.0,"key":"Ancient Potion"},{"floor":35.0,"key":"Fruit Juice"},{"floor":45.0,"key":"SneckoOil"},{"floor":46.0,"key":"Fruit Juice"},{"floor":47.0,"key":"EntropicBrew"},{"floor":47.0,"key":"Poison Potion"}],"is_trial":false,"path_per_floor":["M","?","M","M","$","R","E","M","T","R","M","T","M","M","R","B",null,"M","M","M","M","?","R","E","M","T","R","M","R","$","?","R","B",null,"M","?","M","M","?","R","M","R","T","R","E","M","?","?","R","B"],"character_chosen":"THE_SILENT","items_purchased":["ClockworkSouvenir","Noxious Fumes","Dash"],"campfire_rested":3,"item_purchase_floors":[30,30,30],"current_hp_per_floor":[58,58,56,55,55,55,32,27,27,46,46,60,57,53,53,47,72,64,64,61,57,52,52,26,24,24,48,48,48,48,48,48,39,70,75,75,35,27,27,42,42,57,57,72,57,62,62,46,90,28,28],"gold":350,"neow_bonus":"UPGRADE_CARD","is_prod":false,"is_daily":false,"chose_seed":false,"campfire_upgraded":8,"win_rate":0,"timestamp":1539231848,"path_taken":["M","?","M","?","$","R","E","M","T","R","M","?","M","M","R","BOSS","M","M","?","M","?","R","E","M","T","R","M","R","$","?","R","BOSS","M","?","M","M","?","R","M","R","T","R","E","M","?","?","R","BOSS","BOSS"],"build_version":"2018-10-10","purchased_purges":2,"victory":false,"max_hp_per_floor":[66,66,66,66,66,66,66,66,66,66,66,80,80,80,80,80,80,80,80,80,80,80,80,80,80,80,80,80,80,80,80,80,80,80,85,85,85,85,85,85,85,85,85,85,85,90,90,90,90,90,90],"card_choices":[{"not_picked":["Accuracy","PiercingWail"],"picked":"Poisoned Stab","floor":1.0},{"not_picked":["Blade Dance","Bane"],"picked":"Noxious Fumes","floor":3.0},{"not_picked":["Blade Dance","Well Laid Plans"],"picked":"Crippling Poison","floor":4.0},{"not_picked":["Dagger Throw","Deflect"],"picked":"PiercingWail","floor":7.0},{"not_picked":["Reflex","Choke"],"picked":"Backflip","floor":8.0},{"not_picked":["Night Terror","Predator"],"picked":"Dagger Spray","floor":11.0},{"not_picked":["Dagger Spray","Cloak And Dagger","Finisher"],"picked":"SKIP","floor":13.0},{"not_picked":["Underhanded Strike","Cloak And Dagger"],"picked":"Leg Sweep","floor":14.0},{"not_picked":["Die Die Die","Unload"],"picked":"Glass Knife","floor":16.0},{"not_picked":["Setup","Prepared","Escape Plan+1"],"picked":"SKIP","floor":18.0},{"not_picked":["Outmaneuver","Underhanded Strike","PiercingWail"],"picked":"SKIP","floor":19.0},{"not_picked":["Masterful Stab+1","Acrobatics","Calculated Gamble"],"picked":"SKIP","floor":20.0},{"not_picked":["Underhanded Strike","A Thousand Cuts"],"picked":"Well Laid Plans","floor":21.0},{"not_picked":["Concentrate","Dagger Throw"],"picked":"Catalyst","floor":24.0},{"not_picked":["Heel Hook","Skewer"],"picked":"Backflip","floor":25.0},{"not_picked":["Bane","Dagger Spray","Outmaneuver"],"picked":"SKIP","floor":28.0},{"not_picked":["Envenom","Grand Finale"],"picked":"Night Terror","floor":33.0},{"not_picked":["Outmaneuver","Masterful Stab"],"picked":"Dodge and Roll+1","floor":35.0},{"not_picked":["Blade Dance","Outmaneuver+1","Poisoned Stab"],"picked":"SKIP","floor":37.0},{"not_picked":["Noxious Fumes+1","Sucker Punch+1","Dodge and Roll"],"picked":"SKIP","floor":38.0},{"not_picked":["Cloak And Dagger","Blade Dance","Setup"],"picked":"SKIP","floor":41.0},{"not_picked":["Heel Hook","Escape Plan"],"picked":"PiercingWail","floor":45.0},{"not_picked":["Outmaneuver+1","Eviscerate"],"picked":"Backflip","floor":46.0}],"player_experience":681732,"relics_obtained":[{"floor":7.0,"key":"Anchor"},{"floor":9.0,"key":"War Paint"},{"floor":12.0,"key":"Mango"},{"floor":24.0,"key":"PreservedInsect"},{"floor":26.0,"key":"Mummified Hand"},{"floor":45.0,"key":"Frozen Egg 2"}],"event_choices":[{"event_name":"The Cleric","player_choice":"Leave","floor":2.0,"damage_taken":0.0},{"event_name":"Colosseum","player_choice":"Fight","floor":22.0,"damage_taken":0.0},{"event_name":"Colosseum","player_choice":"Fled From Nobs","floor":22.0,"damage_taken":0.0},{"event_name":"Masked Bandits","player_choice":"Paid Fearfully","floor":31.0,"damage_taken":0.0},{"event_name":"Tomb of Lord Red Mask","player_choice":"Paid","floor":36.0,"damage_taken":0.0},{"event_name":"Wheel of Change","player_choice":"Gold","floor":39.0,"damage_taken":0.0},{"event_name":"The Woman in Blue","player_choice":"Bought 3 Potions","floor":47.0,"damage_taken":0.0},{"event_name":"Winding Halls","player_choice":"Embrace Madness","floor":48.0,"damage_taken":0.0}],"is_beta":true,"boss_relics":[{"not_picked":["Philosopher\u0027s Stone","Busted Crown"],"picked":"Cursed Key"},{"not_picked":["HoveringKite","Tiny House"],"picked":"Eternal Feather"}],"items_purged_floors":[5,30],"is_endless":false,"potions_floor_spawned":[3,4,7,11,19,20,21,25,35,45,46],"killed_by":"Awakened One","ascension_level":20}