{"gold_per_floor":[119,119,119,137,13,13,43,55,55,55,55,68,79,29,29,127,127,139,139,153,166,166,91,102,102,102,102,202,202,213,225,225,328,328,341,358,358,358,458,458,458,458,511,386,386,403,421,431,431,431],"floor_reached":51,"playtime":718,"items_purged":["Strike_B+1"],"score":747,"play_id":"47414522-ed2b-4687-983c-925fbdf4287b","local_time":"20190417124328","is_ascension_mode":false,"campfire_choices":[{"data":"Zap","floor":6,"key":"SMITH"},{"data":"Defragment","floor":10,"key":"SMITH"},{"data":"Ball Lightning","floor":15,"key":"SMITH"},{"data":"Ball Lightning","floor":25,"key":"SMITH"},{"data":"Leap","floor":27,"key":"SMITH"},{"data":"Conserve Battery","floor":29,"key":"SMITH"},{"data":"Defragment","floor":32,"key":"SMITH"},{"data":"Defragment","floor":40,"key":"SMITH"},{"data":"Electrodynamics","floor":42,"key":"SMITH"},{"data":"Ball Lightning","floor":45,"key":"SMITH"},{"floor":49,"key":"REST"}],"neow_cost":"NONE","seed_source_timestamp":4105483289668,"circlet_count":0,"master_deck":["Defend_B+1","Defend_B+1","Defend_B+1","Zap+1","Dualcast+1","Leap+1","Ball Lightning+1","Defragment+1","Ball Lightning+1","Conserve Battery+1","Ball Lightning+1","Tempest+1","Defragment+1","Defragment+1","Defragment+1","Electrodynamics+1"],"relics":["Cracked Core","NeowsBlessing","Centennial Puzzle","Singing Bowl","Velvet Choker","Blood Vial","Busted Crown","Du-Vu Doll","Bronze Scales"],"potions_floor_usage":[16,16,31,33,50,50,50],"damage_taken":[{"damage":0,"enemies":"Cultist","floor":1,"turns":1},{"damage":0,"enemies":"2 Louse","floor":4,"turns":1},{"damage":0,"enemies":"Lagavulin","floor":7,"turns":1},{"damage":5,"enemies":"Small Slimes","floor":8,"turns":2},{"damage":0,"enemies":"Blue Slaver","floor":12,"turns":2},{"damage":1,"enemies":"Looter","floor":13,"turns":2},{"damage":23,"enemies":"Hexaghost","floor":16,"turns":6},{"damage":0,"enemies":"Spheric Guardian","floor":18,"turns":2},{"damage":4,"enemies":"Shell Parasite","floor":20,"turns":2},{"damage":14,"enemies":"Centurion and Healer","floor":21,"turns":3},{"damage":15,"enemies":"Snecko","floor":24,"turns":4},{"damage":0,"enemies":"Snake Plant","floor":30,"turns":2},{"damage":2,"enemies":"3 Cultists","floor":31,"turns":4},{"damage":51,"enemies":"Automaton","floor":33,"turns":7},{"damage":0,"enemies":"3 Darklings","floor":35,"turns":2},{"damage":0,"enemies":"3 Shapes","floor":36,"turns":2},{"damage":7,"enemies":"Mind Bloom Boss Battle","floor":39,"turns":4},{"damage":16,"enemies":"Spire Growth","floor":46,"turns":2},{"damage":0,"enemies":"Transient","floor":47,"turns":5},{"damage":3,"enemies":"3 Darklings","floor":48,"turns":2},{"damage":42,"enemies":"Donu and Deca","floor":50,"turns":4}],"seed_played":"-501272012048990338","potions_obtained":[{"floor":1,"key":"Strength Potion"},{"floor":8,"key":"Poison Potion"},{"floor":12,"key":"EssenceOfSteel"},{"floor":21,"key":"Energy Potion"},{"floor":31,"key":"GamblersBrew"},{"floor":36,"key":"FocusPotion"}],"is_trial":false,"path_per_floor":["M","?","?","M","$","R","E","M","T","R","?","M","M","?","R","B",null,"M","?","M","M","?","?","M","R","T","R","?","R","M","M","R","B",null,"M","M","?","?","?","R","?","R","T","$","R","M","M","M","R","B",null],"character_chosen":"DEFECT","items_purchased":["Defragment","Ball Lightning","Energy Potion"],"campfire_rested":1,"item_purchase_floors":[5,5,44],"current_hp_per_floor":[75,60,53,53,53,53,53,48,48,48,48,50,49,49,49,28,79,79,79,77,65,65,65,52,52,52,52,52,52,54,54,54,5,85,87,89,85,85,80,80,80,80,80,80,80,68,72,73,93,51],"gold":431,"neow_bonus":"THREE_ENEMY_KILL","is_prod":false,"is_daily":false,"chose_seed":false,"campfire_upgraded":10,"win_rate":0,"timestamp":1555526608,"path_taken":["M","?","?","M","$","R","E","M","T","R","?","M","?","?","R","BOSS","M","?","M","?","?","?","M","R","T","R","?","R","M","M","R","BOSS","M","?","?","?","?","R","?","R","T","?","R","M","M","M","R","BOSS"],"build_version":"2019-01-23","purchased_purges":1,"victory":true,"max_hp_per_floor":[75,75,75,75,75,75,75,75,75,75,75,77,77,77,77,79,79,79,79,81,83,83,83,85,85,85,85,85,85,85,85,85,85,85,87,89,85,85,87,87,87,87,87,87,87,89,91,93,93,93],"card_choices":[{"not_picked":["Streamline","Sweeping Beam"],"picked":"Leap","floor":1},{"not_picked":["Redo","Leap"],"picked":"Ball Lightning","floor":4},{"not_picked":["Stack","Double Energy","Streamline"],"picked":"SKIP","floor":7},{"not_picked":["Undo","Leap"],"picked":"Conserve Battery","floor":8},{"not_picked":["Blizzard","Hologram","Compile Driver"],"picked":"Singing Bowl","floor":12},{"not_picked":["Fission","Genetic Algorithm"],"picked":"Ball Lightning","floor":13},{"not_picked":["Multi-Cast","Seek","Buffer"],"picked":"Singing Bowl","floor":16},{"not_picked":["Undo","Conserve Battery"],"picked":"Tempest+1","floor":18},{"not_picked":["Storm+1","Redo","Rebound"],"picked":"Singing Bowl","floor":20},{"not_picked":["White Noise","Turbo","Steam"],"picked":"Singing Bowl","floor":21},{"not_picked":["Compile Driver+1","Lockon","Hologram"],"picked":"Singing Bowl","floor":24},{"not_picked":["FTL","Storm"],"picked":"Defragment","floor":30},{"not_picked":["Compile Driver","Undo"],"picked":"Defragment","floor":31},{"not_picked":["Buffer","Hyperbeam"],"picked":"Electrodynamics","floor":33},{"not_picked":["Cold Snap"],"picked":"Singing Bowl","floor":35},{"not_picked":["Leap"],"picked":"Singing Bowl","floor":36},{"not_picked":["Hologram+1"],"picked":"Singing Bowl","floor":39},{"not_picked":["Go for the Eyes+1"],"picked":"Singing Bowl","floor":46},{"not_picked":["Consume"],"picked":"Singing Bowl","floor":47},{"not_picked":["Multi-Cast"],"picked":"Singing Bowl","floor":48}],"player_experience":1241439,"relics_obtained":[{"floor":7,"key":"Centennial Puzzle"},{"floor":9,"key":"Singing Bowl"},{"floor":26,"key":"Blood Vial"},{"floor":39,"key":"Du-Vu Doll"},{"floor":43,"key":"Bronze Scales"}],"event_choices":[{"damage_healed":0,"gold_gain":0,"player_choice":"Entered Light","damage_taken":15,"max_hp_gain":0,"max_hp_loss":0,"event_name":"Shining Light","floor":2,"gold_loss":0,"cards_upgraded":["Dualcast","Defend_B"]},{"cards_removed":["Strike_B"],"damage_healed":0,"gold_gain":0,"player_choice":"Card Removal","damage_taken":7,"max_hp_gain":0,"max_hp_loss":0,"event_name":"Golden Wing","floor":3,"gold_loss":0},{"damage_healed":0,"gold_gain":0,"player_choice":"Ignored","damage_taken":0,"max_hp_gain":0,"max_hp_loss":0,"event_name":"NoteForYourself","floor":11,"gold_loss":0},{"cards_removed":["Strike_B"],"damage_healed":0,"gold_gain":0,"player_choice":"Card Removal","damage_taken":0,"max_hp_gain":0,"max_hp_loss":0,"event_name":"The Cleric","floor":14,"gold_loss":50},{"damage_healed":0,"gold_gain":0,"player_choice":"Copied","damage_taken":0,"max_hp_gain":0,"max_hp_loss":0,"event_name":"Duplicator","floor":19,"gold_loss":0,"cards_obtained":["Defragment"]},{"damage_healed":0,"gold_gain":0,"player_choice":"Simplicity","damage_taken":0,"max_hp_gain":0,"max_hp_loss":0,"event_name":"Back to Basics","floor":22,"gold_loss":0,"cards_upgraded":["Strike_B","Strike_B","Defend_B","Defend_B","Defend_B"]},{"cards_removed":["Strike_B"],"damage_healed":0,"gold_gain":0,"player_choice":"Gave Gold","damage_taken":0,"max_hp_gain":0,"max_hp_loss":0,"event_name":"Beggar","floor":23,"gold_loss":75},{"damage_healed":0,"gold_gain":100,"player_choice":"Pray","damage_taken":0,"max_hp_gain":0,"max_hp_loss":0,"event_name":"Golden Shrine","floor":28,"gold_loss":0},{"damage_healed":0,"gold_gain":0,"player_choice":"Max HP","damage_taken":0,"max_hp_gain":0,"max_hp_loss":4,"event_name":"Winding Halls","floor":37,"gold_loss":0},{"cards_removed":["Defend_B"],"damage_healed":0,"gold_gain":0,"player_choice":"Removed Skill","damage_taken":0,"max_hp_gain":0,"max_hp_loss":0,"event_name":"Falling","floor":38,"gold_loss":0},{"damage_healed":0,"gold_gain":0,"player_choice":"Fight","damage_taken":0,"max_hp_gain":0,"max_hp_loss":0,"event_name":"MindBloom","floor":39,"gold_loss":0},{"damage_healed":0,"gold_gain":0,"player_choice":"Ignored","damage_taken":0,"max_hp_gain":0,"max_hp_loss":0,"event_name":"Mysterious Sphere","floor":41,"gold_loss":0}],"is_beta":false,"boss_relics":[{"not_picked":["Pandora\u0027s Box","Empty Cage"],"picked":"Velvet Choker"},{"not_picked":["Calling Bell","Astrolabe"],"picked":"Busted Crown"}],"items_purged_floors":[44],"is_endless":false,"potions_floor_spawned":[1,8,12,21,31,36,46],"ascension_level":0}