{"gold_per_floor":[110,127,141,141,15,15,90,90,90,115,0,20,48,61,61,134,134,144,22,40,40,50,50,65,96,141,141,168,168,184,196,196,270,270,287,287,39,39,85,120,120,134,214,214,214,225,259,274,274,274],"floor_reached":51,"playtime":3444,"items_purged":["Strike_G","Strike_G","Unload"],"score":1349,"play_id":"09cfc0e9-0ceb-4246-8f4a-d5169deed66b","local_time":"20180804212816","is_ascension_mode":true,"campfire_choices":[{"data":"Neutralize","floor":6.0,"key":"SMITH"},{"data":"Noxious Fumes","floor":8.0,"key":"SMITH"},{"data":"Caltrops","floor":15.0,"key":"SMITH"},{"floor":23.0,"key":"REST"},{"floor":27.0,"key":"REST"},{"floor":29.0,"key":"REST"},{"floor":32.0,"key":"REST"},{"floor":41.0,"key":"REST"},{"floor":44.0,"key":"REST"},{"floor":49.0,"key":"REST"}],"neow_cost":"NONE","seed_source_timestamp":531165339776977,"circlet_count":0,"master_deck":["Defend_G+1","Defend_G+1","Defend_G+1","Defend_G+1","Defend_G+1","Strike_G+1","Strike_G+1","Survivor","Neutralize+1","AscendersBane","Deflect","Dagger Spray","Noxious Fumes+1","Backstab","Backstab","Caltrops+1","Well Laid Plans","Bane","Leg Sweep","Dodge and Roll+1","Dodge and Roll","Cloak And Dagger","Footwork","PiercingWail","Cloak And Dagger","Backflip+1","Quick Slash","Acrobatics","Writhe","Skewer","Dagger Throw+1","Escape Plan","Blade Dance+1"],"special_seed":0,"relics":["Ring of the Snake","Calipers","Potion Belt","Odd Mushroom","Blood Vial","Fusion Hammer","Gambling Chip","Boot","Bottled Flame","Runic Dome","Nunchaku","Pantograph","Tiny Chest","Shuriken"],"potions_floor_usage":[50,50],"damage_taken":[{"damage":1.0,"enemies":"Cultist","floor":1.0,"turns":3.0},{"damage":0.0,"enemies":"Small Slimes","floor":2.0,"turns":3.0},{"damage":5.0,"enemies":"Jaw Worm","floor":3.0,"turns":3.0},{"damage":21.0,"enemies":"Lagavulin","floor":10.0,"turns":8.0},{"damage":1.0,"floor":12.0,"turns":3.0},{"damage":16.0,"enemies":"Gremlin Nob","floor":13.0,"turns":3.0},{"damage":2.0,"enemies":"Looter","floor":14.0,"turns":3.0},{"damage":5.0,"enemies":"Hexaghost","floor":16.0,"turns":9.0},{"damage":10.0,"enemies":"Spheric Guardian","floor":18.0,"turns":4.0},{"damage":1.0,"enemies":"Chosen","floor":20.0,"turns":6.0},{"damage":19.0,"enemies":"Sentry and Sphere","floor":22.0,"turns":6.0},{"damage":11.0,"enemies":"Cultist and Chosen","floor":24.0,"turns":7.0},{"damage":3.0,"enemies":"Gremlin Leader","floor":25.0,"turns":9.0},{"damage":4.0,"enemies":"Book of Stabbing","floor":28.0,"turns":6.0},{"damage":8.0,"enemies":"Snake Plant","floor":30.0,"turns":3.0},{"damage":2.0,"enemies":"Chosen and Byrds","floor":31.0,"turns":8.0},{"damage":12.0,"enemies":"Automaton","floor":33.0,"turns":15.0},{"damage":0.0,"enemies":"Orb Walker","floor":35.0,"turns":6.0},{"damage":14.0,"floor":39.0,"turns":8.0},{"damage":22.0,"enemies":"2 Orb Walkers","floor":40.0,"turns":7.0},{"damage":0.0,"enemies":"3 Shapes","floor":42.0,"turns":7.0},{"damage":41.0,"enemies":"Transient","floor":46.0,"turns":5.0},{"damage":0.0,"enemies":"Nemesis","floor":47.0,"turns":10.0},{"damage":0.0,"enemies":"4 Shapes","floor":48.0,"turns":8.0},{"damage":31,"enemies":"Awakened One","floor":50,"turns":15}],"seed_played":"-7185493996412267724","potions_obtained":[{"floor":2.0,"key":"Strength Potion"},{"floor":10.0,"key":"LiquidBronze"},{"floor":12.0,"key":"Regen Potion"},{"floor":13.0,"key":"SpeedPotion"},{"floor":16.0,"key":"Strength Potion"},{"floor":20.0,"key":"Dexterity Potion"},{"floor":25.0,"key":"AttackPotion"},{"floor":28.0,"key":"Strength Potion"},{"floor":31.0,"key":"EssenceOfSteel"},{"floor":33.0,"key":"SteroidPotion"},{"floor":35.0,"key":"Weak Potion"},{"floor":42.0,"key":"Dexterity Potion"},{"floor":48.0,"key":"GamblersBrew"}],"is_trial":false,"path_per_floor":["M","M","M","?","$","R","?","R","T","E","$","?","E","M","R","B",null,"M","$","M","?","M","R","M","E","T","R","E","R","M","M","R","B",null,"M","?","$","?","?","E","R","M","T","R","?","M","E","M","R","B"],"character_chosen":"THE_SILENT","items_purchased":["Fire Potion","Backstab","Caltrops","Dodge and Roll","Acrobatics","GhostInAJar"],"campfire_rested":7,"item_purchase_floors":[5,11,11,19,37,37],"current_hp_per_floor":[58,58,53,58,58,58,47,47,47,26,26,25,18,18,18,15,57,49,49,50,50,33,54,45,44,44,65,63,71,63,63,71,59,68,70,70,70,71,57,37,58,60,60,71,71,30,32,34,55,40],"gold":274,"neow_bonus":"ONE_RANDOM_RARE_CARD","is_prod":false,"is_daily":false,"chose_seed":false,"campfire_upgraded":3,"win_rate":0,"timestamp":1533432496,"path_taken":["M","M","M","?","$","R","?","R","T","E","?","?","E","M","R","BOSS","M","?","M","?","?","R","M","E","T","R","E","R","M","M","R","BOSS","M","?","$","?","?","E","R","M","T","R","?","?","E","M","R","BOSS"],"build_version":"2018-08-02","purchased_purges":3,"victory":true,"max_hp_per_floor":[66,66,66,71,71,71,71,71,71,71,71,71,71,71,71,71,71,71,71,71,71,71,71,71,71,71,71,71,71,71,71,71,71,71,71,71,71,71,71,71,71,71,71,71,71,71,71,71,71,71],"card_choices":[{"not_picked":["Deadly Poison","Reflex"],"picked":"Deflect","floor":1.0},{"not_picked":["Flying Knee","Heel Hook"],"picked":"Dagger Spray","floor":2.0},{"not_picked":["PiercingWail","Backflip"],"picked":"Noxious Fumes","floor":3.0},{"not_picked":["Tools of the Trade","Poisoned Stab"],"picked":"Backstab","floor":10.0},{"not_picked":["Blade Dance","Poisoned Stab"],"picked":"Well Laid Plans","floor":12.0},{"not_picked":["Prepared","Dagger Spray"],"picked":"Bane","floor":13.0},{"not_picked":["Poisoned Stab","Quick Slash"],"picked":"Leg Sweep","floor":14.0},{"not_picked":["Cloak And Dagger","Concentrate"],"picked":"Dodge and Roll+1","floor":18.0},{"not_picked":["All Out Attack","Setup"],"picked":"Cloak And Dagger","floor":20.0},{"not_picked":["Terror","Bouncing Flask"],"picked":"Footwork","floor":22.0},{"not_picked":["Quick Slash","Masterful Stab"],"picked":"PiercingWail","floor":24.0},{"not_picked":["Riddle With Holes","Expertise","Prepared"],"picked":"SKIP","floor":25.0},{"not_picked":["Prepared","Endless Agony+1"],"picked":"Cloak And Dagger","floor":28.0},{"not_picked":["Backstab","Caltrops","Prepared"],"picked":"SKIP","floor":30.0},{"not_picked":["Deadly Poison","Dagger Throw"],"picked":"Backflip+1","floor":31.0},{"not_picked":["Bane","All Out Attack+1"],"picked":"Quick Slash","floor":35.0},{"not_picked":["Dagger Throw","Prepared+1"],"picked":"Skewer","floor":39.0},{"not_picked":["Concentrate+1","Caltrops","Corpse Explosion"],"picked":"SKIP","floor":40.0},{"not_picked":["Deflect+1","Flechettes"],"picked":"Dagger Throw+1","floor":42.0},{"not_picked":["Concentrate+1","Tactician","Cloak And Dagger"],"picked":"SKIP","floor":46.0},{"not_picked":["Concentrate+1","Tactician","Cloak And Dagger"],"picked":"SKIP","floor":46.0},{"not_picked":["Choke","Night Terror"],"picked":"Escape Plan","floor":47.0},{"not_picked":["Cloak And Dagger","Prepared"],"picked":"Blade Dance+1","floor":48.0}],"player_experience":454374,"relics_obtained":[{"floor":9.0,"key":"Calipers"},{"floor":10.0,"key":"Potion Belt"},{"floor":12.0,"key":"Odd Mushroom"},{"floor":13.0,"key":"Blood Vial"},{"floor":25.0,"key":"Gambling Chip"},{"floor":26.0,"key":"Boot"},{"floor":28.0,"key":"Bottled Flame"},{"floor":39.0,"key":"Nunchaku"},{"floor":40.0,"key":"Pantograph"},{"floor":43.0,"key":"Tiny Chest"},{"floor":47.0,"key":"Shuriken"}],"event_choices":[{"event_name":"Big Fish","player_choice":"Donut","floor":4.0,"damage_taken":0.0},{"event_name":"World of Goop","player_choice":"Gather Gold","floor":7.0,"damage_taken":0.0},{"event_name":"Mushrooms","player_choice":"Fought Mushrooms","floor":12.0,"damage_taken":0.0},{"event_name":"Back to Basics","player_choice":"Simplicity","floor":21.0,"damage_taken":0.0},{"event_name":"Tomb of Lord Red Mask","player_choice":"Ignored","floor":36.0,"damage_taken":0.0},{"event_name":"Winding Halls","player_choice":"Writhe","floor":38.0,"damage_taken":0.0},{"event_name":"Mysterious Sphere","player_choice":"Fight","floor":39.0,"damage_taken":0.0},{"event_name":"Falling","player_choice":"Removed Attack","floor":45.0,"damage_taken":0.0}],"is_beta":false,"boss_relics":[{"not_picked":["Busted Crown","Sozu"],"picked":"Fusion Hammer"},{"not_picked":["Velvet Choker","Pandora\u0027s Box"],"picked":"Runic Dome"}],"items_purged_floors":[5,19,37],"is_endless":false,"potions_floor_spawned":[2,10,12,13,16,20,25,28,31,33,35,39,42,48],"ascension_level":15}