{"gold_per_floor":[118,132,132,12,26,53,53,68,93,93,93,119,119,139,139,240,240,253,253,265,285,113,113,113],"floor_reached":24,"playtime":1229,"items_purged":["Defend_B"],"score":227,"play_id":"0debe6a4-67a7-45c9-904f-a17553a46675","local_time":"20181222162207","is_ascension_mode":true,"campfire_choices":[{"data":"Defragment","floor":7,"key":"SMITH"},{"floor":10,"key":"REST"},{"floor":15,"key":"REST"},{"floor":23,"key":"REST"}],"neow_cost":"NONE","seed_source_timestamp":165904995458996,"circlet_count":0,"master_deck":["Strike_B","Strike_B+1","Strike_B","Strike_B","Defend_B","Defend_B","Defend_B","Zap","Dualcast","Barrage","Capacitor","Defragment+1","Cold Snap","Defragment+1","Conserve Battery+1","Barrage","Coolheaded","Seek","Consume+1","Streamline","Darkness+1","Reprogram","Self Repair"],"relics":["Cracked Core","NeowsBlessing","Lantern","Omamori","Boot","The Courier","Black Star"],"potions_floor_usage":[16,18,24,24],"damage_taken":[{"damage":0,"enemies":"2 Louse","floor":1,"turns":1},{"damage":0,"enemies":"Small Slimes","floor":2,"turns":1},{"damage":0,"enemies":"Cultist","floor":5,"turns":1},{"damage":21,"enemies":"Gremlin Nob","floor":6,"turns":4},{"damage":17,"enemies":"2 Fungi Beasts","floor":8,"turns":4},{"damage":6,"enemies":"Lagavulin","floor":12,"turns":6},{"damage":9,"enemies":"Looter","floor":14,"turns":2},{"damage":8,"enemies":"Hexaghost","floor":16,"turns":9},{"damage":7,"enemies":"3 Byrds","floor":18,"turns":3},{"damage":8,"enemies":"Shell Parasite","floor":20,"turns":6},{"damage":13,"enemies":"Sentry and Sphere","floor":21,"turns":10},{"damage":75,"enemies":"Slavers","floor":24,"turns":4}],"seed_played":"2158813989939971061","potions_obtained":[{"floor":5,"key":"SpeedPotion"},{"floor":6,"key":"Block Potion"},{"floor":8,"key":"GamblersBrew"},{"floor":16,"key":"LiquidBronze"},{"floor":18,"key":"FearPotion"},{"floor":21,"key":"Weak Potion"}],"is_trial":false,"path_per_floor":["M","M","?","$","M","E","R","M","T","R","?","E","?","M","R","B",null,"M","?","M","M","$","R","E"],"character_chosen":"DEFECT","items_purchased":["Defragment","Cold Snap","Reprogram","Self Repair"],"campfire_rested":3,"item_purchase_floors":[4,4,22,22],"current_hp_per_floor":[75,75,72,72,72,51,51,34,34,56,56,50,35,26,48,40,75,68,68,60,47,47,69,0],"gold":113,"neow_bonus":"THREE_ENEMY_KILL","is_prod":false,"is_daily":false,"chose_seed":false,"campfire_upgraded":1,"win_rate":0,"timestamp":1545510127,"path_taken":["M","M","?","$","M","E","R","M","T","R","?","E","?","M","R","BOSS","M","?","M","M","$","R","E"],"build_version":"2018-12-20","purchased_purges":1,"victory":false,"max_hp_per_floor":[75,75,75,75,75,75,75,75,75,75,75,75,75,75,75,75,75,75,75,75,75,75,75,75],"card_choices":[{"not_picked":["Gash","Ball Lightning"],"picked":"Barrage","floor":1},{"not_picked":["Recycle","Tempest"],"picked":"Capacitor","floor":2},{"not_picked":["Steam Power","Gash"],"picked":"Defragment","floor":5},{"not_picked":["Stack","Beam Cell","Genetic Algorithm"],"picked":"SKIP","floor":6},{"not_picked":["Auto Shields","Tempest"],"picked":"Conserve Battery","floor":8},{"not_picked":["Force Field","Cold Snap"],"picked":"Barrage","floor":12},{"not_picked":["Beam Cell","Leap"],"picked":"Coolheaded","floor":14},{"not_picked":["Thunder Strike","All For One"],"picked":"Seek","floor":16},{"not_picked":["Ball Lightning+1","Gash"],"picked":"Consume","floor":18},{"not_picked":["Turbo+1","Stack"],"picked":"Streamline","floor":20},{"not_picked":["Sweeping Beam","Cold Snap"],"picked":"Darkness+1","floor":21}],"player_experience":140654,"relics_obtained":[{"floor":6,"key":"Omamori"},{"floor":9,"key":"Boot"},{"floor":12,"key":"The Courier"}],"event_choices":[{"damage_healed":0,"gold_gain":0,"player_choice":"Success","damage_taken":3,"relics_obtained":["Lantern"],"max_hp_gain":0,"max_hp_loss":0,"event_name":"Scrap Ooze","floor":3,"gold_loss":0},{"damage_healed":0,"gold_gain":0,"player_choice":"Grow","damage_taken":0,"max_hp_gain":0,"max_hp_loss":0,"event_name":"Living Wall","floor":11,"gold_loss":0,"cards_upgraded":["Defragment"]},{"damage_healed":0,"gold_gain":0,"player_choice":"Entered Light","damage_taken":15,"max_hp_gain":0,"max_hp_loss":0,"event_name":"Shining Light","floor":13,"gold_loss":0,"cards_upgraded":["Strike_B","Conserve Battery"]},{"damage_healed":0,"gold_gain":0,"player_choice":"Upgraded","damage_taken":0,"max_hp_gain":0,"max_hp_loss":0,"event_name":"Upgrade Shrine","floor":19,"gold_loss":0,"cards_upgraded":["Consume"]}],"is_beta":false,"boss_relics":[{"not_picked":["FrozenCore","White Beast Statue"],"picked":"Black Star"}],"items_purged_floors":[22],"is_endless":false,"potions_floor_spawned":[5,6,8,16,18,21],"killed_by":"Slavers","ascension_level":2}