{"gold_per_floor":[112,127,77,77,97,97,125,135,135,151,166,166,177,197,197,295,295,306,306,306,306,322,322,322,333,358,358,368,368,388,421,421,421],"floor_reached":33,"playtime":6157,"items_purged":[],"score":350,"play_id":"b6669112-29b6-4228-b7f0-708618dd4add","local_time":"20190424214954","is_ascension_mode":true,"campfire_choices":[{"data":"Go for the Eyes","floor":6.0,"key":"SMITH"},{"data":"White Noise","floor":12.0,"key":"SMITH"},{"data":"Defragment","floor":15.0,"key":"SMITH"},{"data":"Recycle","floor":23,"key":"SMITH"},{"data":"Hyperbeam","floor":29,"key":"SMITH"},{"floor":32,"key":"REST"}],"neow_cost":"NONE","seed_source_timestamp":0,"circlet_count":0,"master_deck":["Strike_B","Defend_B","Defend_B","Zap+1","Dualcast","White Noise+1","FTL","Go for the Eyes+1","Leap","Undo","Coolheaded","Defragment+1","Glacier","Amplify","Coolheaded+1","Recycle+1","Hyperbeam+1","White Noise","Conserve Battery","Chaos+1","BootSequence","Turbo"],"special_seed":0,"relics":["Cracked Core","Smiling Mask","Mango","Kunai","Empty Cage","Anchor"],"potions_floor_usage":[28],"damage_taken":[{"damage":3.0,"enemies":"2 Louse","floor":1.0,"turns":3.0},{"damage":0.0,"enemies":"Cultist","floor":2.0,"turns":3.0},{"damage":0.0,"enemies":"Jaw Worm","floor":5.0,"turns":2.0},{"damage":47.0,"enemies":"3 Sentries","floor":7.0,"turns":8.0},{"damage":4.0,"enemies":"3 Louse","floor":8.0,"turns":3.0},{"damage":6.0,"enemies":"Exordium Thugs","floor":10.0,"turns":6.0},{"damage":0.0,"enemies":"Blue Slaver","floor":11.0,"turns":3.0},{"damage":0.0,"enemies":"2 Fungi Beasts","floor":13.0,"turns":3.0},{"damage":0.0,"enemies":"Gremlin Gang","floor":14.0,"turns":5.0},{"damage":16.0,"enemies":"Slime Boss","floor":16.0,"turns":13.0},{"damage":9.0,"enemies":"3 Byrds","floor":18.0,"turns":7.0},{"damage":5.0,"enemies":"Colosseum Slavers","floor":20.0,"turns":8.0},{"damage":0.0,"enemies":"Spheric Guardian","floor":22.0,"turns":6.0},{"damage":17,"enemies":"Snake Plant","floor":25,"turns":5},{"damage":1,"enemies":"Chosen and Byrds","floor":28,"turns":11},{"damage":0,"enemies":"Centurion and Healer","floor":30,"turns":16},{"damage":31,"enemies":"Slavers","floor":31,"turns":6},{"damage":85,"enemies":"Automaton","floor":33,"turns":18}],"seed_played":"-9077966219348105595","potions_obtained":[{"floor":1.0,"key":"FearPotion"},{"floor":7.0,"key":"Fruit Juice"},{"floor":10.0,"key":"SpeedPotion"},{"floor":13.0,"key":"Strength Potion"},{"floor":14.0,"key":"PowerPotion"},{"floor":25,"key":"EssenceOfSteel"},{"floor":28,"key":"Strength Potion"},{"floor":30,"key":"FairyPotion"}],"is_trial":false,"path_per_floor":["M","M","?","?","M","R","E","M","T","M","M","R","M","M","R","B",null,"M","?","?","?","M","R","?","M","T","?","M","R","M","E","R","B"],"character_chosen":"DEFECT","items_purchased":[],"campfire_rested":1,"item_purchase_floors":[],"current_hp_per_floor":[72,72,72,72,72,72,44,40,40,34,34,34,34,34,34,18,94,85,85,80,61,61,61,61,44,44,44,43,43,43,12,41,0],"gold":421,"neow_bonus":"UPGRADE_CARD","is_prod":false,"is_daily":false,"chose_seed":false,"campfire_upgraded":5,"win_rate":0,"timestamp":1556160594,"path_taken":["M","M","?","?","M","R","E","?","T","M","M","R","?","M","R","BOSS","M","?","?","?","?","R","?","M","T","?","M","R","?","E","R","BOSS"],"build_version":"2019-01-23","purchased_purges":0,"victory":false,"max_hp_per_floor":[75,75,75,75,75,75,94,94,94,94,94,94,94,94,94,94,94,94,94,94,99,99,99,99,99,99,99,99,99,99,99,99,99],"card_choices":[{"not_picked":["Rip and Tear","Turbo"],"picked":"White Noise","floor":1.0},{"not_picked":["Beam Cell","Storm"],"picked":"FTL","floor":2.0},{"not_picked":["Hologram","Barrage"],"picked":"Go for the Eyes","floor":5.0},{"not_picked":["Darkness","Gash"],"picked":"Leap","floor":7.0},{"not_picked":["White Noise","Gash"],"picked":"Undo","floor":8.0},{"not_picked":["Beam Cell","Thunder Strike"],"picked":"Coolheaded","floor":10.0},{"not_picked":["Storm","Steam","Beam Cell"],"picked":"SKIP","floor":11.0},{"not_picked":["Compile Driver","Redo"],"picked":"Defragment","floor":13.0},{"not_picked":["Coolheaded","Redo"],"picked":"Glacier","floor":14.0},{"not_picked":["Machine Learning","Hyperbeam"],"picked":"Amplify","floor":16.0},{"not_picked":["Cold Snap","Steam"],"picked":"Coolheaded+1","floor":18.0},{"not_picked":["Conserve Battery","Barrage"],"picked":"Recycle","floor":22.0},{"not_picked":["Gash","Double Energy"],"picked":"Conserve Battery","floor":25},{"not_picked":["Reprogram","Beam Cell"],"picked":"Chaos+1","floor":28},{"not_picked":["Coolheaded+1","Cold Snap"],"picked":"BootSequence","floor":30},{"not_picked":["Beam Cell","Conserve Battery"],"picked":"Turbo","floor":31}],"player_experience":230468,"relics_obtained":[{"floor":7.0,"key":"Mango"},{"floor":9.0,"key":"Kunai"},{"floor":31,"key":"Anchor"}],"event_choices":[{"cards_removed":["Strike_B"],"damage_healed":0.0,"max_hp_gain":0.0,"max_hp_loss":0.0,"gold_gain":0.0,"event_name":"The Cleric","player_choice":"Card Removal","floor":3.0,"gold_loss":50.0,"damage_taken":0.0},{"damage_healed":0.0,"max_hp_gain":0.0,"max_hp_loss":0.0,"gold_gain":0.0,"event_name":"WeMeetAgain","player_choice":"Gave Potion","floor":4.0,"gold_loss":0.0,"damage_taken":0.0,"relics_obtained":["Smiling Mask"]},{"damage_healed":0.0,"max_hp_gain":0.0,"max_hp_loss":0.0,"gold_gain":0.0,"event_name":"The Mausoleum","player_choice":"Ignored","floor":19.0,"gold_loss":0.0,"damage_taken":0.0},{"damage_healed":0.0,"max_hp_gain":0.0,"max_hp_loss":0.0,"gold_gain":0.0,"event_name":"Colosseum","player_choice":"Fight","floor":20.0,"gold_loss":0.0,"damage_taken":0.0},{"damage_healed":0.0,"max_hp_gain":0.0,"max_hp_loss":0.0,"gold_gain":0.0,"event_name":"Colosseum","player_choice":"Fled From Nobs","floor":20.0,"gold_loss":0.0,"damage_taken":0.0},{"damage_healed":0.0,"max_hp_gain":5.0,"max_hp_loss":0.0,"gold_gain":0.0,"event_name":"Forgotten Altar","player_choice":"Shed Blood","floor":21.0,"gold_loss":0.0,"damage_taken":24.0},{"damage_healed":0,"gold_gain":0,"cards_transformed":["Strike_B","Defend_B"],"player_choice":"Became Test Subject","damage_taken":0,"max_hp_gain":0,"max_hp_loss":0,"event_name":"Drug Dealer","floor":24,"gold_loss":0,"cards_obtained":["Hyperbeam","White Noise"]},{"damage_healed":0,"gold_gain":0,"player_choice":"0 cards matched","damage_taken":0,"max_hp_gain":0,"max_hp_loss":0,"event_name":"Match and Keep!","floor":27,"gold_loss":0,"cards_obtained":[]}],"is_beta":false,"boss_relics":[{"not_picked":["FrozenCore","Runic Pyramid"],"picked":"Empty Cage"}],"items_purged_floors":[],"is_endless":false,"potions_floor_spawned":[1,7,10,13,14,20,25,28,30],"killed_by":"Automaton","ascension_level":4}