{"gold_per_floor":[110,120,135,135,150,150,8,25,76,111,111,11,11,26,26,130,130,148,158,33,45,64,74,74,92,117,117,64,95,95,111,111,213,213,227,240,255,255,269,269,285,285,285,285,285,304,304,339,339,339],"floor_reached":50,"playtime":3902,"items_purged":["Strike_B","Defend_B","Hello World"],"score":548,"play_id":"f4238534-94b5-449d-adcc-5dc02f6c9f3d","local_time":"20181205220151","is_ascension_mode":false,"campfire_choices":[{"floor":6,"key":"REST"},{"data":"Defragment","floor":11,"key":"SMITH"},{"floor":13,"key":"REST"},{"data":"Barrage","floor":15,"key":"SMITH"},{"floor":24,"key":"REST"},{"floor":30,"key":"REST"},{"floor":32,"key":"REST"},{"floor":40,"key":"REST"},{"floor":42,"key":"REST"},{"floor":45,"key":"REST"},{"floor":47,"key":"REST"},{"floor":49,"key":"REST"}],"neow_cost":"NONE","seed_source_timestamp":260653174107781,"circlet_count":0,"master_deck":["Strike_B","Strike_B+1","Defend_B","Defend_B","Zap","Dualcast","Redo","Auto Shields","Barrage+1","Electrodynamics","Defragment+1","Capacitor","Coolheaded","Buffer","Rebound+1","Ball Lightning","Capacitor","Self Repair","Fusion","Coolheaded","Auto Shields+1","Electrodynamics","Rebound+1","Coolheaded+1","Barrage+1","Barrage","Conserve Battery"],"relics":["Cracked Core","Happy Flower","Ornamental Fan","Velvet Choker","Omamori","Whetstone","Lizard Tail","Frozen Egg 2","Pantograph"],"potions_floor_usage":[10,21,21,25,29,29,33,33,48,50,50],"damage_taken":[{"damage":6,"enemies":"Jaw Worm","floor":1,"turns":3},{"damage":6,"enemies":"Cultist","floor":2,"turns":3},{"damage":0,"enemies":"2 Louse","floor":3,"turns":2},{"damage":10,"enemies":"Looter","floor":5,"turns":3},{"damage":8,"enemies":"Large Slime","floor":8,"turns":4},{"damage":13,"enemies":"3 Sentries","floor":10,"turns":5},{"damage":16,"enemies":"Exordium Wildlife","floor":14,"turns":3},{"damage":0,"enemies":"Slime Boss","floor":16,"turns":6},{"damage":18,"enemies":"2 Thieves","floor":18,"turns":2},{"damage":10,"enemies":"3 Byrds","floor":19,"turns":2},{"damage":3,"enemies":"Snake Plant","floor":21,"turns":4},{"damage":10,"enemies":"Cultist and Chosen","floor":22,"turns":4},{"damage":22,"enemies":"Shelled Parasite and Fungi","floor":23,"turns":4},{"damage":19,"enemies":"Centurion and Healer","floor":25,"turns":6},{"damage":9,"enemies":"Gremlin Leader","floor":29,"turns":5},{"damage":21,"enemies":"Snake Plant","floor":31,"turns":4},{"damage":22,"enemies":"Champ","floor":33,"turns":11},{"damage":16,"enemies":"Orb Walker","floor":35,"turns":5},{"damage":0,"enemies":"3 Shapes","floor":36,"turns":3},{"damage":66,"enemies":"Spire Growth","floor":37,"turns":6},{"damage":40,"enemies":"Writhing Mass","floor":39,"turns":6},{"damage":23,"enemies":"4 Shapes","floor":41,"turns":3},{"damage":20,"enemies":"3 Darklings","floor":46,"turns":5},{"damage":55,"enemies":"Reptomancer","floor":48,"turns":6},{"damage":66,"enemies":"Time Eater","floor":50,"turns":6}],"seed_played":"1568939293803024197","potions_obtained":[{"floor":3,"key":"Block Potion"},{"floor":5,"key":"Fire Potion"},{"floor":8,"key":"Dexterity Potion"},{"floor":10,"key":"SpeedPotion"},{"floor":18,"key":"SkillPotion"},{"floor":22,"key":"Energy Potion"},{"floor":25,"key":"Energy Potion"},{"floor":27,"key":"EssenceOfSteel"},{"floor":27,"key":"Fire Potion"},{"floor":31,"key":"Explosive Potion"},{"floor":37,"key":"Swift Potion"},{"floor":46,"key":"EssenceOfSteel"},{"floor":48,"key":"Weak Potion"}],"is_trial":false,"path_per_floor":["M","M","M","?","M","R","$","M","T","E","R","$","R","M","R","B",null,"M","M","$","M","M","M","R","M","T","?","$","E","R","M","R","B",null,"M","M","M","?","M","R","M","R","T","?","R","M","R","E","R","B"],"character_chosen":"DEFECT","items_purchased":["Defragment","Coolheaded"],"campfire_rested":10,"item_purchase_floors":[7,28],"current_hp_per_floor":[69,63,63,63,53,75,75,67,67,54,54,54,75,59,59,59,75,57,47,47,44,34,12,34,22,22,22,22,20,42,28,50,35,75,66,66,44,44,11,33,10,32,32,32,54,41,63,15,37,0],"gold":339,"neow_bonus":"THREE_CARDS","is_prod":false,"is_daily":false,"chose_seed":false,"campfire_upgraded":2,"win_rate":0,"timestamp":1544061711,"path_taken":["M","M","M","?","M","R","$","M","T","E","R","$","R","M","R","BOSS","M","M","$","M","?","M","R","M","T","?","?","E","R","M","R","BOSS","M","M","?","?","M","R","M","R","T","?","R","M","R","E","R","BOSS"],"build_version":"2018-11-15","purchased_purges":3,"victory":false,"max_hp_per_floor":[75,75,75,75,75,75,75,75,75,75,75,75,75,75,75,75,75,75,75,75,75,75,75,75,75,75,75,75,75,75,75,75,75,75,75,75,75,75,75,75,75,75,75,75,75,75,75,75,75,75],"card_choices":[{"not_picked":["Steam","Auto Shields"],"picked":"Redo","floor":0},{"not_picked":["Steam","Darkness"],"picked":"Hello World","floor":1},{"not_picked":["Scrape","Hologram"],"picked":"Auto Shields","floor":2},{"not_picked":["Chaos","Turbo"],"picked":"Barrage","floor":3},{"not_picked":["Rip and Tear","Self Repair"],"picked":"Electrodynamics","floor":5},{"not_picked":["Stack","Turbo","Streamline"],"picked":"SKIP","floor":8},{"not_picked":["Steam","Doom and Gloom"],"picked":"Capacitor","floor":10},{"not_picked":["Leap","Lockon"],"picked":"Coolheaded","floor":14},{"not_picked":["Hyperbeam","Rainbow"],"picked":"Buffer","floor":16},{"not_picked":["Gash","Beam Cell","Doom and Gloom"],"picked":"SKIP","floor":18},{"not_picked":["Go for the Eyes","Turbo"],"picked":"Rebound","floor":19},{"not_picked":["Beam Cell+1","BootSequence"],"picked":"Ball Lightning","floor":21},{"not_picked":["BootSequence+1","Storm"],"picked":"Capacitor","floor":22},{"not_picked":["Gash","Steam"],"picked":"Self Repair","floor":23},{"not_picked":["Redo","Force Field"],"picked":"Fusion","floor":25},{"not_picked":["Lockon+1","Sweeping Beam"],"picked":"Auto Shields+1","floor":29},{"not_picked":["Sunder","Gash","Compile Driver"],"picked":"SKIP","floor":31},{"not_picked":["Core Surge","Hyperbeam"],"picked":"Electrodynamics","floor":33},{"not_picked":["Reprogram+1","FTL+1","Cold Snap"],"picked":"SKIP","floor":35},{"not_picked":["Streamline+1","Recycle","Sweeping Beam+1"],"picked":"SKIP","floor":36},{"not_picked":["Melter+1","Compile Driver+1"],"picked":"Rebound+1","floor":37},{"not_picked":["Go for the Eyes","Reprogram"],"picked":"Coolheaded+1","floor":39},{"not_picked":["Hologram","Reboot"],"picked":"Barrage+1","floor":41},{"not_picked":["Scrape+1","Go for the Eyes"],"picked":"Barrage","floor":46},{"not_picked":["Rebound+1","Beam Cell"],"picked":"Conserve Battery","floor":48}],"player_experience":64119,"relics_obtained":[{"floor":9,"key":"Happy Flower"},{"floor":10,"key":"Ornamental Fan"},{"floor":26,"key":"Omamori"},{"floor":29,"key":"Whetstone"},{"floor":43,"key":"Frozen Egg 2"},{"floor":48,"key":"Pantograph"}],"event_choices":[{"cards_removed":["Defend_B"],"damage_healed":0,"gold_gain":0,"player_choice":"Offered Basic","damage_taken":0,"max_hp_gain":0,"max_hp_loss":0,"event_name":"Bonfire Elementals","floor":4,"gold_loss":0},{"damage_healed":0,"gold_gain":0,"player_choice":"Got Potions","damage_taken":0,"max_hp_gain":0,"max_hp_loss":0,"event_name":"Lab","floor":27,"gold_loss":0},{"cards_removed":["Strike_B"],"damage_healed":0,"gold_gain":0,"player_choice":"Removed Attack","damage_taken":0,"max_hp_gain":0,"max_hp_loss":0,"event_name":"Falling","floor":38,"gold_loss":0},{"damage_healed":0,"gold_gain":0,"player_choice":"Memory 1","damage_taken":0,"max_hp_gain":0,"max_hp_loss":0,"event_name":"SensoryStone","floor":44,"gold_loss":0}],"is_beta":false,"boss_relics":[{"not_picked":["Runic Dome","Black Star"],"picked":"Velvet Choker"},{"not_picked":["FrozenCore","Sozu"],"picked":"Lizard Tail"}],"items_purged_floors":[7,12,20],"is_endless":false,"potions_floor_spawned":[3,5,8,10,18,22,25,31,37,46,48],"killed_by":"Time Eater","ascension_level":0}