{"gold_per_floor":[118,128,52,64,76,106,106,117,117,117,130,190,265,297,297,402,402,421,336,66,82,82,82,101,116,116,116,116,131,142,157,157,254,254,264,279,2,102,112,112,130,149,149,149,149,161,161,177,177,177,177,177,30,30],"floor_reached":54,"playtime":4158,"items_purged":["Strike_R"],"score":755,"play_id":"c1af57f9-5372-43e0-ae2d-b754b7786e65","local_time":"20181222131733","is_ascension_mode":false,"campfire_choices":[{"data":"Demon Form","floor":7,"key":"SMITH"},{"floor":10,"key":"REST"},{"floor":15,"key":"REST"},{"floor":23,"key":"REST"},{"floor":27,"key":"REST"},{"floor":32,"key":"REST"},{"floor":40,"key":"REST"},{"floor":45,"key":"RECALL"},{"data":"Apotheosis","floor":47,"key":"SMITH"},{"floor":49,"key":"REST"},{"data":"Metallicize","floor":52,"key":"SMITH"}],"neow_cost":"NONE","seed_source_timestamp":151898073258460,"circlet_count":0,"master_deck":["Strike_R","Strike_R","Strike_R","Strike_R","Defend_R","Defend_R","Defend_R","Defend_R","Bash","Exhume","Twin Strike","Twin Strike","Metallicize+1","Demon Form+1","Flex","Thunderclap","Heavy Blade","Double Tap","Metallicize+1","Demon Form+1","Armaments","Sword Boomerang","J.A.X.","Disarm","Heavy Blade+1","Normality","Whirlwind","Ghostly Armor+1","Shrug It Off","Armaments","Feed","Ghostly Armor","Rage","Whirlwind+1","Apotheosis+1","Shrug It Off","Sword Boomerang","Twin Strike+1","Inflame+1","Dual Wield+1","Headbutt","Intimidate+1","Parasite","Clothesline","Flex+1","Flex+1","Metallicize+1","Flex","Shrug It Off","Fire Breathing+1"],"relics":["Burning Blood","Happy Flower","Art of War","Lantern","Frozen Egg 2","Cursed Key","Pear","PreservedInsect","Prayer Wheel","Philosopher\u0027s Stone","Thread and Needle"],"potions_floor_usage":[12,12,12,18,25,30,33,33,33,39,46,50,50],"damage_taken":[{"damage":5,"enemies":"Cultist","floor":1,"turns":4},{"damage":1,"enemies":"2 Louse","floor":2,"turns":2},{"damage":9,"enemies":"Small Slimes","floor":4,"turns":4},{"damage":10,"enemies":"Looter","floor":5,"turns":3},{"damage":23,"enemies":"Gremlin Nob","floor":6,"turns":5},{"damage":19,"enemies":"Large Slime","floor":8,"turns":6},{"damage":14,"enemies":"Exordium Thugs","floor":11,"turns":4},{"damage":10,"enemies":"Lagavulin Event","floor":12,"turns":4},{"damage":24,"enemies":"3 Sentries","floor":14,"turns":5},{"damage":30,"enemies":"Hexaghost","floor":16,"turns":6},{"damage":12,"enemies":"Shell Parasite","floor":18,"turns":4},{"damage":32,"enemies":"3 Byrds","floor":21,"turns":5},{"damage":33,"enemies":"Sentry and Sphere","floor":24,"turns":4},{"damage":19,"enemies":"Shelled Parasite and Fungi","floor":25,"turns":4},{"damage":23,"enemies":"3 Cultists","floor":29,"turns":5},{"damage":25,"enemies":"Snecko","floor":30,"turns":4},{"damage":3,"enemies":"Cultist and Chosen","floor":31,"turns":4},{"damage":15,"enemies":"Collector","floor":33,"turns":6},{"damage":12,"enemies":"Orb Walker","floor":35,"turns":3},{"damage":0,"enemies":"3 Shapes","floor":36,"turns":3},{"damage":3,"enemies":"Mind Bloom Boss Battle","floor":38,"turns":4},{"damage":30,"enemies":"Spire Growth","floor":39,"turns":5},{"damage":15,"enemies":"4 Shapes","floor":41,"turns":1},{"damage":3,"enemies":"Maw","floor":42,"turns":5},{"damage":3,"enemies":"Jaw Worm Horde","floor":46,"turns":4},{"damage":46,"enemies":"Writhing Mass","floor":48,"turns":5},{"damage":62,"enemies":"Awakened One","floor":50,"turns":9},{"damage":107,"enemies":"Shield and Spear","floor":54,"turns":5}],"seed_played":"-6827770543853978857","potions_obtained":[{"floor":5,"key":"SkillPotion"},{"floor":6,"key":"Weak Potion"},{"floor":8,"key":"Poison Potion"},{"floor":12,"key":"Swift Potion"},{"floor":14,"key":"Ancient Potion"},{"floor":16,"key":"LiquidBronze"},{"floor":21,"key":"FearPotion"},{"floor":30,"key":"GamblersBrew"},{"floor":31,"key":"LiquidBronze"},{"floor":36,"key":"PowerPotion"},{"floor":38,"key":"Strength Potion"},{"floor":41,"key":"Block Potion"},{"floor":48,"key":"SteroidPotion"}],"is_trial":false,"path_per_floor":["M","M","$","M","M","E","R","M","T","R","M","?","?","E","R","B",null,"M","?","$","M","?","R","M","M","T","R","?","M","M","M","R","B",null,"M","M","$","?","M","R","M","M","T","?","R","M","R","M","R","B",null,"R","$","E"],"character_chosen":"IRONCLAD","items_purchased":["Metallicize","Armaments","PreservedInsect","Apotheosis","Shrug It Off","Sword Boomerang","Flex","Shrug It Off","Fire Breathing+1"],"campfire_rested":7,"item_purchase_floors":[3,20,20,37,37,37,53,53,53],"current_hp_per_floor":[80,80,80,77,73,56,56,43,43,67,59,55,44,26,50,26,80,74,84,84,58,58,85,58,45,45,72,72,55,36,39,66,57,90,84,93,93,93,69,93,84,87,87,87,87,93,93,53,81,29,100,100,100,0],"gold":30,"neow_bonus":"ONE_RANDOM_RARE_CARD","is_prod":false,"is_daily":false,"chose_seed":false,"campfire_upgraded":3,"win_rate":0,"timestamp":1545499053,"path_taken":["M","M","$","M","?","E","R","M","T","R","M","?","?","E","R","BOSS","M","?","$","M","?","R","M","M","T","R","?","?","M","M","R","BOSS","M","M","$","?","M","R","M","M","T","?","R","M","R","?","R","BOSS","R","$","E"],"build_version":"2018-12-20","purchased_purges":1,"victory":false,"max_hp_per_floor":[80,80,80,80,80,80,80,80,80,80,80,80,80,80,80,80,80,80,90,90,90,90,90,90,90,90,90,90,90,90,90,90,90,90,90,93,93,93,93,93,93,93,93,93,93,96,96,96,96,100,100,100,100,100],"card_choices":[{"not_picked":["Clothesline","Seeing Red"],"picked":"Twin Strike","floor":1},{"not_picked":["Headbutt","Iron Wave"],"picked":"Twin Strike","floor":2},{"not_picked":["Burning Pact","Thunderclap"],"picked":"Demon Form","floor":4},{"not_picked":["Iron Wave","True Grit"],"picked":"Flex","floor":5},{"not_picked":["Power Through","Sentinel","True Grit"],"picked":"SKIP","floor":6},{"not_picked":["Clash","Reckless Charge"],"picked":"Thunderclap","floor":8},{"not_picked":["Pommel Strike","Wild Strike"],"picked":"Heavy Blade","floor":11},{"not_picked":["Twin Strike","Thunderclap"],"picked":"Double Tap","floor":12},{"not_picked":["Body Slam","True Grit"],"picked":"Metallicize","floor":14},{"not_picked":["Juggernaut+1","Berserk+1"],"picked":"Demon Form+1","floor":16},{"not_picked":["Iron Wave","Body Slam","Feel No Pain+1"],"picked":"SKIP","floor":18},{"not_picked":["Perfected Strike","Heavy Blade"],"picked":"Sword Boomerang","floor":21},{"not_picked":["Perfected Strike","Feel No Pain+1"],"picked":"Disarm","floor":24},{"not_picked":["Infernal Blade","Reckless Charge"],"picked":"Heavy Blade+1","floor":25},{"not_picked":["Pommel Strike","Iron Wave+1"],"picked":"Whirlwind","floor":29},{"not_picked":["Blood for Blood","True Grit+1"],"picked":"Ghostly Armor+1","floor":29},{"not_picked":["Havoc","Cleave"],"picked":"Shrug It Off","floor":30},{"not_picked":["Rupture+1","Pummel"],"picked":"Armaments","floor":30},{"not_picked":["Havoc","Perfected Strike+1","True Grit"],"picked":"SKIP","floor":31},{"not_picked":["Pummel","Reckless Charge","Clash"],"picked":"SKIP","floor":31},{"not_picked":["Exhume","Juggernaut+1"],"picked":"Feed","floor":33},{"not_picked":["Clash+1","Thunderclap+1"],"picked":"Ghostly Armor","floor":35},{"not_picked":["Heavy Blade","Infernal Blade+1"],"picked":"Rage","floor":35},{"not_picked":["Battle Trance","Wild Strike+1"],"picked":"Whirlwind+1","floor":36},{"not_picked":["Wild Strike","Clash+1","Anger"],"picked":"SKIP","floor":36},{"not_picked":["Warcry+1","True Grit+1"],"picked":"Twin Strike+1","floor":38},{"not_picked":["Uppercut","Anger"],"picked":"Inflame+1","floor":39},{"not_picked":["Twin Strike","Pommel Strike","Wild Strike+1"],"picked":"SKIP","floor":39},{"not_picked":["Power Through","Perfected Strike"],"picked":"Berserk+1","floor":41},{"not_picked":["Flame Barrier","Corruption+1","Dual Wield+1"],"picked":"SKIP","floor":41},{"not_picked":["Flame Barrier","Corruption+1"],"picked":"Dual Wield+1","floor":41},{"not_picked":["Wild Strike+1","Anger+1"],"picked":"Headbutt","floor":42},{"not_picked":["Sever Soul","Anger+1"],"picked":"Intimidate+1","floor":42},{"not_picked":["Offering","Corruption+1"],"picked":"Clothesline","floor":46},{"not_picked":["Body Slam","Rupture+1"],"picked":"Flex+1","floor":46},{"not_picked":["Thunderclap","Armaments"],"picked":"Flex+1","floor":48},{"not_picked":["Pommel Strike","Disarm+1"],"picked":"Metallicize+1","floor":48}],"player_experience":136475,"relics_obtained":[{"floor":6,"key":"Happy Flower"},{"floor":9,"key":"Art of War"},{"floor":14,"key":"Frozen Egg 2"},{"floor":26,"key":"Prayer Wheel"},{"floor":38,"key":"Thread and Needle"}],"event_choices":[{"damage_healed":0,"gold_gain":0,"player_choice":"Searched \u00272\u0027 times","damage_taken":0,"relics_obtained":["Lantern"],"max_hp_gain":0,"max_hp_loss":0,"event_name":"Dead Adventurer","floor":12,"gold_loss":0},{"damage_healed":0,"gold_gain":75,"player_choice":"Gather Gold","damage_taken":11,"max_hp_gain":0,"max_hp_loss":0,"event_name":"World of Goop","floor":13,"gold_loss":0},{"damage_healed":0,"gold_gain":0,"player_choice":"Obtained Relic","damage_taken":0,"relics_obtained":["Pear"],"max_hp_gain":0,"max_hp_loss":0,"event_name":"Addict","floor":19,"gold_loss":85},{"damage_healed":0,"gold_gain":0,"player_choice":"Obtain J.A.X.","damage_taken":0,"max_hp_gain":0,"max_hp_loss":0,"event_name":"Drug Dealer","floor":22,"gold_loss":0,"cards_obtained":["J.A.X."]},{"damage_healed":0,"gold_gain":0,"player_choice":"Bought 0 Potions","damage_taken":0,"max_hp_gain":0,"max_hp_loss":0,"event_name":"The Woman in Blue","floor":28,"gold_loss":0},{"damage_healed":0,"gold_gain":0,"player_choice":"Fight","damage_taken":0,"max_hp_gain":0,"max_hp_loss":0,"event_name":"MindBloom","floor":38,"gold_loss":0},{"cards_removed":["Berserk"],"damage_healed":0,"gold_gain":0,"player_choice":"Removed Power","damage_taken":0,"max_hp_gain":0,"max_hp_loss":0,"event_name":"Falling","floor":44,"gold_loss":0}],"is_beta":false,"boss_relics":[{"not_picked":["Pandora\u0027s Box","Tiny House"],"picked":"Cursed Key"},{"not_picked":["Calling Bell","Runic Cube"],"picked":"Philosopher\u0027s Stone"}],"items_purged_floors":[20],"is_endless":false,"potions_floor_spawned":[5,6,8,12,14,16,21,30,31,36,38,41,48],"killed_by":"Shield and Spear","ascension_level":0}