{"gold_per_floor":[117,136,11,23,23,23,55,75,75,75,94,105,115,146,146,223,223,235,7,17,17,67,67,78,103,103,122,122,46,65,65,65,141,191,203,214,1213,1213,780,780,810,825,825,835,835,835,222,254,254,254],"floor_reached":51,"playtime":3113,"items_purged":["Strike_G","Normality","Normality"],"score":1277,"play_id":"3918833f-4d01-47d6-b98a-7aeba122a5a5","local_time":"20180804234210","is_ascension_mode":true,"campfire_choices":[{"data":"Neutralize","floor":6.0,"key":"SMITH"},{"floor":10.0,"key":"REST"},{"floor":15.0,"key":"REST"},{"floor":23.0,"key":"REST"},{"floor":28.0,"key":"REST"},{"data":"Well Laid Plans","floor":32.0,"key":"SMITH"},{"data":"Wraith Form v2","floor":40.0,"key":"SMITH"},{"floor":46,"key":"REST"},{"data":"Noxious Fumes","floor":49,"key":"SMITH"}],"neow_cost":"NONE","seed_source_timestamp":539055340457937,"circlet_count":0,"master_deck":["Defend_G+1","Defend_G+1","Defend_G+1","Defend_G+1","Defend_G+1","Strike_G+1","Strike_G+1","Strike_G+1","Strike_G+1","Survivor","Neutralize+1","AscendersBane","Dagger Spray","Dagger Spray","Noxious Fumes","Slice+1","Deflect","Noxious Fumes+1","Predator+1","Skewer+1","Leg Sweep","Adrenaline","Panache","Well Laid Plans+1","Predator+1","PiercingWail","Noxious Fumes","Wraith Form v2+1","Deflect+1","PiercingWail","Backflip","PiercingWail","Backflip","Bouncing Flask+1","Leg Sweep","Cloak And Dagger+1"],"special_seed":0,"relics":["Ring of the Snake","Anchor","Smiling Mask","Ornamental Fan","Cursed Key","Question Card","Tiny House","Oddly Smooth Stone","Whetstone","Torii","Regal Pillow","Sling","Dream Catcher","Art of War"],"potions_floor_usage":[50,50],"damage_taken":[{"damage":11.0,"enemies":"Jaw Worm","floor":1.0,"turns":6.0},{"damage":12.0,"enemies":"Small Slimes","floor":2.0,"turns":5.0},{"damage":0.0,"enemies":"Cultist","floor":4.0,"turns":4.0},{"damage":10.0,"enemies":"3 Sentries","floor":7.0,"turns":5.0},{"damage":3.0,"enemies":"Lots of Slimes","floor":8.0,"turns":3.0},{"damage":0.0,"enemies":"Exordium Wildlife","floor":11.0,"turns":3.0},{"damage":5.0,"enemies":"Exordium Thugs","floor":12.0,"turns":5.0},{"damage":0.0,"enemies":"Looter","floor":13.0,"turns":3.0},{"damage":26.0,"enemies":"Lagavulin","floor":14.0,"turns":7.0},{"damage":29.0,"enemies":"Slime Boss","floor":16.0,"turns":9.0},{"damage":5.0,"enemies":"3 Byrds","floor":18.0,"turns":5.0},{"damage":10.0,"enemies":"Spheric Guardian","floor":20.0,"turns":4.0},{"damage":1.0,"enemies":"Centurion and Healer","floor":24.0,"turns":6.0},{"damage":9.0,"enemies":"Gremlin Leader","floor":25.0,"turns":7.0},{"damage":3.0,"enemies":"Snake Plant","floor":27.0,"turns":5.0},{"damage":14.0,"enemies":"3 Cultists","floor":30.0,"turns":6.0},{"damage":13.0,"enemies":"Champ","floor":33.0,"turns":15.0},{"damage":0.0,"enemies":"3 Shapes","floor":35.0,"turns":6.0},{"damage":0.0,"enemies":"Flame Bruiser 1 Orb","floor":36.0,"turns":6.0},{"damage":3.0,"enemies":"2 Orb Walkers","floor":41.0,"turns":6.0},{"damage":0,"enemies":"4 Shapes","floor":42,"turns":5},{"damage":18,"enemies":"Transient","floor":44,"turns":5},{"damage":2,"enemies":"Nemesis","floor":48,"turns":9},{"damage":30,"enemies":"Donu and Deca","floor":50,"turns":12}],"seed_played":"-2874733696607168583","potions_obtained":[{"floor":14.0,"key":"FearPotion"},{"floor":16.0,"key":"Weak Potion"},{"floor":24.0,"key":"Block Potion"},{"floor":27.0,"key":"FearPotion"},{"floor":34.0,"key":"PowerPotion"},{"floor":35.0,"key":"Poison Potion"},{"floor":41.0,"key":"PowerPotion"},{"floor":44,"key":"SkillPotion"}],"is_trial":false,"path_per_floor":["M","M","$","M","?","R","E","M","T","R","M","M","M","E","R","B",null,"M","$","M","?","?","R","M","E","T","M","R","$","M","?","R","B",null,"M","M","?","T","$","R","E","M","T","M","?","R","$","E","R","B"],"character_chosen":"THE_SILENT","items_purchased":["Noxious Fumes","Slice","Panache","Noxious Fumes","Oddly Smooth Stone","Backflip","PiercingWail","Whetstone","Dexterity Potion","Regal Pillow","Sling","Dream Catcher"],"campfire_rested":5,"item_purchase_floors":[3,3,19,29,39,39,39,39,47,47,47,47],"current_hp_per_floor":[48,36,36,36,36,36,26,23,23,42,42,37,37,11,30,1,50,45,45,35,17,10,31,30,21,21,18,39,39,25,25,25,12,61,61,61,61,61,61,61,58,58,58,40,40,62,62,60,60,30],"gold":254,"neow_bonus":"THREE_SMALL_POTIONS","is_prod":false,"is_daily":false,"chose_seed":false,"campfire_upgraded":4,"win_rate":0,"timestamp":1533440530,"path_taken":["M","M","$","M","?","R","E","M","T","R","M","?","M","E","R","BOSS","M","$","M","?","?","R","?","E","T","M","R","$","M","?","R","BOSS","M","M","?","?","$","R","E","?","T","M","?","R","$","E","R","BOSS"],"build_version":"2018-08-02","purchased_purges":3,"victory":true,"max_hp_per_floor":[66,66,66,66,66,66,66,66,66,66,66,66,66,66,66,66,66,66,66,66,71,71,71,71,71,71,71,71,71,71,71,71,71,76,76,76,76,76,76,76,76,76,76,76,76,76,76,76,76,76],"card_choices":[{"not_picked":["Dagger Throw","Blade Dance"],"picked":"Dagger Spray","floor":1.0},{"not_picked":["Heel Hook","Prepared"],"picked":"Dagger Spray","floor":2.0},{"not_picked":["Distraction","Endless Agony"],"picked":"Deflect","floor":4.0},{"not_picked":["Grand Finale","Sucker Punch","All Out Attack"],"picked":"SKIP","floor":7.0},{"not_picked":["Slice","Endless Agony","Flying Knee"],"picked":"SKIP","floor":8.0},{"not_picked":["Flechettes","Prepared"],"picked":"Noxious Fumes","floor":11.0},{"not_picked":["Outmaneuver","Bane"],"picked":"Predator","floor":12.0},{"not_picked":["Concentrate","Riddle With Holes","Skewer"],"picked":"SKIP","floor":13.0},{"not_picked":["Concentrate","Riddle With Holes"],"picked":"Skewer","floor":13.0},{"not_picked":["Corpse Explosion","Choke"],"picked":"Leg Sweep","floor":14.0},{"not_picked":["Glass Knife","Doppelganger"],"picked":"Adrenaline","floor":16.0},{"not_picked":["Bane","Predator+1","Flechettes"],"picked":"SKIP","floor":18.0},{"not_picked":["Deflect","Outmaneuver"],"picked":"Well Laid Plans","floor":20.0},{"not_picked":["Acrobatics","Setup"],"picked":"Predator+1","floor":24.0},{"not_picked":["Setup+1","Predator","Prepared"],"picked":"SKIP","floor":25.0},{"not_picked":["Dash","Backflip","Deadly Poison"],"picked":"PiercingWail","floor":27.0},{"not_picked":["Prepared","Accuracy","Distraction","Underhanded Strike"],"picked":"SKIP","floor":30.0},{"not_picked":["Doppelganger","Night Terror","A Thousand Cuts"],"picked":"Wraith Form v2","floor":33.0},{"not_picked":["Acrobatics","Skewer","Dagger Throw"],"picked":"Deflect+1","floor":34.0},{"not_picked":["Underhanded Strike+1","Well Laid Plans","Noxious Fumes","Quick Slash"],"picked":"SKIP","floor":35.0},{"not_picked":["Slice","Reflex","Crippling Poison"],"picked":"PiercingWail","floor":36.0},{"not_picked":["Poisoned Stab","Infinite Blades","Envenom"],"picked":"Backflip","floor":41.0},{"not_picked":["Acrobatics+1","Outmaneuver","Underhanded Strike+1"],"picked":"Bouncing Flask+1","floor":42},{"not_picked":["Quick Slash","Masterful Stab","Outmaneuver"],"picked":"Leg Sweep","floor":44},{"not_picked":["Caltrops","Underhanded Strike","Slice+1"],"picked":"Cloak And Dagger+1","floor":48}],"player_experience":462021,"relics_obtained":[{"floor":7.0,"key":"Anchor"},{"floor":9.0,"key":"Smiling Mask"},{"floor":14.0,"key":"Ornamental Fan"},{"floor":25.0,"key":"Question Card"},{"floor":41.0,"key":"Torii"},{"floor":48,"key":"Art of War"}],"event_choices":[{"event_name":"The Cleric","player_choice":"Leave","floor":5.0,"damage_taken":0.0},{"event_name":"Forgotten Altar","player_choice":"Shed Blood","floor":21.0,"damage_taken":0.0},{"event_name":"FaceTrader","player_choice":"Touch","floor":22.0,"damage_taken":0.0},{"event_name":"Back to Basics","player_choice":"Simplicity","floor":31.0,"damage_taken":0.0},{"event_name":"MindBloom","player_choice":"Gold","floor":37.0,"damage_taken":0.0},{"event_name":"Mysterious Sphere","player_choice":"Ignore","floor":45,"damage_taken":0}],"is_beta":false,"boss_relics":[{"not_picked":["Sozu","Calling Bell"],"picked":"Cursed Key"},{"not_picked":["Lizard Tail","Philosopher\u0027s Stone"],"picked":"Tiny House"}],"items_purged_floors":[19,39,47],"is_endless":false,"potions_floor_spawned":[2,4,11,12,14,16,18,20,24,27,35,41,44],"ascension_level":15}