{"gold_per_floor":[114,114,131,81,98,98,116,116,140,65,98,98,112,73,73,170,170,180,194,194,55,55,55,67,67,94,108,108,121,21,40,40,136,136,154,166,97,117,47,47,63,63,63,63,63,63,163,176,176,176],"floor_reached":51,"playtime":1042,"items_purged":["Defend_R","Strike_R"],"score":647,"play_id":"2e644b4f-4c79-4e11-a9d1-90dbe468f9c0","local_time":"20190423015832","is_ascension_mode":false,"campfire_choices":[{"data":"Inflame","floor":6,"key":"SMITH"},{"data":"Bash","floor":8,"key":"SMITH"},{"data":"Flex","floor":12,"key":"SMITH"},{"data":"Metallicize","floor":15,"key":"SMITH"},{"data":"Metallicize","floor":23,"key":"SMITH"},{"data":"Double Tap","floor":25,"key":"SMITH"},{"data":"Uppercut","floor":28,"key":"SMITH"},{"data":"Immolate","floor":32,"key":"SMITH"},{"data":"Metallicize","floor":40,"key":"SMITH"},{"data":"Whirlwind","floor":42,"key":"SMITH"},{"floor":45,"key":"REST"},{"data":"Heavy Blade","floor":49,"key":"SMITH"}],"neow_cost":"NONE","seed_source_timestamp":15928950655796,"circlet_count":0,"master_deck":["Strike_R","Strike_R","Defend_R","Defend_R","Bash+1","Inflame+1","Metallicize+1","Flex+1","Thunderclap","Metallicize+1","Double Tap+1","Immolate+1","Twin Strike+1","Uppercut+1","Shrug It Off+1","Metallicize+1","Whirlwind+1","Sword Boomerang+1","Heavy Blade+1"],"relics":["Burning Blood","NeowsBlessing","Bag of Marbles","Vajra","Sozu","Bag of Preparation","Boot","Philosopher\u0027s Stone","Darkstone Periapt","Ginger"],"potions_floor_usage":[7,13,50,50],"damage_taken":[{"damage":0,"enemies":"Jaw Worm","floor":1,"turns":1},{"damage":0,"enemies":"Small Slimes","floor":3,"turns":2},{"damage":0,"enemies":"2 Louse","floor":5,"turns":1},{"damage":5,"enemies":"Exordium Thugs","floor":7,"turns":3},{"damage":21,"enemies":"3 Sentries","floor":11,"turns":10},{"damage":6,"enemies":"Gremlin Gang","floor":13,"turns":3},{"damage":25,"enemies":"The Guardian","floor":16,"turns":9},{"damage":5,"enemies":"Chosen","floor":18,"turns":4},{"damage":7,"enemies":"Spheric Guardian","floor":19,"turns":3},{"damage":10,"enemies":"Chosen and Byrds","floor":24,"turns":4},{"damage":6,"enemies":"Cultist and Chosen","floor":27,"turns":2},{"damage":0,"enemies":"Centurion and Healer","floor":29,"turns":3},{"damage":0,"enemies":"Snecko","floor":31,"turns":3},{"damage":38,"enemies":"Champ","floor":33,"turns":8},{"damage":5,"enemies":"3 Darklings","floor":35,"turns":3},{"damage":12,"enemies":"3 Shapes","floor":36,"turns":2},{"damage":17,"enemies":"Spire Growth","floor":38,"turns":4},{"damage":27,"enemies":"4 Shapes","floor":41,"turns":3},{"damage":2,"enemies":"Mind Bloom Boss Battle","floor":47,"turns":5},{"damage":2,"enemies":"Sphere and 2 Shapes","floor":48,"turns":3},{"damage":40,"enemies":"Time Eater","floor":50,"turns":6}],"seed_played":"-7277685739937189615","potions_obtained":[{"floor":1,"key":"PowerPotion"},{"floor":5,"key":"AttackPotion"},{"floor":7,"key":"Strength Potion"},{"floor":11,"key":"Fire Potion"}],"is_trial":false,"path_per_floor":["M","?","M","?","M","R","M","R","T","$","E","R","M","$","R","B",null,"M","M","?","$","?","R","M","R","T","M","R","M","$","M","R","B",null,"M","M","$","M","$","R","M","R","T","?","R","?","?","M","R","B",null],"character_chosen":"IRONCLAD","items_purchased":["Metallicize","Immolate","Metallicize","Whirlwind"],"campfire_rested":1,"item_purchase_floors":[14,21,37,39],"current_hp_per_floor":[80,73,79,79,80,80,80,80,80,80,65,65,65,65,65,46,80,80,79,79,79,79,79,75,75,75,75,75,80,80,80,80,48,80,80,74,74,63,63,63,42,42,42,42,66,66,70,74,74,40],"gold":176,"neow_bonus":"THREE_ENEMY_KILL","is_prod":false,"is_daily":false,"chose_seed":false,"campfire_upgraded":11,"win_rate":0,"timestamp":1556006312,"path_taken":["M","?","M","?","M","R","M","R","T","?","E","R","?","$","R","BOSS","M","M","?","$","?","R","M","R","T","M","R","M","$","?","R","BOSS","M","?","$","M","$","R","M","R","T","?","R","?","?","M","R","BOSS"],"build_version":"2019-01-23","purchased_purges":2,"victory":true,"max_hp_per_floor":[80,80,80,80,80,80,80,80,80,80,80,80,80,80,80,80,80,80,80,80,80,80,80,80,80,80,80,80,80,80,80,80,80,80,80,80,80,80,80,80,80,80,80,80,80,76,76,76,76,76],"card_choices":[{"not_picked":["Feel No Pain","Corruption"],"picked":"Inflame","floor":1},{"not_picked":["Perfected Strike","Entrench"],"picked":"Metallicize","floor":3},{"not_picked":["Evolve","Anger"],"picked":"Flex","floor":5},{"not_picked":["Pommel Strike","True Grit","Hemokinesis"],"picked":"SKIP","floor":7},{"not_picked":["Perfected Strike","Second Wind","Body Slam"],"picked":"SKIP","floor":11},{"not_picked":["Disarm","Feed"],"picked":"Thunderclap","floor":13},{"not_picked":["Impervious","Feed"],"picked":"Double Tap","floor":16},{"not_picked":["Anger","Pommel Strike+1"],"picked":"Headbutt","floor":18},{"not_picked":["Bloodletting","Anger+1","Havoc"],"picked":"SKIP","floor":19},{"not_picked":["Cleave","Reckless Charge+1"],"picked":"Twin Strike+1","floor":24},{"not_picked":["Exhume","Clothesline"],"picked":"Uppercut","floor":27},{"not_picked":["Sword Boomerang","Perfected Strike"],"picked":"Shrug It Off+1","floor":29},{"not_picked":["Headbutt","Twin Strike","True Grit"],"picked":"SKIP","floor":31},{"not_picked":["Corruption+1","Twin Strike","Evolve"],"picked":"SKIP","floor":35},{"not_picked":["Clash","Thunderclap+1","Anger+1"],"picked":"SKIP","floor":36},{"not_picked":["Iron Wave","Havoc+1","Rupture"],"picked":"SKIP","floor":38},{"not_picked":["Flame Barrier+1","Second Wind"],"picked":"Sword Boomerang+1","floor":41},{"not_picked":["Shockwave","Thunderclap"],"picked":"Heavy Blade","floor":47},{"not_picked":["Rampage","Havoc","Shrug It Off"],"picked":"SKIP","floor":48}],"player_experience":1287483,"relics_obtained":[{"floor":9,"key":"Bag of Marbles"},{"floor":11,"key":"Vajra"},{"floor":26,"key":"Boot"},{"floor":43,"key":"Darkstone Periapt"},{"floor":47,"key":"Ginger"}],"event_choices":[{"cards_removed":["Strike_R"],"damage_healed":0,"gold_gain":0,"player_choice":"Card Removal","damage_taken":7,"max_hp_gain":0,"max_hp_loss":0,"event_name":"Golden Wing","floor":2,"gold_loss":0},{"cards_removed":["Defend_R"],"damage_healed":0,"gold_gain":0,"player_choice":"Card Removal","damage_taken":0,"max_hp_gain":0,"max_hp_loss":0,"event_name":"The Cleric","floor":4,"gold_loss":50},{"damage_healed":0,"gold_gain":0,"player_choice":"Ignored","damage_taken":0,"max_hp_gain":0,"max_hp_loss":0,"event_name":"Vampires","floor":20,"gold_loss":0},{"cards_removed":["Headbutt"],"damage_healed":0,"gold_gain":0,"player_choice":"Gave Card","damage_taken":0,"relics_obtained":["Bag of Preparation"],"max_hp_gain":0,"max_hp_loss":0,"event_name":"WeMeetAgain","floor":22,"gold_loss":0},{"cards_removed":["Strike_R"],"damage_healed":0,"gold_gain":0,"player_choice":"Removed Attack","damage_taken":0,"max_hp_gain":0,"max_hp_loss":0,"event_name":"Falling","floor":44,"gold_loss":0},{"damage_healed":0,"gold_gain":0,"player_choice":"Max HP","damage_taken":0,"max_hp_gain":0,"max_hp_loss":4,"event_name":"Winding Halls","floor":46,"gold_loss":0},{"damage_healed":0,"gold_gain":0,"player_choice":"Fight","damage_taken":0,"max_hp_gain":0,"max_hp_loss":0,"event_name":"MindBloom","floor":47,"gold_loss":0}],"is_beta":false,"boss_relics":[{"not_picked":["Empty Cage","Pandora\u0027s Box"],"picked":"Sozu"},{"not_picked":["White Beast Statue","Eternal Feather"],"picked":"Philosopher\u0027s Stone"}],"items_purged_floors":[10,30],"is_endless":false,"potions_floor_spawned":[1,5,7,11,19,27,33,47],"ascension_level":0}