{"gold_per_floor":[110,5,20,36,36,69,80,80,80,113,113,128,148,160,160,257,257,277,31,31,31,46,46,75,75,75,109,109,122,47,64,64,159,159,171,183,194,213,229,264,364,59,83,83,83,413,413,439,439,439],"floor_reached":51,"playtime":2129,"items_purged":["Strike_R+1"],"score":887,"play_id":"e9086bf5-73b4-4bf7-ad57-caca0bfc4003","local_time":"20190424085115","is_ascension_mode":false,"campfire_choices":[{"data":"Armaments","floor":8,"key":"SMITH"},{"data":"Armaments","floor":11,"key":"SMITH"},{"data":"Heavy Blade","floor":15,"key":"SMITH"},{"data":"Whirlwind","floor":23,"key":"SMITH"},{"data":"Inflame","floor":25,"key":"SMITH"},{"data":"Limit Break","floor":28,"key":"SMITH"},{"data":"Clothesline","floor":32,"key":"SMITH"},{"floor":44,"key":"REST"},{"data":"Corruption","floor":49,"key":"SMITH"}],"neow_cost":"NONE","seed_source_timestamp":1028503995882700,"circlet_count":0,"master_deck":["Strike_R+1","Strike_R+1","Strike_R+1","Defend_R+1","Defend_R+1","Defend_R+1","Defend_R+1","Bash+1","Spot Weakness","Armaments+1","Twin Strike+1","Clothesline+1","Inflame+1","True Grit","Feed","Armaments+1","Heavy Blade+1","Feed","Limit Break+1","Whirlwind+1","Battle Trance+1","Intimidate+1","Immolate+1","Corruption+1","Sentinel+1","Shrug It Off+1","Headbutt","Disarm+1","Limit Break+1","Shockwave+1","Sentinel+1","Writhe","Battle Trance+1","True Grit+1"],"relics":["Burning Blood","Juzu Bracelet","Centennial Puzzle","Paper Frog","Velvet Choker","Toxic Egg 2","Blue Candle","Red Skull","StoneCalendar","Black Star","Gambling Chip","PreservedInsect","FossilizedHelix","Anchor","Blood Vial","Old Coin","Whetstone","Bottled Tornado","Vajra"],"potions_floor_usage":[10,22,24,33,33,33,50,50],"damage_taken":[{"damage":0,"enemies":"2 Louse","floor":1,"turns":3},{"damage":0,"enemies":"Small Slimes","floor":3,"turns":3},{"damage":6,"enemies":"Jaw Worm","floor":4,"turns":3},{"damage":28,"enemies":"Lagavulin","floor":6,"turns":6},{"damage":0,"enemies":"2 Fungi Beasts","floor":7,"turns":3},{"damage":10,"enemies":"Gremlin Nob","floor":10,"turns":3},{"damage":13,"enemies":"Blue Slaver","floor":12,"turns":6},{"damage":13,"enemies":"Exordium Thugs","floor":13,"turns":7},{"damage":2,"enemies":"Looter","floor":14,"turns":5},{"damage":32,"enemies":"Hexaghost","floor":16,"turns":8},{"damage":7,"enemies":"Shell Parasite","floor":18,"turns":4},{"damage":17,"enemies":"2 Thieves","floor":22,"turns":4},{"damage":29,"enemies":"Book of Stabbing","floor":24,"turns":5},{"damage":22,"enemies":"Slavers","floor":27,"turns":5},{"damage":4,"enemies":"Shelled Parasite and Fungi","floor":29,"turns":4},{"damage":11,"enemies":"Sentry and Sphere","floor":31,"turns":4},{"damage":15,"enemies":"Collector","floor":33,"turns":4},{"damage":19,"enemies":"3 Shapes","floor":35,"turns":5},{"damage":13,"enemies":"3 Darklings","floor":36,"turns":4},{"damage":26,"enemies":"Jaw Worm Horde","floor":37,"turns":6},{"damage":40,"enemies":"Spire Growth","floor":38,"turns":4},{"damage":9,"enemies":"4 Shapes","floor":39,"turns":5},{"damage":32,"enemies":"Nemesis","floor":40,"turns":5},{"damage":0,"enemies":"Mind Bloom Boss Battle","floor":41,"turns":5},{"damage":16,"enemies":"Reptomancer","floor":46,"turns":5},{"damage":4,"enemies":"Nemesis","floor":48,"turns":3},{"damage":32,"enemies":"Donu and Deca","floor":50,"turns":6}],"seed_played":"-2048368080932811517","potions_obtained":[{"floor":6,"key":"Poison Potion"},{"floor":7,"key":"GamblersBrew"},{"floor":10,"key":"Strength Potion"},{"floor":12,"key":"PowerPotion"},{"floor":22,"key":"Poison Potion"},{"floor":24,"key":"Swift Potion"},{"floor":35,"key":"Strength Potion"},{"floor":38,"key":"FearPotion"},{"floor":39,"key":"FearPotion"}],"is_trial":false,"path_per_floor":["M","$","M","M","?","E","M","R","T","E","R","M","M","M","R","B",null,"M","$","?","?","M","R","E","R","T","E","R","M","?","M","R","B",null,"M","M","M","M","M","E","?","$","T","R","?","E","?","E","R","B",null],"character_chosen":"IRONCLAD","items_purchased":["Armaments","Twin Strike","Toxic Egg 2","Anchor","Block Potion","Sentinel+1"],"campfire_rested":1,"item_purchase_floors":[2,2,19,42,42,42],"current_hp_per_floor":[80,80,80,80,80,58,64,64,64,60,60,57,54,62,62,39,95,98,98,98,98,90,90,70,70,70,62,62,68,68,63,63,54,117,111,108,96,62,63,41,54,54,54,99,137,132,132,139,139,115],"gold":439,"neow_bonus":"UPGRADE_CARD","is_prod":false,"is_daily":false,"chose_seed":false,"campfire_upgraded":8,"win_rate":1,"timestamp":1556121075,"path_taken":["M","$","M","M","?","E","M","R","T","E","R","M","M","M","R","BOSS","M","$","?","?","M","R","E","R","T","E","R","M","?","M","R","BOSS","M","M","M","M","M","E","?","?","T","R","?","E","?","E","R","BOSS"],"build_version":"2019-01-23","purchased_purges":1,"victory":true,"max_hp_per_floor":[80,80,80,80,80,80,80,80,80,80,80,84,88,92,92,95,95,99,99,99,99,102,102,105,105,105,113,113,117,117,117,117,117,117,124,128,136,136,140,144,151,151,151,151,151,154,154,157,157,157],"card_choices":[{"not_picked":["Headbutt","Iron Wave"],"picked":"Spot Weakness","floor":1},{"not_picked":["Cleave","Searing Blow"],"picked":"Clothesline","floor":3},{"not_picked":["Rampage","Corruption"],"picked":"Inflame","floor":4},{"not_picked":["Cleave","Armaments"],"picked":"True Grit","floor":6},{"not_picked":["Pommel Strike","Combust"],"picked":"Feed","floor":7},{"not_picked":["Twin Strike","Wild Strike"],"picked":"Armaments","floor":10},{"not_picked":["Armaments","Havoc","Iron Wave"],"picked":"SKIP","floor":12},{"not_picked":["Heavy Blade","Fire Breathing","Clothesline"],"picked":"SKIP","floor":13},{"not_picked":["Fire Breathing","Clothesline"],"picked":"Heavy Blade","floor":13},{"not_picked":["Havoc","Body Slam"],"picked":"Feed","floor":14},{"not_picked":["Offering","Immolate"],"picked":"Limit Break","floor":16},{"not_picked":["Warcry","Second Wind","Dropkick+1"],"picked":"SKIP","floor":18},{"not_picked":["Hemokinesis","Flex+1"],"picked":"Whirlwind","floor":22},{"not_picked":["Clothesline","Wild Strike"],"picked":"Battle Trance+1","floor":24},{"not_picked":["Whirlwind","Perfected Strike+1"],"picked":"Intimidate+1","floor":27},{"not_picked":["Wild Strike","Flex+1","Havoc+1"],"picked":"SKIP","floor":29},{"not_picked":["Thunderclap","Reckless Charge","Clothesline"],"picked":"SKIP","floor":31},{"not_picked":["Brutality","Double Tap+1"],"picked":"Immolate","floor":33},{"not_picked":["Heavy Blade+1","Cleave+1"],"picked":"Corruption","floor":35},{"not_picked":["Thunderclap+1","Corruption+1"],"picked":"Sentinel+1","floor":36},{"not_picked":["Cleave","Searing Blow"],"picked":"Shrug It Off+1","floor":37},{"not_picked":["Havoc+1","Warcry+1"],"picked":"Headbutt","floor":38},{"not_picked":["Pommel Strike","Searing Blow+1"],"picked":"Disarm+1","floor":39},{"not_picked":["Thunderclap","Heavy Blade+1"],"picked":"Limit Break+1","floor":40},{"not_picked":["Rampage+1","Headbutt"],"picked":"Shockwave+1","floor":41},{"not_picked":["Limit Break+1","Inflame+1"],"picked":"Battle Trance+1","floor":46},{"not_picked":["Dual Wield+1","Inflame+1"],"picked":"True Grit+1","floor":48}],"player_experience":555746,"relics_obtained":[{"floor":6,"key":"Juzu Bracelet"},{"floor":9,"key":"Centennial Puzzle"},{"floor":10,"key":"Paper Frog"},{"floor":24,"key":"Blue Candle"},{"floor":26,"key":"Red Skull"},{"floor":27,"key":"StoneCalendar"},{"floor":40,"key":"Gambling Chip"},{"floor":40,"key":"PreservedInsect"},{"floor":41,"key":"FossilizedHelix"},{"floor":43,"key":"Blood Vial"},{"floor":46,"key":"Old Coin"},{"floor":46,"key":"Whetstone"},{"floor":48,"key":"Bottled Tornado"},{"floor":48,"key":"Vajra"}],"event_choices":[{"damage_healed":0,"gold_gain":0,"player_choice":"Ignored","damage_taken":0,"max_hp_gain":0,"max_hp_loss":0,"event_name":"Liars Game","floor":5,"gold_loss":0},{"damage_healed":0,"gold_gain":0,"player_choice":"Ignored","damage_taken":0,"max_hp_gain":0,"max_hp_loss":0,"event_name":"Vampires","floor":20,"gold_loss":0},{"damage_healed":0,"gold_gain":0,"player_choice":"Simplicity","damage_taken":0,"max_hp_gain":0,"max_hp_loss":0,"event_name":"Back to Basics","floor":21,"gold_loss":0,"cards_upgraded":["Strike_R","Strike_R","Strike_R","Strike_R","Strike_R","Defend_R","Defend_R","Defend_R","Defend_R"]},{"cards_removed":["Strike_R"],"damage_healed":0,"gold_gain":0,"player_choice":"Gave Gold","damage_taken":0,"max_hp_gain":0,"max_hp_loss":0,"event_name":"Beggar","floor":30,"gold_loss":75},{"damage_healed":0,"gold_gain":0,"player_choice":"Fight","damage_taken":0,"max_hp_gain":0,"max_hp_loss":0,"event_name":"MindBloom","floor":41,"gold_loss":0},{"damage_healed":38,"gold_gain":0,"player_choice":"Writhe","damage_taken":0,"max_hp_gain":0,"max_hp_loss":0,"event_name":"Winding Halls","floor":45,"gold_loss":0,"cards_obtained":["Writhe"]},{"damage_healed":0,"gold_gain":0,"player_choice":"Ignored","damage_taken":0,"max_hp_gain":0,"max_hp_loss":0,"event_name":"SecretPortal","floor":47,"gold_loss":0}],"is_beta":false,"boss_relics":[{"not_picked":["Pandora\u0027s Box","Empty Cage"],"picked":"Velvet Choker"},{"not_picked":["Orrery","White Beast Statue"],"picked":"Black Star"}],"items_purged_floors":[42],"is_endless":false,"potions_floor_spawned":[6,7,10,12,13,22,24,35,38,39],"ascension_level":0}