{"gold_per_floor":[362,379,379,395,406,406,5,5,28,128,142,142,152,168,168,270,270,286,304,304,318,26,26,26],"floor_reached":24,"playtime":1202,"items_purged":["Strike_G","Strike_G"],"score":304,"play_id":"add9b2b6-28fb-48d9-bc76-3804aa18362d","local_time":"20190424141908","is_ascension_mode":true,"campfire_choices":[{"floor":6.0,"key":"REST"},{"data":"Footwork","floor":8.0,"key":"SMITH"},{"data":"Noxious Fumes","floor":12.0,"key":"SMITH"},{"floor":15.0,"key":"REST"},{"data":"Neutralize","floor":23,"key":"SMITH"}],"neow_cost":"PERCENT_DAMAGE","seed_source_timestamp":15467171063553,"circlet_count":0,"master_deck":["AscendersBane","Defend_G","Defend_G","Defend_G","Defend_G","Defend_G","Strike_G","Strike_G","Strike_G","Survivor","Neutralize+1","Noxious Fumes+1","Tactician","Prepared","Footwork+1","Footwork","Deflect+1","Escape Plan+1","Corpse Explosion+1","Expertise+1"],"special_seed":0,"relics":["Ring of the Snake","Regal Pillow","Toxic Egg 2","Art of War","Coffee Dripper","Oddly Smooth Stone"],"potions_floor_usage":[],"damage_taken":[{"damage":0.0,"enemies":"2 Louse","floor":1.0,"turns":4.0},{"damage":3.0,"enemies":"Cultist","floor":2.0,"turns":5.0},{"damage":5.0,"enemies":"Small Slimes","floor":4.0,"turns":6.0},{"damage":15.0,"enemies":"Exordium Wildlife","floor":5.0,"turns":5.0},{"damage":8.0,"enemies":"Large Slime","floor":11.0,"turns":10.0},{"damage":10.0,"enemies":"Exordium Thugs","floor":13.0,"turns":6.0},{"damage":8.0,"enemies":"3 Louse","floor":14.0,"turns":4.0},{"damage":13.0,"enemies":"The Guardian","floor":16.0,"turns":14.0},{"damage":20,"enemies":"2 Thieves","floor":18,"turns":4},{"damage":16,"enemies":"3 Byrds","floor":19,"turns":4},{"damage":26,"enemies":"Sentry and Sphere","floor":21,"turns":7},{"damage":0,"enemies":"Gremlin Leader","floor":24,"turns":1}],"seed_played":"-5222650499531798734","potions_obtained":[{"floor":1.0,"key":"Regen Potion"},{"floor":2.0,"key":"PowerPotion"},{"floor":14.0,"key":"Weak Potion"},{"floor":21,"key":"Dexterity Potion"}],"is_trial":false,"path_per_floor":["M","M","?","M","M","R","$","R","T","?","M","R","M","M","R","B",null,"M","M","?","M","$","R","E"],"character_chosen":"THE_SILENT","items_purchased":["Toxic Egg 2","Footwork","Oddly Smooth Stone","Expertise+1"],"campfire_rested":2,"item_purchase_floors":[7,7,22,22],"current_hp_per_floor":[45,42,24,34,19,55,55,55,55,55,47,47,37,29,65,52,66,46,30,30,4,4,4,4],"gold":26,"neow_bonus":"TWO_FIFTY_GOLD","is_prod":false,"is_daily":false,"chose_seed":false,"campfire_upgraded":3,"win_rate":0,"timestamp":1556083148,"path_taken":["M","M","?","M","M","R","$","R","T","?","M","R","?","M","R","BOSS","M","M","?","M","$","R","E"],"build_version":"2019-01-23","purchased_purges":2,"victory":false,"max_hp_per_floor":[70,70,70,70,70,70,70,70,70,70,70,70,70,70,70,70,70,70,70,70,70,70,70,70],"card_choices":[{"not_picked":["Quick Slash","Flechettes"],"picked":"Noxious Fumes","floor":1.0},{"not_picked":["Deflect","Poisoned Stab","Accuracy"],"picked":"SKIP","floor":2.0},{"not_picked":["Acrobatics","Outmaneuver"],"picked":"Tactician","floor":4.0},{"not_picked":["Setup","Malaise"],"picked":"Prepared","floor":5.0},{"not_picked":["Outmaneuver+1","PiercingWail+1"],"picked":"Footwork","floor":11.0},{"not_picked":["Outmaneuver+1","Dagger Spray"],"picked":"Deflect+1","floor":13.0},{"not_picked":["Blade Dance+1","Flechettes"],"picked":"Escape Plan+1","floor":14.0},{"not_picked":["Doppelganger+1","Tools of the Trade"],"picked":"Corpse Explosion+1","floor":16.0},{"not_picked":["Infinite Blades+1","Dagger Spray","Dodge and Roll+1"],"picked":"SKIP","floor":18},{"not_picked":["Cloak And Dagger+1","Endless Agony","Flechettes"],"picked":"SKIP","floor":19},{"not_picked":["Bane","Concentrate+1","Footwork"],"picked":"SKIP","floor":21}],"player_experience":687221,"relics_obtained":[{"floor":9.0,"key":"Art of War"}],"event_choices":[{"damage_healed":0.0,"max_hp_gain":0.0,"max_hp_loss":0.0,"gold_gain":0.0,"event_name":"Scrap Ooze","player_choice":"Success","floor":3.0,"gold_loss":0.0,"damage_taken":18.0,"relics_obtained":["Regal Pillow"]},{"damage_healed":0.0,"max_hp_gain":0.0,"max_hp_loss":0.0,"gold_gain":100.0,"event_name":"Golden Shrine","player_choice":"Pray","floor":10.0,"gold_loss":0.0,"damage_taken":0.0},{"damage_healed":0,"gold_gain":0,"player_choice":"Ignored","damage_taken":0,"max_hp_gain":0,"max_hp_loss":0,"event_name":"Ghosts","floor":20,"gold_loss":0}],"is_beta":false,"boss_relics":[{"not_picked":["Lizard Tail","Fusion Hammer"],"picked":"Coffee Dripper"}],"items_purged_floors":[7,22],"is_endless":false,"potions_floor_spawned":[1,2,14,16,18,21],"killed_by":"Gremlin Leader","ascension_level":12}