{"gold_per_floor":[117,130,130,130,204,235,252,317,397,397,427,441,467,481,481,586,586,604,604,223,223,242,140,140,240,240,250,250,269,298,18,18,120,120,133,133,178,178,31,56,156,185,185,197,197,197,232,0,0,0],"floor_reached":51,"playtime":2050,"items_purged":["Strike_B","Strike_B","Strike_B","Pain"],"score":1042,"play_id":"f460226d-8f77-4e76-9958-b711045cfb0c","local_time":"20190424210953","is_ascension_mode":false,"campfire_choices":[{"data":"Hologram","floor":10.0,"key":"SMITH"},{"floor":15.0,"key":"REST"},{"data":"Defragment","floor":24.0,"key":"SMITH"},{"data":"Hello World","floor":28.0,"key":"SMITH"},{"floor":32.0,"key":"REST"},{"data":"Defragment","floor":45.0,"key":"SMITH"},{"floor":49,"key":"REST"}],"neow_cost":"NONE","seed_source_timestamp":706700634867,"circlet_count":0,"master_deck":["Strike_B","Defend_B","Defend_B","Defend_B","Zap+1","Dualcast","Streamline","Go for the Eyes+1","Go for the Eyes","Hologram+1","Reinforced Body","Conserve Battery","Capacitor","Ball Lightning","All For One","Chaos","Hello World+1","Cold Snap","Necronomicurse","Ball Lightning+1","Defragment+1","Glacier","Streamline","Seek","Coolheaded+1","Ball Lightning","Defragment","Discovery","Tempest+1","Seek","Reinforced Body+1","Turbo+1","Defragment+1","Sunder","Defragment","Defragment+1","Defragment","Recycle+1"],"special_seed":0,"relics":["Cracked Core","Boot","Mango","Mummified Hand","Singing Bowl","Dream Catcher","Vajra","Sozu","Membership Card","Juzu Bracelet","Necronomicon","Unceasing Top","Question Card","Ginger","Blood Vial","Regal Pillow","Anchor","Nuclear Battery","WarpedTongs","WingedGreaves","Dodecahedron","Turnip","Smiling Mask","FossilizedHelix","Darkstone Periapt","Red Mask"],"potions_floor_usage":[],"damage_taken":[{"damage":1.0,"enemies":"Jaw Worm","floor":1.0,"turns":3.0},{"damage":3.0,"enemies":"Small Slimes","floor":2.0,"turns":3.0},{"damage":16.0,"enemies":"Lagavulin","floor":6.0,"turns":5.0},{"damage":0.0,"enemies":"Cultist","floor":7.0,"turns":2.0},{"damage":6.0,"enemies":"Lagavulin Event","floor":8.0,"turns":5.0},{"damage":29.0,"enemies":"Gremlin Nob","floor":11.0,"turns":4.0},{"damage":0.0,"enemies":"3 Louse","floor":12.0,"turns":2.0},{"damage":19.0,"enemies":"3 Sentries","floor":13.0,"turns":8.0},{"damage":0.0,"enemies":"2 Fungi Beasts","floor":14.0,"turns":3.0},{"damage":21.0,"enemies":"Slime Boss","floor":16.0,"turns":9.0},{"damage":2.0,"enemies":"Chosen","floor":18.0,"turns":4.0},{"damage":8.0,"enemies":"2 Thieves","floor":22.0,"turns":4.0},{"damage":5.0,"enemies":"Colosseum Slavers","floor":25.0,"turns":3.0},{"damage":2.0,"enemies":"Colosseum Nobs","floor":25.0,"turns":3.0},{"damage":3.0,"enemies":"Snake Plant","floor":27.0,"turns":4.0},{"damage":17.0,"enemies":"Snecko","floor":29.0,"turns":4.0},{"damage":0.0,"enemies":"Book of Stabbing","floor":30.0,"turns":5.0},{"damage":4.0,"enemies":"Champ","floor":33.0,"turns":7.0},{"damage":10.0,"enemies":"3 Darklings","floor":35.0,"turns":4.0},{"damage":9.0,"enemies":"2 Orb Walkers","floor":37.0,"turns":4.0},{"damage":0.0,"enemies":"Giant Head","floor":40.0,"turns":6.0},{"damage":14.0,"enemies":"Mind Bloom Boss Battle","floor":41.0,"turns":4.0},{"damage":6.0,"enemies":"Nemesis","floor":42.0,"turns":5.0},{"damage":0.0,"enemies":"3 Shapes","floor":44.0,"turns":2.0},{"damage":0,"enemies":"Reptomancer","floor":47,"turns":4},{"damage":0,"enemies":"Awakened One","floor":50,"turns":12}],"seed_played":"-7525068318806683139","potions_obtained":[{"floor":1.0,"key":"FearPotion"},{"floor":6.0,"key":"Ancient Potion"},{"floor":8.0,"key":"SkillPotion"},{"floor":12.0,"key":"Regen Potion"},{"floor":16.0,"key":"GamblersBrew"}],"is_trial":false,"path_per_floor":["M","M","?","?","?","E","M","?","T","R","E","M","E","M","R","B",null,"M","?","$","?","M","$","R","?","T","M","R","M","E","$","R","B",null,"M","?","?","?","$","E","?","E","T","M","R","?","E","?","R","B",null],"character_chosen":"DEFECT","items_purchased":["Membership Card","Juzu Bracelet","Hello World","Cold Snap","Defragment","Glacier","Defragment","Regal Pillow","Anchor","Discovery","Defragment","Sunder"],"campfire_rested":3,"item_purchase_floors":[20,20,20,20,23,23,31,31,31,31,39,39],"current_hp_per_floor":[74,71,71,68,68,66,66,60,60,60,31,31,29,29,56,35,91,89,89,89,73,65,65,65,58,58,55,55,38,38,38,80,78,91,81,81,74,74,74,76,64,60,60,64,64,64,68,68,90,90],"gold":0,"neow_bonus":"UPGRADE_CARD","is_prod":false,"is_daily":false,"chose_seed":false,"campfire_upgraded":4,"win_rate":0,"timestamp":1556161793,"path_taken":["M","M","?","?","?","E","M","?","T","R","E","M","E","M","R","BOSS","M","?","?","?","M","$","R","?","T","M","R","M","E","$","R","BOSS","M","?","?","?","$","E","?","E","T","M","R","?","E","?","R","BOSS"],"build_version":"2019-01-23","purchased_purges":4,"victory":true,"max_hp_per_floor":[75,75,75,75,75,89,89,89,89,89,89,89,91,91,91,91,91,91,91,91,91,91,91,91,91,91,91,91,91,91,91,91,91,91,91,91,91,86,86,86,86,86,86,88,88,88,90,90,90,90],"card_choices":[{"not_picked":["Skim","Go for the Eyes"],"picked":"Streamline","floor":1.0},{"not_picked":["Gash","Stack"],"picked":"Go for the Eyes","floor":2.0},{"not_picked":["Fission","Compile Driver"],"picked":"Go for the Eyes","floor":6.0},{"not_picked":["Genetic Algorithm","Blizzard","Chill"],"picked":"SKIP","floor":7.0},{"not_picked":["Melter","Steam"],"picked":"Hologram","floor":8.0},{"not_picked":["Skim","Melter"],"picked":"Reinforced Body","floor":11.0},{"not_picked":["Sunder","Redo"],"picked":"Conserve Battery","floor":12.0},{"not_picked":["Core Surge","Meteor Strike","Go for the Eyes"],"picked":"Singing Bowl","floor":13.0},{"not_picked":["Rebound","Hologram"],"picked":"Capacitor","floor":14.0},{"not_picked":["Capacitor","Doom and Gloom"],"picked":"Ball Lightning","floor":15.0},{"not_picked":["Hyperbeam","Seek"],"picked":"All For One","floor":16.0},{"not_picked":["Go for the Eyes","Redo"],"picked":"Chaos","floor":18.0},{"not_picked":["Fusion","Conserve Battery"],"picked":"Ball Lightning+1","floor":22.0},{"not_picked":["Gash","Hologram+1"],"picked":"Streamline","floor":25.0},{"not_picked":["Hologram","Reprogram","Scrape"],"picked":"Seek","floor":27.0},{"not_picked":["Stack","Skim","Consume"],"picked":"Coolheaded+1","floor":29.0},{"not_picked":["Cold Snap+1","Sweeping Beam","Loop"],"picked":"Ball Lightning","floor":30.0},{"not_picked":["Coolheaded","Fission","Glacier+1"],"picked":"Tempest+1","floor":32.0},{"not_picked":["Echo Form","Thunder Strike","Machine Learning"],"picked":"Seek","floor":33.0},{"not_picked":["Redo","FTL+1","Turbo+1"],"picked":"Reinforced Body+1","floor":35.0},{"not_picked":["Double Energy","Conserve Battery+1","Consume+1"],"picked":"Turbo+1","floor":37.0},{"not_picked":["Undo","Meteor Strike","BootSequence+1"],"picked":"Defragment","floor":40.0},{"not_picked":["Sweeping Beam+1","Melter+1","Go for the Eyes+1"],"picked":"Defragment+1","floor":41.0},{"not_picked":["Scrape","Beam Cell+1","Static Discharge+1"],"picked":"Defragment","floor":42.0},{"not_picked":["Rebound","Beam Cell+1","Cold Snap+1","FTL"],"picked":"Singing Bowl","floor":44.0},{"not_picked":["Force Field","Barrage","Undo","Stack"],"picked":"Singing Bowl","floor":47},{"not_picked":["Hologram+1","Darkness","Hello World"],"picked":"Recycle+1","floor":49}],"player_experience":1303790,"relics_obtained":[{"floor":6.0,"key":"Mango"},{"floor":8.0,"key":"Mummified Hand"},{"floor":9.0,"key":"Singing Bowl"},{"floor":11.0,"key":"Dream Catcher"},{"floor":13.0,"key":"Vajra"},{"floor":21.0,"key":"Necronomicon"},{"floor":25.0,"key":"Unceasing Top"},{"floor":25.0,"key":"Question Card"},{"floor":26.0,"key":"Ginger"},{"floor":30.0,"key":"Blood Vial"},{"floor":37.0,"key":"WingedGreaves"},{"floor":40.0,"key":"Dodecahedron"},{"floor":41.0,"key":"Turnip"},{"floor":42.0,"key":"Smiling Mask"},{"floor":43.0,"key":"FossilizedHelix"},{"floor":47,"key":"Darkstone Periapt"}],"event_choices":[{"damage_healed":0.0,"max_hp_gain":0.0,"max_hp_loss":0.0,"gold_gain":0.0,"event_name":"Living Wall","player_choice":"Grow","floor":3.0,"gold_loss":0.0,"damage_taken":0.0,"cards_upgraded":["Go for the Eyes"]},{"damage_healed":0.0,"max_hp_gain":0.0,"max_hp_loss":0.0,"gold_gain":0.0,"event_name":"Scrap Ooze","player_choice":"Success","floor":4.0,"gold_loss":0.0,"damage_taken":3.0,"relics_obtained":["Boot"]},{"damage_healed":0.0,"max_hp_gain":0.0,"max_hp_loss":0.0,"gold_gain":74.0,"event_name":"Golden Wing","player_choice":"Gained Gold","floor":5.0,"gold_loss":0.0,"damage_taken":0.0},{"damage_healed":0.0,"max_hp_gain":0.0,"max_hp_loss":0.0,"gold_gain":0.0,"event_name":"Dead Adventurer","player_choice":"Searched \u00271\u0027 times","floor":8.0,"gold_loss":0.0,"damage_taken":0.0},{"damage_healed":0.0,"max_hp_gain":0.0,"max_hp_loss":0.0,"gold_gain":0.0,"event_name":"N\u0027loth","player_choice":"Ignored","floor":19.0,"gold_loss":0.0,"damage_taken":0.0},{"damage_healed":0.0,"max_hp_gain":0.0,"max_hp_loss":0.0,"gold_gain":0.0,"event_name":"Cursed Tome","player_choice":"Obtained Book","floor":21.0,"gold_loss":0.0,"damage_taken":16.0},{"damage_healed":0.0,"max_hp_gain":0.0,"max_hp_loss":0.0,"gold_gain":0.0,"event_name":"Colosseum","player_choice":"Fight","floor":25.0,"gold_loss":0.0,"damage_taken":0.0},{"damage_healed":0.0,"max_hp_gain":0.0,"max_hp_loss":0.0,"gold_gain":0.0,"event_name":"Colosseum","player_choice":"Fought Nobs","floor":25.0,"gold_loss":0.0,"damage_taken":0.0},{"damage_healed":0.0,"max_hp_gain":0.0,"max_hp_loss":0.0,"gold_gain":0.0,"event_name":"Accursed Blacksmith","player_choice":"Rummage","floor":36.0,"gold_loss":0.0,"damage_taken":0.0,"relics_obtained":["WarpedTongs"],"cards_obtained":["Pain"]},{"damage_healed":0.0,"max_hp_gain":0.0,"max_hp_loss":0.0,"gold_gain":0.0,"event_name":"Mysterious Sphere","player_choice":"Fight","floor":37.0,"gold_loss":0.0,"damage_taken":0.0},{"damage_healed":0.0,"max_hp_gain":0.0,"max_hp_loss":5.0,"gold_gain":0.0,"event_name":"Winding Halls","player_choice":"Max HP","floor":38.0,"gold_loss":0.0,"damage_taken":0.0},{"damage_healed":0.0,"max_hp_gain":0.0,"max_hp_loss":0.0,"gold_gain":0.0,"event_name":"MindBloom","player_choice":"Fight","floor":41.0,"gold_loss":0.0,"damage_taken":0.0},{"cards_removed":["Defend_B"],"damage_healed":0.0,"max_hp_gain":0.0,"max_hp_loss":0.0,"gold_gain":0.0,"event_name":"Falling","player_choice":"Removed Skill","floor":46.0,"gold_loss":0.0,"damage_taken":0.0},{"damage_healed":0,"gold_gain":0,"player_choice":"Paid","damage_taken":0,"relics_obtained":["Red Mask"],"max_hp_gain":0,"max_hp_loss":0,"event_name":"Tomb of Lord Red Mask","floor":48,"gold_loss":232}],"is_beta":false,"boss_relics":[{"not_picked":["Cursed Key","Inserter"],"picked":"Sozu"},{"not_picked":["Tiny House","Orrery"],"picked":"Nuclear Battery"}],"items_purged_floors":[20,23,31,39],"is_endless":false,"potions_floor_spawned":[1,6,8,12,16,18,25,25,27,30,35,40],"ascension_level":0}