{"gold_per_floor":[110,121,136,16,32,32,47,74,98,98,133,150,180,191,191,290,290,308,83,83,43,43,43,74,88,115,134,154,154,253,178,178,178],"floor_reached":33,"playtime":3199,"items_purged":["Strike_R","Defend_R"],"score":369,"play_id":"4ae4deae-53b4-4e2b-a34a-283885d1aaf6","local_time":"20190317183700","is_ascension_mode":true,"campfire_choices":[{"data":"Evolve","floor":6.0,"key":"SMITH"},{"data":"True Grit","floor":10.0,"key":"SMITH"},{"floor":15.0,"key":"REST"},{"data":"True Grit","floor":23.0,"key":"SMITH"},{"floor":29,"key":"REST"},{"floor":32,"key":"REST"}],"neow_cost":"NONE","seed_source_timestamp":426669198232987,"circlet_count":0,"master_deck":["Strike_R","Strike_R","Defend_R","Defend_R","Defend_R","Bash","Brutality","Wild Strike","Feel No Pain","Evolve+1","True Grit+1","Wild Strike","Disarm+1","True Grit+1","Dark Embrace","Feed","True Grit","Offering","Whirlwind","Feel No Pain","Flame Barrier+1","Reaper","Clothesline","Second Wind+1","Seeing Red+1"],"special_seed":0,"relics":["Burning Blood","Art of War","Vajra","Ancient Tea Set","Juzu Bracelet","Mark of Pain","Toxic Egg 2","Bag of Preparation","Bronze Scales"],"potions_floor_usage":[27,28],"damage_taken":[{"damage":2.0,"enemies":"Cultist","floor":1.0,"turns":4.0},{"damage":12.0,"enemies":"Small Slimes","floor":2.0,"turns":3.0},{"damage":9.0,"enemies":"Jaw Worm","floor":3.0,"turns":3.0},{"damage":5.0,"enemies":"Gremlin Gang","floor":5.0,"turns":3.0},{"damage":6.0,"enemies":"2 Fungi Beasts","floor":7.0,"turns":3.0},{"damage":23.0,"enemies":"3 Sentries","floor":8.0,"turns":8.0},{"damage":34.0,"enemies":"Gremlin Nob","floor":11.0,"turns":5.0},{"damage":0.0,"enemies":"Exordium Wildlife","floor":12.0,"turns":4.0},{"damage":28.0,"enemies":"Lagavulin","floor":13.0,"turns":8.0},{"damage":2.0,"enemies":"Blue Slaver","floor":14.0,"turns":6.0},{"damage":52.0,"enemies":"The Guardian","floor":16.0,"turns":11.0},{"damage":14.0,"enemies":"3 Byrds","floor":18.0,"turns":7.0},{"damage":63.0,"enemies":"Book of Stabbing","floor":24.0,"turns":10.0},{"damage":9.0,"enemies":"Shell Parasite","floor":25.0,"turns":4.0},{"damage":31,"enemies":"Cultist and Chosen","floor":27,"turns":7},{"damage":21,"enemies":"Sentry and Sphere","floor":28,"turns":4},{"damage":103,"enemies":"Champ","floor":33,"turns":17}],"seed_played":"3565860960420089786","potions_obtained":[{"floor":2.0,"key":"Explosive Potion"},{"floor":3.0,"key":"Block Potion"},{"floor":8.0,"key":"Regen Potion"},{"floor":11.0,"key":"Block Potion"},{"floor":14.0,"key":"AttackPotion"},{"floor":24.0,"key":"FearPotion"},{"floor":25,"key":"Regen Potion"}],"is_trial":false,"path_per_floor":["M","M","M","$","M","R","M","E","T","R","E","M","E","M","R","B",null,"M","$","?","?","?","R","E","M","T","M","M","R","?","?","R","B"],"character_chosen":"IRONCLAD","items_purchased":["True Grit","Feel No Pain","Explosive Potion"],"campfire_rested":3,"item_purchase_floors":[4,19,19],"current_hp_per_floor":[80,74,71,71,72,72,72,55,55,55,41,47,25,32,56,10,83,78,78,78,78,78,78,26,33,33,36,24,52,52,52,80,0],"gold":178,"neow_bonus":"ONE_RANDOM_RARE_CARD","is_prod":false,"is_daily":false,"chose_seed":false,"campfire_upgraded":3,"win_rate":0,"timestamp":1552858620,"path_taken":["M","M","?","$","M","R","M","E","T","R","E","M","E","M","R","BOSS","M","$","?","?","?","R","E","M","T","M","M","R","?","?","R","BOSS"],"build_version":"2019-01-23","purchased_purges":2,"victory":false,"max_hp_per_floor":[80,80,80,80,80,80,80,80,80,80,80,80,80,83,83,83,83,86,86,86,86,86,86,86,89,89,92,95,95,95,95,95,95],"card_choices":[{"not_picked":["Havoc","Power Through"],"picked":"Wild Strike","floor":1.0},{"not_picked":["Dropkick","Perfected Strike"],"picked":"Feel No Pain","floor":2.0},{"not_picked":["Sever Soul","Perfected Strike"],"picked":"Evolve","floor":3.0},{"not_picked":["True Grit","Cleave"],"picked":"Wild Strike","floor":5.0},{"not_picked":["Anger","Burning Pact"],"picked":"Disarm","floor":7.0},{"not_picked":["Heavy Blade","Second Wind"],"picked":"True Grit","floor":8.0},{"not_picked":["Iron Wave","Headbutt"],"picked":"Dark Embrace","floor":11.0},{"not_picked":["Sword Boomerang","Wild Strike","Sever Soul"],"picked":"SKIP","floor":12.0},{"not_picked":["Infernal Blade","Body Slam"],"picked":"Feed","floor":13.0},{"not_picked":["Wild Strike","Cleave"],"picked":"True Grit","floor":14.0},{"not_picked":["Barricade","Impervious"],"picked":"Offering","floor":16.0},{"not_picked":["Burning Pact","Perfected Strike"],"picked":"Whirlwind","floor":18.0},{"not_picked":["Perfected Strike","Rage+1"],"picked":"Clothesline","floor":24.0},{"not_picked":["Body Slam","Shrug It Off+1"],"picked":"Second Wind+1","floor":25},{"not_picked":["Burning Pact+1","Whirlwind"],"picked":"Seeing Red+1","floor":27},{"not_picked":["Combust","Cleave+1","Pommel Strike"],"picked":"SKIP","floor":28}],"player_experience":223112,"relics_obtained":[{"floor":8.0,"key":"Art of War"},{"floor":9.0,"key":"Vajra"},{"floor":11.0,"key":"Ancient Tea Set"},{"floor":13.0,"key":"Juzu Bracelet"},{"floor":24.0,"key":"Bag of Preparation"},{"floor":26,"key":"Bronze Scales"}],"event_choices":[{"damage_healed":0.0,"max_hp_gain":0.0,"max_hp_loss":0.0,"gold_gain":0.0,"event_name":"Addict","player_choice":"Stole Relic","floor":20.0,"gold_loss":0.0,"damage_taken":0.0,"relics_obtained":["Toxic Egg 2"],"cards_obtained":["Shame"]},{"damage_healed":0.0,"max_hp_gain":0.0,"max_hp_loss":0.0,"gold_gain":0.0,"event_name":"Designer","player_choice":"Upgrade","floor":21.0,"gold_loss":40.0,"damage_taken":0.0,"cards_upgraded":["Disarm"]},{"damage_healed":0.0,"max_hp_gain":0.0,"max_hp_loss":0.0,"gold_gain":0.0,"cards_transformed":["Strike_R","Strike_R"],"event_name":"Drug Dealer","player_choice":"Became Test Subject","floor":22.0,"gold_loss":0.0,"damage_taken":0.0,"cards_obtained":["Flame Barrier","Reaper"]},{"damage_healed":0,"gold_gain":99,"player_choice":"Stole From Cult","damage_taken":0,"max_hp_gain":0,"max_hp_loss":0,"event_name":"Nest","floor":30,"gold_loss":0},{"cards_removed":["Shame"],"damage_healed":0,"gold_gain":0,"player_choice":"Gave Gold","damage_taken":0,"max_hp_gain":0,"max_hp_loss":0,"event_name":"Beggar","floor":31,"gold_loss":75}],"is_beta":false,"boss_relics":[{"not_picked":["Coffee Dripper","Runic Cube"],"picked":"Mark of Pain"}],"items_purged_floors":[4,19],"is_endless":false,"potions_floor_spawned":[2,3,8,11,14,24,25],"killed_by":"Champ","ascension_level":4}