{"gold_per_floor":[112,123,135,7,21,21,21,21,48,81,156,156,174,124,124,222,222,233,111,126,51,51,51,83,83,152,162,189,189,205,304,304,400,400,412,225,225,245,261,261,261,261,338,355,370,370,470,487,487,487],"floor_reached":50,"playtime":4148,"items_purged":["Strike_G","Strike_G"],"score":530,"play_id":"fbe92370-56d6-498f-8800-50cc3ed25d34","local_time":"20181208093918","is_ascension_mode":true,"campfire_choices":[{"floor":6.0,"key":"REST"},{"data":"Noxious Fumes","floor":8.0,"key":"SMITH"},{"floor":12.0,"key":"REST"},{"data":"Noxious Fumes","floor":15.0,"key":"SMITH"},{"data":"Catalyst","floor":23.0,"key":"SMITH"},{"floor":25.0,"key":"REST"},{"floor":29.0,"key":"REST"},{"data":"Catalyst","floor":32.0,"key":"SMITH"},{"floor":40,"key":"REST"},{"data":"Catalyst","floor":42,"key":"SMITH"},{"floor":49,"key":"REST"}],"neow_cost":"NONE","seed_source_timestamp":0,"circlet_count":0,"master_deck":["Defend_G","Defend_G","Defend_G","Strike_G","Strike_G","Survivor","Neutralize","Catalyst+1","Noxious Fumes+1","Poisoned Stab","Bane","Noxious Fumes+1","Doppelganger","Acrobatics","Leg Sweep","Catalyst+1","Deflect+1","Catalyst+1","Venomology","Good Instincts","Decay","Poisoned Stab","Predator+1","Outmaneuver+1","Deadly Poison"],"special_seed":0,"relics":["Ring of the Snake","Blood Vial","Anchor","Bird Faced Urn","Philosopher\u0027s Stone","Tough Bandages","Ornamental Fan","Meat on the Bone","Eternal Feather","Frozen Egg 2"],"potions_floor_usage":[38,39,44,45,48,50],"damage_taken":[{"damage":3.0,"enemies":"Jaw Worm","floor":1.0,"turns":5.0},{"damage":5.0,"enemies":"Small Slimes","floor":2.0,"turns":4.0},{"damage":1.0,"enemies":"2 Louse","floor":3.0,"turns":3.0},{"damage":4.0,"enemies":"2 Fungi Beasts","floor":5.0,"turns":3.0},{"damage":20.0,"enemies":"3 Sentries","floor":10.0,"turns":6.0},{"damage":4.0,"enemies":"Gremlin Gang","floor":13.0,"turns":5.0},{"damage":21.0,"enemies":"Slime Boss","floor":16.0,"turns":8.0},{"damage":0.0,"enemies":"Chosen","floor":18.0,"turns":4.0},{"damage":10.0,"enemies":"3 Byrds","floor":20.0,"turns":4.0},{"damage":53.0,"enemies":"Slavers","floor":24.0,"turns":6.0},{"damage":13.0,"enemies":"Sentry and Sphere","floor":27.0,"turns":5.0},{"damage":7.0,"enemies":"Book of Stabbing","floor":28.0,"turns":4.0},{"damage":6.0,"enemies":"Centurion and Healer","floor":30.0,"turns":5.0},{"damage":40.0,"enemies":"Collector","floor":33.0,"turns":4.0},{"damage":24,"enemies":"3 Darklings","floor":35,"turns":5},{"damage":0,"enemies":"3 Shapes","floor":38,"turns":6},{"damage":41,"enemies":"Jaw Worm Horde","floor":39,"turns":6},{"damage":38,"enemies":"3 Darklings","floor":44,"turns":6},{"damage":4,"enemies":"Sphere and 2 Shapes","floor":45,"turns":3},{"damage":18,"enemies":"Maw","floor":48,"turns":5},{"damage":89,"enemies":"Awakened One","floor":50,"turns":4}],"seed_played":"5567693235680490169","potions_obtained":[{"floor":1.0,"key":"Weak Potion"},{"floor":3.0,"key":"Weak Potion"},{"floor":18.0,"key":"GamblersBrew"},{"floor":20.0,"key":"Fire Potion"},{"floor":24.0,"key":"Regen Potion"},{"floor":35,"key":"Energy Potion"}],"is_trial":false,"path_per_floor":["M","M","M","$","M","R","?","R","T","E","?","R","M","?","R","B",null,"M","$","M","?","?","R","E","R","T","M","E","R","M","?","R","B",null,"M","$","?","M","M","R","?","R","T","M","M","?","?","M","R","B"],"character_chosen":"THE_SILENT","items_purchased":["Noxious Fumes","Poisoned Stab","Acrobatics","Good Instincts"],"campfire_rested":6,"item_purchase_floors":[4,4,19,36],"current_hp_per_floor":[67,62,61,61,57,70,70,70,70,50,39,60,60,60,60,45,70,70,70,62,62,62,62,15,36,36,29,42,63,63,63,63,41,70,48,48,48,54,31,64,64,70,70,46,48,48,48,36,70,0],"gold":487,"neow_bonus":"REMOVE_CARD","is_prod":false,"is_daily":false,"chose_seed":false,"campfire_upgraded":5,"win_rate":0,"timestamp":1544276358,"path_taken":["M","M","M","$","M","R","?","R","T","E","?","R","M","?","R","BOSS","M","$","M","?","?","R","E","R","T","M","E","R","M","?","R","BOSS","M","$","?","?","M","R","?","R","T","M","M","?","?","M","R","BOSS"],"build_version":"2018-12-06","purchased_purges":2,"victory":false,"max_hp_per_floor":[70,70,70,70,70,70,70,70,70,70,70,70,70,70,70,70,70,70,70,70,70,70,70,70,70,70,70,70,70,70,70,70,70,70,70,70,70,70,70,70,70,70,70,70,70,70,70,70,70,70],"card_choices":[{"not_picked":["Dagger Spray","Tactician"],"picked":"Catalyst","floor":1.0},{"not_picked":["Slice","Heel Hook","Dodge and Roll"],"picked":"SKIP","floor":2.0},{"not_picked":["Endless Agony","Outmaneuver","Deflect"],"picked":"SKIP","floor":3.0},{"not_picked":["Dodge and Roll","Flying Knee","Terror"],"picked":"SKIP","floor":5.0},{"not_picked":["Deflect","Crippling Poison"],"picked":"Bane","floor":10.0},{"not_picked":["Deflect","A Thousand Cuts"],"picked":"Noxious Fumes","floor":13.0},{"not_picked":["Glass Knife","Wraith Form v2"],"picked":"Doppelganger","floor":16.0},{"not_picked":["Footwork","Tactician+1","Backflip"],"picked":"SKIP","floor":18.0},{"not_picked":["Blade Dance","Outmaneuver"],"picked":"Leg Sweep","floor":20.0},{"not_picked":["Blur","Sucker Punch"],"picked":"Deflect+1","floor":24.0},{"not_picked":["Quick Slash","Calculated Gamble","Sucker Punch+1"],"picked":"SKIP","floor":27.0},{"not_picked":["Bane+1","Dodge and Roll"],"picked":"Catalyst","floor":28.0},{"not_picked":["Slice+1","Masterful Stab","Sucker Punch"],"picked":"SKIP","floor":30.0},{"not_picked":["Night Terror","After Image"],"picked":"Venomology","floor":33.0},{"not_picked":["Flying Knee+1","Infinite Blades","Blade Dance+1"],"picked":"SKIP","floor":35},{"not_picked":["Eviscerate","Prepared+1"],"picked":"Dash+1","floor":38},{"not_picked":["Slice+1","Backflip+1"],"picked":"Poisoned Stab","floor":39},{"not_picked":["Outmaneuver+1","Slice"],"picked":"Predator+1","floor":44},{"not_picked":["Flechettes","Caltrops+1"],"picked":"Outmaneuver+1","floor":45},{"not_picked":["Heel Hook+1","Bane"],"picked":"Deadly Poison","floor":48}],"player_experience":77325,"relics_obtained":[{"floor":9.0,"key":"Anchor"},{"floor":10.0,"key":"Bird Faced Urn"},{"floor":24.0,"key":"Tough Bandages"},{"floor":26.0,"key":"Ornamental Fan"},{"floor":28.0,"key":"Meat on the Bone"},{"floor":43,"key":"Frozen Egg 2"}],"event_choices":[{"damage_healed":0.0,"max_hp_gain":0.0,"max_hp_loss":0.0,"gold_gain":0.0,"event_name":"Dead Adventurer","player_choice":"Searched \u00272\u0027 times","floor":7.0,"gold_loss":0.0,"damage_taken":0.0,"relics_obtained":["Blood Vial"]},{"damage_healed":0.0,"max_hp_gain":0.0,"max_hp_loss":0.0,"gold_gain":75.0,"event_name":"World of Goop","player_choice":"Gather Gold","floor":11.0,"gold_loss":0.0,"damage_taken":11.0},{"cards_removed":["Strike_G"],"damage_healed":0.0,"max_hp_gain":0.0,"max_hp_loss":0.0,"gold_gain":0.0,"event_name":"The Cleric","player_choice":"Card Removal","floor":14.0,"gold_loss":50.0,"damage_taken":0.0},{"cards_removed":["Defend_G"],"damage_healed":0.0,"max_hp_gain":0.0,"max_hp_loss":0.0,"gold_gain":0.0,"event_name":"Beggar","player_choice":"Gave Gold","floor":21.0,"gold_loss":75.0,"damage_taken":0.0},{"damage_healed":0.0,"max_hp_gain":0.0,"max_hp_loss":0.0,"gold_gain":0.0,"event_name":"The Library","player_choice":"Read","floor":22.0,"gold_loss":0.0,"damage_taken":0.0,"cards_obtained":["Catalyst"]},{"damage_healed":0.0,"max_hp_gain":0.0,"max_hp_loss":0.0,"gold_gain":99.0,"event_name":"Nest","player_choice":"Stole From Cult","floor":31.0,"gold_loss":0.0,"damage_taken":0.0},{"damage_healed":0,"gold_gain":0,"player_choice":"Cursed","damage_taken":0,"max_hp_gain":0,"max_hp_loss":0,"event_name":"Wheel of Change","floor":37,"gold_loss":0,"cards_obtained":["Decay"]},{"damage_healed":0,"gold_gain":0,"player_choice":"Ignored","damage_taken":0,"max_hp_gain":0,"max_hp_loss":0,"event_name":"Tomb of Lord Red Mask","floor":41,"gold_loss":0},{"cards_removed":["Dash"],"damage_healed":0,"gold_gain":0,"player_choice":"Removed Attack","damage_taken":0,"max_hp_gain":0,"max_hp_loss":0,"event_name":"Falling","floor":46,"gold_loss":0},{"damage_healed":0,"gold_gain":100,"player_choice":"Pray","damage_taken":0,"max_hp_gain":0,"max_hp_loss":0,"event_name":"Golden Shrine","floor":47,"gold_loss":0}],"is_beta":false,"boss_relics":[{"not_picked":["Tiny House","Sozu"],"picked":"Philosopher\u0027s Stone"},{"not_picked":["Calling Bell","Coffee Dripper"],"picked":"Eternal Feather"}],"items_purged_floors":[19,36],"is_endless":false,"potions_floor_spawned":[1,3,18,20,24,35,44],"killed_by":"Awakened One","ascension_level":1}