{"gold_per_floor":[115,134,1,1,18,18,44,44,70,70,99,117,33,47,47,118,118,130,180,36,55,55,83,83,94,149,21,32,32,64,164,164,238,238,257,257,257,271,285,285,303,337,389,389,63,63,20,33,33,33,33],"floor_reached":52,"playtime":2416,"items_purged":["Strike_G"],"score":2336,"play_id":"2c60a285-eb30-4778-b1bd-e8277f575038","local_time":"20190403214451","is_ascension_mode":true,"campfire_choices":[{"data":"Neutralize","floor":6.0,"key":"SMITH"},{"data":"Crippling Poison","floor":10.0,"key":"SMITH"},{"data":"Catalyst","floor":15.0,"key":"SMITH"},{"data":"Footwork","floor":24.0,"key":"SMITH"},{"data":"Footwork","floor":29,"key":"SMITH"},{"data":"Noxious Fumes","floor":32,"key":"SMITH"},{"data":"Malaise","floor":40,"key":"SMITH"},{"data":"Apotheosis","floor":46,"key":"SMITH"},{"floor":49,"key":"REST"}],"neow_cost":"NONE","seed_source_timestamp":846586079358,"circlet_count":0,"master_deck":["AscendersBane","Defend_G","Defend_G","Defend_G","Defend_G","Defend_G","Strike_G","Strike_G","Survivor","Neutralize+1","Quick Slash","Backstab","Footwork+1","Infinite Blades","Crippling Poison+1","Catalyst+1","Noxious Fumes","Noxious Fumes+1","Corpse Explosion","Acrobatics","Dodge and Roll","Footwork+1","Backflip","Deflect","Leg Sweep+1","Dodge and Roll","Malaise+1","Catalyst","Secret Technique","Apotheosis+1","Finesse","Escape Plan+1","Dash","Blur"],"special_seed":0,"relics":["Ring of the Snake","Bag of Marbles","Odd Mushroom","Happy Flower","Gremlin Horn","Velvet Choker","Snake Skull","Vajra","Frozen Egg 2","FossilizedHelix","Question Card","Runic Pyramid","Ice Cream","Juzu Bracelet","Pocketwatch","Bag of Preparation","Oddly Smooth Stone"],"potions_floor_usage":[31],"damage_taken":[{"damage":4.0,"enemies":"2 Louse","floor":1.0,"turns":4.0},{"damage":0.0,"enemies":"Small Slimes","floor":2.0,"turns":3.0},{"damage":0.0,"enemies":"Cultist","floor":5.0,"turns":2.0},{"damage":12.0,"enemies":"The Mushroom Lair","floor":7.0,"turns":5.0},{"damage":15.0,"enemies":"3 Sentries","floor":11.0,"turns":6.0},{"damage":2.0,"enemies":"Exordium Wildlife","floor":12.0,"turns":5.0},{"damage":0.0,"enemies":"Looter","floor":14.0,"turns":4.0},{"damage":1.0,"enemies":"Hexaghost","floor":16.0,"turns":8.0},{"damage":0.0,"enemies":"3 Byrds","floor":18.0,"turns":2.0},{"damage":12.0,"enemies":"Shell Parasite","floor":21.0,"turns":5.0},{"damage":1.0,"enemies":"Slavers","floor":23.0,"turns":4.0},{"damage":0,"enemies":"Cultist and Chosen","floor":25,"turns":3},{"damage":0,"enemies":"Chosen and Byrds","floor":28,"turns":4},{"damage":0,"enemies":"Gremlin Leader","floor":30,"turns":5},{"damage":0,"enemies":"Colosseum Slavers","floor":31,"turns":4},{"damage":2,"enemies":"Colosseum Nobs","floor":31,"turns":4},{"damage":0,"enemies":"Champ","floor":33,"turns":10},{"damage":0,"enemies":"Orb Walker","floor":35,"turns":3},{"damage":0,"enemies":"3 Shapes","floor":38,"turns":1},{"damage":0,"enemies":"Writhing Mass","floor":39,"turns":6},{"damage":0,"enemies":"Transient","floor":41,"turns":6},{"damage":0,"enemies":"Nemesis","floor":42,"turns":5},{"damage":0,"enemies":"4 Shapes","floor":48,"turns":4},{"damage":0,"enemies":"Donu and Deca","floor":50,"turns":10},{"damage":0,"enemies":"Time Eater","floor":51,"turns":8}],"seed_played":"-6389995024457045677","potions_obtained":[{"floor":2.0,"key":"Fire Potion"},{"floor":14.0,"key":"Strength Potion"},{"floor":25,"key":"SteroidPotion"},{"floor":28,"key":"Poison Potion"},{"floor":33,"key":"FearPotion"},{"floor":35,"key":"GhostInAJar"}],"is_trial":false,"path_per_floor":["M","M","$","?","M","R","?","?","T","R","E","M","$","M","R","B",null,"M","?","$","M","?","E","R","M","T","$","M","R","E","?","R","B",null,"M","?","?","M","M","R","M","E","T","T","$","R","$","M","R","B","B",null],"character_chosen":"THE_SILENT","items_purchased":["Footwork","Fire Potion","Noxious Fumes","Dodge and Roll","Footwork","Fire Potion","Bag of Preparation","Oddly Smooth Stone","Blur"],"campfire_rested":1,"item_purchase_floors":[3,3,13,20,20,27,45,45,47],"current_hp_per_floor":[55,55,55,48,48,48,36,36,36,36,21,19,19,19,19,18,54,54,54,54,42,42,41,41,41,41,41,41,41,41,39,39,39,59,59,59,49,49,49,49,49,49,49,49,49,49,49,49,66,66,66],"gold":33,"neow_bonus":"RANDOM_COMMON_RELIC","is_prod":false,"is_daily":false,"chose_seed":false,"campfire_upgraded":8,"win_rate":0,"timestamp":1554342291,"path_taken":["M","M","$","?","M","R","?","?","T","R","E","?","$","M","R","BOSS","M","?","$","M","?","E","R","M","T","$","?","R","E","?","R","BOSS","M","?","?","M","M","R","M","E","T","?","$","R","$","M","R","BOSS","BOSS"],"build_version":"2019-03-15","purchased_purges":1,"victory":true,"max_hp_per_floor":[66,66,66,66,66,66,66,66,66,66,66,66,66,66,66,66,66,66,66,66,66,66,66,66,66,66,66,66,66,66,66,66,66,66,66,66,66,66,66,66,66,66,66,66,66,66,66,66,66,66,66],"card_choices":[{"not_picked":["Deflect","Choke"],"picked":"Quick Slash","floor":1.0},{"not_picked":["Dagger Throw","Poisoned Stab"],"picked":"Backstab","floor":2.0},{"not_picked":["Tactician","Catalyst"],"picked":"Infinite Blades","floor":5.0},{"not_picked":["Deflect","Flying Knee"],"picked":"Crippling Poison","floor":7.0},{"not_picked":["Cloak And Dagger","Acrobatics"],"picked":"Catalyst","floor":11.0},{"not_picked":["Distraction","Slice","Sucker Punch"],"picked":"SKIP","floor":12.0},{"not_picked":["Dagger Spray","Accuracy"],"picked":"Noxious Fumes","floor":14.0},{"not_picked":["Venomology","Night Terror"],"picked":"Corpse Explosion","floor":16.0},{"not_picked":["Concentrate","Bouncing Flask"],"picked":"Acrobatics","floor":18.0},{"not_picked":["Poisoned Stab","Bouncing Flask","Sucker Punch"],"picked":"SKIP","floor":21.0},{"not_picked":["Dagger Spray","Tools of the Trade"],"picked":"Deflect","floor":23.0},{"not_picked":["Quick Slash","Accuracy"],"picked":"Leg Sweep+1","floor":25},{"not_picked":["Bane","Prepared"],"picked":"Dodge and Roll","floor":28},{"not_picked":["Heel Hook","Reflex","Quick Slash+1"],"picked":"SKIP","floor":30},{"not_picked":["Tools of the Trade+1","Wraith Form v2+1","Storm of Steel"],"picked":"Malaise","floor":33},{"not_picked":["Leg Sweep","Blur+1","Concentrate"],"picked":"Catalyst","floor":35},{"not_picked":["Impatience","Madness","Discovery"],"picked":"Secret Technique","floor":37},{"not_picked":["Impatience","Sadistic Nature+1","Enlightenment"],"picked":"Apotheosis","floor":37},{"not_picked":["PanicButton","Impatience","Blind"],"picked":"Finesse","floor":37},{"not_picked":["Sucker Punch","Caltrops+1","Flying Knee","Masterful Stab"],"picked":"SKIP","floor":38},{"not_picked":["Backflip","Acrobatics+1","Choke"],"picked":"Escape Plan+1","floor":39},{"not_picked":["Bane","Acrobatics","Dodge and Roll","Backflip+1"],"picked":"SKIP","floor":41},{"not_picked":["Poisoned Stab","Acrobatics","Caltrops+1"],"picked":"Dash","floor":42},{"not_picked":["Flying Knee","Poisoned Stab","Expertise","Acrobatics"],"picked":"SKIP","floor":48}],"player_experience":951852,"relics_obtained":[{"floor":7.0,"key":"Odd Mushroom"},{"floor":9.0,"key":"Happy Flower"},{"floor":11.0,"key":"Gremlin Horn"},{"floor":23.0,"key":"Snake Skull"},{"floor":26,"key":"Vajra"},{"floor":30,"key":"Frozen Egg 2"},{"floor":31,"key":"FossilizedHelix"},{"floor":31,"key":"Question Card"},{"floor":42,"key":"Ice Cream"},{"floor":43,"key":"Juzu Bracelet"},{"floor":44,"key":"Pocketwatch"}],"event_choices":[{"cards_removed":["Strike_G"],"damage_healed":0.0,"max_hp_gain":0.0,"max_hp_loss":0.0,"gold_gain":0.0,"event_name":"Golden Wing","player_choice":"Card Removal","floor":4.0,"gold_loss":0.0,"damage_taken":7.0},{"damage_healed":0.0,"max_hp_gain":0.0,"max_hp_loss":0.0,"gold_gain":0.0,"event_name":"Mushrooms","player_choice":"Fought Mushrooms","floor":7.0,"gold_loss":0.0,"damage_taken":0.0},{"damage_healed":0.0,"max_hp_gain":0.0,"max_hp_loss":0.0,"gold_gain":0.0,"event_name":"FaceTrader","player_choice":"Leave","floor":8.0,"gold_loss":0.0,"damage_taken":0.0},{"damage_healed":0.0,"max_hp_gain":0.0,"max_hp_loss":0.0,"gold_gain":50.0,"event_name":"Nest","player_choice":"Stole From Cult","floor":19.0,"gold_loss":0.0,"damage_taken":0.0},{"damage_healed":0.0,"max_hp_gain":0.0,"max_hp_loss":0.0,"gold_gain":0.0,"cards_transformed":["Strike_G"],"event_name":"Transmorgrifier","player_choice":"Transformed","floor":22.0,"gold_loss":0.0,"damage_taken":0.0,"cards_obtained":["Backflip"]},{"damage_healed":0,"gold_gain":0,"player_choice":"Fight","damage_taken":0,"max_hp_gain":0,"max_hp_loss":0,"event_name":"Colosseum","floor":31,"gold_loss":0},{"damage_healed":0,"gold_gain":0,"player_choice":"Fought Nobs","damage_taken":0,"max_hp_gain":0,"max_hp_loss":0,"event_name":"Colosseum","floor":31,"gold_loss":0},{"damage_healed":0,"gold_gain":0,"player_choice":"Ignored","damage_taken":0,"max_hp_gain":0,"max_hp_loss":0,"event_name":"Tomb of Lord Red Mask","floor":36,"gold_loss":0},{"damage_healed":0,"gold_gain":0,"player_choice":"Memory 3","damage_taken":10,"max_hp_gain":0,"max_hp_loss":0,"event_name":"SensoryStone","floor":37,"gold_loss":0}],"is_beta":true,"boss_relics":[{"not_picked":["Ring of the Serpent","Black Star"],"picked":"Velvet Choker"},{"not_picked":["Orrery","Sozu"],"picked":"Runic Pyramid"}],"items_purged_floors":[27],"is_endless":false,"potions_floor_spawned":[2,5,7,14,21,25,28,31,33,35,48],"ascension_level":20}