{"gold_per_floor":[118,137,150,325,345,345,19,19,64,81,98,128,138,163,163,266,266,278,298,308,308,308,308,334,334,358,89,99,118,138,138],"floor_reached":31,"playtime":2387,"items_purged":["Strike_B"],"score":287,"play_id":"c0ceab5d-d9f7-4936-96ef-5da98da25ea6","local_time":"20181213202308","is_ascension_mode":true,"campfire_choices":[{"data":"Fusion","floor":6.0,"key":"SMITH"},{"floor":8.0,"key":"REST"},{"floor":15.0,"key":"REST"},{"data":"Capacitor","floor":23,"key":"SMITH"},{"floor":25,"key":"REST"}],"neow_cost":"NONE","seed_source_timestamp":0,"circlet_count":0,"master_deck":["Strike_B","Strike_B","Strike_B","Defend_B","Defend_B","Defend_B","Defend_B","Zap","Dualcast","Fusion+1","Coolheaded","Rebound","Rebound","Doubt","Capacitor+1","Ball Lightning","Coolheaded","Double Energy","Thunder Strike","Self Repair","Coolheaded","Electrodynamics","Reprogram+1","Cold Snap","Redo","Reprogram"],"special_seed":0,"relics":["Cracked Core","Cables","Bronze Scales","Juzu Bracelet","Nuclear Battery","Centennial Puzzle","Strawberry","Regal Pillow"],"potions_floor_usage":[18,20,31],"damage_taken":[{"damage":0.0,"enemies":"2 Louse","floor":1.0,"turns":1.0},{"damage":6.0,"enemies":"Small Slimes","floor":2.0,"turns":4.0},{"damage":0.0,"enemies":"Cultist","floor":3.0,"turns":3.0},{"damage":13.0,"enemies":"2 Fungi Beasts","floor":5.0,"turns":4.0},{"damage":21.0,"enemies":"3 Louse","floor":10.0,"turns":3.0},{"damage":33.0,"enemies":"Gremlin Gang","floor":11.0,"turns":3.0},{"damage":0.0,"enemies":"Large Slime","floor":13.0,"turns":5.0},{"damage":14.0,"enemies":"3 Sentries","floor":14.0,"turns":6.0},{"damage":25.0,"enemies":"Hexaghost","floor":16.0,"turns":10.0},{"damage":23,"enemies":"Shell Parasite","floor":18,"turns":7},{"damage":9,"enemies":"3 Byrds","floor":19,"turns":4},{"damage":27,"enemies":"Centurion and Healer","floor":20,"turns":7},{"damage":36,"enemies":"Slavers","floor":24,"turns":4},{"damage":36,"enemies":"Snake Plant","floor":28,"turns":4},{"damage":22,"enemies":"Snecko","floor":29,"turns":4},{"damage":3,"enemies":"3 Cultists","floor":30,"turns":3},{"damage":24,"enemies":"Centurion and Healer","floor":31,"turns":3}],"seed_played":"3162029975277228337","potions_obtained":[{"floor":5.0,"key":"FearPotion"},{"floor":13.0,"key":"SkillPotion"},{"floor":16.0,"key":"Block Potion"},{"floor":19,"key":"GamblersBrew"},{"floor":29,"key":"PowerPotion"}],"is_trial":false,"path_per_floor":["M","M","M","?","M","R","$","R","T","M","M","?","M","E","R","B",null,"M","M","M","?","?","R","E","R","T","$","M","M","M","M"],"character_chosen":"DEFECT","items_purchased":["Capacitor","Cables","Regal Pillow","Cold Snap"],"campfire_rested":3,"item_purchase_floors":[7,7,27,27],"current_hp_per_floor":[75,69,69,69,56,56,56,75,75,54,21,21,21,7,29,4,75,52,50,30,75,75,75,46,68,75,75,46,24,21,0],"gold":138,"neow_bonus":"THREE_CARDS","is_prod":false,"is_daily":false,"chose_seed":false,"campfire_upgraded":2,"win_rate":0,"timestamp":1544746988,"path_taken":["M","M","M","?","M","R","$","R","T","M","M","?","M","E","R","BOSS","M","M","M","?","?","R","E","R","T","$","M","M","M","M"],"build_version":"2018-12-06","purchased_purges":1,"victory":false,"max_hp_per_floor":[75,75,75,75,75,75,75,75,75,75,75,75,75,75,75,75,75,75,75,75,75,75,75,75,75,82,82,82,82,82,82],"card_choices":[{"not_picked":["Compile Driver","Ball Lightning"],"picked":"Fusion","floor":0.0},{"not_picked":["Gash","Stack"],"picked":"Coolheaded","floor":1.0},{"not_picked":["Force Field","Amplify"],"picked":"Rebound","floor":2.0},{"not_picked":["Compile Driver","Barrage"],"picked":"Rebound","floor":3.0},{"not_picked":["Force Field","Gash","Steam"],"picked":"SKIP","floor":5.0},{"not_picked":["Blizzard","Barrage"],"picked":"Ball Lightning","floor":10.0},{"not_picked":["Reprogram","Reinforced Body"],"picked":"Coolheaded","floor":11.0},{"not_picked":["Hello World","Steam","Turbo"],"picked":"SKIP","floor":13.0},{"not_picked":["Barrage","Go for the Eyes"],"picked":"Double Energy","floor":14.0},{"not_picked":["Machine Learning","Reboot"],"picked":"Thunder Strike","floor":16.0},{"not_picked":["Compile Driver","Beam Cell"],"picked":"Self Repair","floor":18},{"not_picked":["Hologram","FTL"],"picked":"Coolheaded","floor":19},{"not_picked":["Go for the Eyes","Streamline+1","Hologram"],"picked":"SKIP","floor":20},{"not_picked":["Turbo","Sweeping Beam"],"picked":"Reprogram+1","floor":24},{"not_picked":["Gash","Sweeping Beam"],"picked":"Redo","floor":28},{"not_picked":["Steam","Rebound"],"picked":"Reprogram","floor":29},{"not_picked":["Go for the Eyes","Stack","Conserve Battery"],"picked":"SKIP","floor":30}],"player_experience":111054,"relics_obtained":[{"floor":9.0,"key":"Bronze Scales"},{"floor":14.0,"key":"Juzu Bracelet"},{"floor":24,"key":"Centennial Puzzle"},{"floor":26,"key":"Strawberry"}],"event_choices":[{"damage_healed":0.0,"max_hp_gain":0.0,"max_hp_loss":0.0,"gold_gain":175.0,"event_name":"Liars Game","player_choice":"AGREE","floor":4.0,"gold_loss":0.0,"damage_taken":0.0,"cards_obtained":["Doubt"]},{"damage_healed":0.0,"max_hp_gain":0.0,"max_hp_loss":0.0,"gold_gain":30.0,"event_name":"Dead Adventurer","player_choice":"Searched \u00272\u0027 times","floor":12.0,"gold_loss":0.0,"damage_taken":0.0},{"damage_healed":45,"gold_gain":0,"player_choice":"Full Heal","damage_taken":0,"max_hp_gain":0,"max_hp_loss":0,"event_name":"Wheel of Change","floor":21,"gold_loss":0},{"damage_healed":0,"gold_gain":0,"player_choice":"Read","damage_taken":0,"max_hp_gain":0,"max_hp_loss":0,"event_name":"The Library","floor":22,"gold_loss":0,"cards_obtained":["Electrodynamics"]}],"is_beta":false,"boss_relics":[{"not_picked":["Calling Bell","Snecko Eye"],"picked":"Nuclear Battery"}],"items_purged_floors":[27],"is_endless":false,"potions_floor_spawned":[5,13,16,19,29],"killed_by":"Centurion and Healer","ascension_level":2}