{"gold_per_floor":[109,128,24,40,40,40,17,73,97,97,111,141,141,161,161,266,266,279,279,295,63,76,76,107,127,176,199,210,210,226,244,244,342,342,358,370,370,670,684,684,684,704,729,729,748,119,119,139,139,139],"floor_reached":50,"playtime":5319,"items_purged":["Strike_R","Normality"],"score":682,"play_id":"a0f796d1-bc6c-415d-ae23-844a33225d26","local_time":"20190420193206","is_ascension_mode":true,"campfire_choices":[{"data":"Carnage","floor":6.0,"key":"SMITH"},{"data":"True Grit","floor":10.0,"key":"SMITH"},{"floor":15.0,"key":"REST"},{"floor":23.0,"key":"REST"},{"floor":29.0,"key":"REST"},{"data":"Immolate","floor":32,"key":"SMITH"},{"data":"Inflame","floor":40,"key":"SMITH"},{"floor":44,"key":"REST"},{"data":"Inflame","floor":47,"key":"SMITH"},{"data":"Apotheosis","floor":49,"key":"SMITH"}],"neow_cost":"NONE","seed_source_timestamp":343723893146067,"circlet_count":0,"master_deck":["Strike_R","Defend_R","Defend_R+1","Defend_R","Defend_R","Bash","Armaments","Carnage+1","True Grit+1","Inflame+1","Headbutt","Flame Barrier","Bloodletting","Ghostly Armor+1","Immolate+1","Inflame+1","Rupture","Evolve","Ghostly Armor","Dual Wield+1","Shrug It Off","Metallicize","Feel No Pain","Shrug It Off","Exhume","Warcry","Shockwave","Carnage+1","Warcry","Apotheosis+1","Flex","Feel No Pain","Clothesline"],"special_seed":0,"relics":["Burning Blood","WarpedTongs","Tiny Chest","Regal Pillow","Red Skull","Velvet Choker","Spirit Poop","Dodecahedron","Vajra","Strawberry","Cursed Key","Orichalcum","War Paint"],"potions_floor_usage":[33,50],"damage_taken":[{"damage":5.0,"enemies":"2 Louse","floor":1.0,"turns":3.0},{"damage":6.0,"enemies":"Cultist","floor":2.0,"turns":4.0},{"damage":8.0,"enemies":"Small Slimes","floor":4.0,"turns":4.0},{"damage":16.0,"enemies":"3 Sentries","floor":8.0,"turns":7.0},{"damage":11.0,"enemies":"Exordium Thugs","floor":11.0,"turns":6.0},{"damage":13.0,"enemies":"Lagavulin","floor":12.0,"turns":8.0},{"damage":12.0,"enemies":"Exordium Wildlife","floor":14.0,"turns":2.0},{"damage":5.0,"enemies":"Slime Boss","floor":16.0,"turns":8.0},{"damage":26.0,"enemies":"3 Byrds","floor":18.0,"turns":5.0},{"damage":6.0,"enemies":"Shell Parasite","floor":20.0,"turns":5.0},{"damage":31.0,"enemies":"Centurion and Healer","floor":22.0,"turns":5.0},{"damage":35.0,"enemies":"Slavers","floor":24.0,"turns":4.0},{"damage":4.0,"enemies":"3 Cultists","floor":25.0,"turns":5.0},{"damage":21.0,"enemies":"Snecko","floor":28.0,"turns":5.0},{"damage":12,"enemies":"Cultist and Chosen","floor":30,"turns":6},{"damage":0,"enemies":"Sentry and Sphere","floor":31,"turns":3},{"damage":37,"enemies":"Collector","floor":33,"turns":11},{"damage":0,"enemies":"Orb Walker","floor":35,"turns":5},{"damage":3,"enemies":"3 Shapes","floor":36,"turns":4},{"damage":26,"enemies":"Writhing Mass","floor":39,"turns":11},{"damage":25,"enemies":"Jaw Worm Horde","floor":42,"turns":4},{"damage":6,"enemies":"Sphere and 2 Shapes","floor":45,"turns":2},{"damage":12,"enemies":"4 Shapes","floor":48,"turns":4},{"damage":87,"enemies":"Time Eater","floor":50,"turns":13}],"seed_played":"1337550567332778608","potions_obtained":[{"floor":2.0,"key":"Energy Potion"},{"floor":4.0,"key":"Block Potion"},{"floor":11.0,"key":"Fire Potion"},{"floor":14.0,"key":"GamblersBrew"},{"floor":18.0,"key":"EssenceOfSteel"},{"floor":24.0,"key":"Block Potion"},{"floor":30,"key":"Ancient Potion"},{"floor":33,"key":"Energy Potion"},{"floor":42,"key":"Fire Potion"}],"is_trial":false,"path_per_floor":["M","M","$","M","?","R","$","E","T","R","M","E","?","M","R","B",null,"M","?","M","$","M","R","E","M","T","T","M","R","M","M","R","B",null,"M","M","?","?","M","R","?","M","T","R","M","$","R","M","R","B"],"character_chosen":"IRONCLAD","items_purchased":["True Grit","Inflame","Headbutt","Evolve","Ghostly Armor","Apotheosis","War Paint","Flex","Feel No Pain","Clothesline","Weak Potion"],"campfire_rested":4,"item_purchase_floors":[3,3,7,21,21,46,46,46,46,46,46],"current_hp_per_floor":[80,80,80,78,78,78,78,68,68,68,63,56,49,43,80,80,80,60,60,60,60,35,74,45,47,47,54,39,80,74,80,80,49,78,84,87,87,87,67,67,67,48,48,87,87,87,87,81,81,0],"gold":139,"neow_bonus":"REMOVE_CARD","is_prod":false,"is_daily":false,"chose_seed":false,"campfire_upgraded":6,"win_rate":0,"timestamp":1555799526,"path_taken":["M","M","$","M","?","R","?","E","T","R","?","E","?","M","R","BOSS","M","?","M","$","M","R","E","?","T","?","?","R","M","M","R","BOSS","M","M","?","?","?","R","?","M","T","R","M","$","R","?","R","BOSS"],"build_version":"2019-01-23","purchased_purges":2,"victory":false,"max_hp_per_floor":[80,80,80,80,80,80,80,80,80,80,80,80,80,80,80,80,80,80,80,80,80,80,80,80,80,80,87,87,87,87,87,87,87,87,87,87,87,87,87,87,87,87,87,87,87,87,87,87,87,87],"card_choices":[{"not_picked":["Heavy Blade","Rupture"],"picked":"Armaments","floor":1.0},{"not_picked":["Intimidate","Cleave"],"picked":"Carnage","floor":2.0},{"not_picked":["Flex","Pommel Strike"],"picked":"Clothesline","floor":4.0},{"not_picked":["Perfected Strike","True Grit"],"picked":"Flame Barrier","floor":8.0},{"not_picked":["Headbutt","Blood for Blood"],"picked":"Bloodletting","floor":11.0},{"not_picked":["Pommel Strike","Clash","Anger"],"picked":"SKIP","floor":12.0},{"not_picked":["Entrench","Iron Wave"],"picked":"Ghostly Armor","floor":14.0},{"not_picked":["Berserk","Dark Embrace"],"picked":"Immolate","floor":16.0},{"not_picked":["Pommel Strike","Entrench"],"picked":"Inflame","floor":18.0},{"not_picked":["Havoc+1","Thunderclap+1"],"picked":"Rupture","floor":20.0},{"not_picked":["Wild Strike+1","Reckless Charge","Infernal Blade"],"picked":"SKIP","floor":22.0},{"not_picked":["Burning Pact","Dark Embrace"],"picked":"Dual Wield+1","floor":24.0},{"not_picked":["Body Slam","Flex"],"picked":"Shrug It Off","floor":25.0},{"not_picked":["Infernal Blade+1","Rampage"],"picked":"Metallicize","floor":28.0},{"not_picked":["Clash","Warcry"],"picked":"Feel No Pain","floor":30},{"not_picked":["Impervious","Entrench"],"picked":"Shrug It Off","floor":31},{"not_picked":["Impervious","Feed"],"picked":"Exhume","floor":33},{"not_picked":["Blood for Blood","Thunderclap","Anger+1"],"picked":"SKIP","floor":35},{"not_picked":["Body Slam+1","Anger"],"picked":"Warcry","floor":36},{"not_picked":["Power Through+1","Second Wind","Body Slam"],"picked":"SKIP","floor":39},{"not_picked":["True Grit","Feel No Pain"],"picked":"Carnage+1","floor":42},{"not_picked":["Iron Wave","Twin Strike+1"],"picked":"Warcry","floor":45},{"not_picked":["Clash+1","True Grit","Infernal Blade+1"],"picked":"SKIP","floor":48}],"player_experience":311013,"relics_obtained":[{"floor":8.0,"key":"Tiny Chest"},{"floor":9.0,"key":"Regal Pillow"},{"floor":12.0,"key":"Red Skull"},{"floor":24.0,"key":"Dodecahedron"},{"floor":26.0,"key":"Vajra"},{"floor":27.0,"key":"Strawberry"},{"floor":43,"key":"Orichalcum"}],"event_choices":[{"damage_healed":0.0,"max_hp_gain":0.0,"max_hp_loss":0.0,"gold_gain":0.0,"event_name":"Accursed Blacksmith","player_choice":"Rummage","floor":5.0,"gold_loss":0.0,"damage_taken":0.0,"relics_obtained":["WarpedTongs"],"cards_obtained":["Pain"]},{"cards_removed":["Strike_R"],"damage_healed":0.0,"max_hp_gain":0.0,"max_hp_loss":0.0,"gold_gain":0.0,"event_name":"Golden Wing","player_choice":"Card Removal","floor":13.0,"gold_loss":0.0,"damage_taken":7.0},{"cards_removed":["Pain"],"damage_healed":0.0,"max_hp_gain":0.0,"max_hp_loss":0.0,"gold_gain":0.0,"event_name":"Bonfire Elementals","player_choice":"Offered Curse","floor":19.0,"gold_loss":0.0,"damage_taken":0.0,"relics_obtained":["Spirit Poop"]},{"cards_removed":["Clothesline"],"damage_healed":0,"gold_gain":0,"player_choice":"Removed Attack","damage_taken":0,"max_hp_gain":0,"max_hp_loss":0,"event_name":"Falling","floor":37,"gold_loss":0},{"damage_healed":0,"gold_gain":300,"player_choice":"Gold","damage_taken":0,"max_hp_gain":0,"max_hp_loss":0,"event_name":"Wheel of Change","floor":38,"gold_loss":0},{"damage_healed":0,"gold_gain":0,"cards_transformed":["Strike_R"],"player_choice":"Transformed","damage_taken":0,"max_hp_gain":0,"max_hp_loss":0,"event_name":"Transmorgrifier","floor":41,"gold_loss":0,"cards_obtained":["Shockwave"]}],"is_beta":false,"boss_relics":[{"not_picked":["Fusion Hammer","Busted Crown"],"picked":"Velvet Choker"},{"not_picked":["Philosopher\u0027s Stone","Lizard Tail"],"picked":"Cursed Key"}],"items_purged_floors":[21,46],"is_endless":false,"potions_floor_spawned":[2,4,11,14,18,24,30,33,42,48],"killed_by":"Time Eater","ascension_level":5}