{"gold_per_floor":[109,128,148,163,183,183,183,183,183,183,58,77,77,6,6,102,102,112,23,23,23,38,38,64,64,64,64,93,93,18,36,36,135,135,151,201,201,221,321,321,350,97,177,177,177],"floor_reached":45,"playtime":3207,"items_purged":["Strike_B"],"score":514,"play_id":"f4507729-4e97-48c7-84c9-4539acf71638","local_time":"20181211190031","is_ascension_mode":true,"campfire_choices":[{"floor":6,"key":"REST"},{"data":"Zap","floor":8,"key":"SMITH"},{"data":"Coolheaded","floor":15,"key":"SMITH"},{"floor":23,"key":"REST"},{"floor":25,"key":"REST"},{"floor":27,"key":"REST"},{"data":"Coolheaded","floor":32,"key":"SMITH"},{"floor":40,"key":"REST"}],"neow_cost":"NONE","seed_source_timestamp":768872831121054,"circlet_count":0,"master_deck":["Strike_B","Defend_B+1","Defend_B+1","Defend_B","Zap+1","Dualcast+1","Conserve Battery","Leap","Compile Driver","Defragment+1","Ball Lightning","Coolheaded+1","Defragment+1","Thunder Strike+1","Machine Learning+1","Double Energy+1","Cold Snap+1","White Noise+1","Ball Lightning","Static Discharge+1","Coolheaded+1","Rebound+1","Barrage","Ball Lightning","Electrodynamics+1","Lockon+1","Cold Snap","Finesse+1","Leap+1","Consume+1","Coolheaded+1"],"relics":["Cracked Core","Frozen Egg 2","Astrolabe","Ancient Tea Set","Matryoshka","Toxic Egg 2","Sundial","Letter Opener","Inserter","Emotion Chip","Turnip","Darkstone Periapt","Pantograph","Dream Catcher","Kunai","Ornamental Fan"],"potions_floor_usage":[16,33,36,36,41],"damage_taken":[{"damage":1,"enemies":"Cultist","floor":1,"turns":3},{"damage":1,"enemies":"2 Louse","floor":2,"turns":2},{"damage":0,"enemies":"Small Slimes","floor":3,"turns":2},{"damage":11,"enemies":"3 Louse","floor":4,"turns":5},{"damage":23,"enemies":"Gremlin Gang","floor":5,"turns":6},{"damage":17,"enemies":"Exordium Thugs","floor":12,"turns":4},{"damage":19,"enemies":"Hexaghost","floor":16,"turns":8},{"damage":7,"enemies":"Chosen","floor":18,"turns":4},{"damage":25,"enemies":"3 Byrds","floor":22,"turns":3},{"damage":28,"enemies":"Gremlin Leader","floor":24,"turns":5},{"damage":10,"enemies":"Book of Stabbing","floor":28,"turns":3},{"damage":0,"enemies":"3 Cultists","floor":31,"turns":4},{"damage":5,"enemies":"Automaton","floor":33,"turns":6},{"damage":29,"enemies":"3 Shapes","floor":35,"turns":3},{"damage":18,"enemies":"2 Orb Walkers","floor":36,"turns":3},{"damage":10,"enemies":"Orb Walker","floor":38,"turns":3},{"damage":0,"enemies":"Mind Bloom Boss Battle","floor":39,"turns":5},{"damage":31,"enemies":"Reptomancer","floor":41,"turns":5},{"damage":14,"enemies":"Maw","floor":45,"turns":2}],"seed_played":"7704987465743413844","potions_obtained":[{"floor":1,"key":"Energy Potion"},{"floor":4,"key":"EssenceOfSteel"},{"floor":12,"key":"Swift Potion"},{"floor":16,"key":"Regen Potion"},{"floor":35,"key":"Poison Potion"},{"floor":39,"key":"SpeedPotion"}],"is_trial":false,"path_per_floor":["M","M","M","M","M","R","?","R","T","?","$","M","?","$","R","B",null,"M","$","?","?","M","R","E","R","T","R","E","T","$","M","R","B",null,"M","?","?","M","?","R","E","$","T","T","M"],"character_chosen":"DEFECT","items_purchased":["Defragment+1","Ball Lightning","Defragment+1","Ball Lightning","Static Discharge+1","Pantograph"],"campfire_rested":5,"item_purchase_floors":[11,11,14,19,19,42],"current_hp_per_floor":[74,73,73,62,39,61,46,46,46,64,64,47,72,72,72,53,75,68,68,68,68,43,64,36,57,57,72,62,62,62,62,62,57,72,43,30,30,20,20,41,10,10,10,10,0],"gold":177,"neow_bonus":"UPGRADE_CARD","is_prod":false,"is_daily":false,"chose_seed":false,"campfire_upgraded":3,"win_rate":0,"timestamp":1544569231,"path_taken":["M","M","M","M","M","R","?","R","T","?","$","M","?","$","R","BOSS","M","$","?","?","?","R","E","R","T","R","E","?","$","M","R","BOSS","M","?","?","M","?","R","E","?","T","?","?"],"build_version":"2018-12-06","purchased_purges":1,"victory":false,"max_hp_per_floor":[75,75,75,75,75,75,75,75,75,75,75,75,75,75,75,75,75,75,75,72,72,72,72,72,72,72,72,72,72,72,72,72,72,72,72,72,72,72,72,72,72,72,72,72,72],"card_choices":[{"not_picked":["Storm","Leap"],"picked":"Conserve Battery","floor":1},{"not_picked":["Compile Driver","Undo"],"picked":"Leap","floor":2},{"not_picked":["Beam Cell","Stack","Force Field"],"picked":"SKIP","floor":3},{"not_picked":["Streamline","Turbo"],"picked":"Compile Driver","floor":4},{"not_picked":["Streamline","Rip and Tear","Hologram"],"picked":"SKIP","floor":5},{"not_picked":["Melter","Beam Cell"],"picked":"Coolheaded","floor":12},{"not_picked":["Fission","Creative AI+1"],"picked":"Thunder Strike","floor":16},{"not_picked":["Turbo","Sweeping Beam"],"picked":"White Noise+1","floor":18},{"not_picked":["Leap","Creative AI+1"],"picked":"Coolheaded","floor":22},{"not_picked":["Conserve Battery","Coolheaded"],"picked":"Rebound+1","floor":24},{"not_picked":["Beam Cell","Gash+1"],"picked":"Barrage","floor":28},{"not_picked":["Steam+1","Genetic Algorithm+1"],"picked":"Ball Lightning","floor":31},{"not_picked":["Hyperbeam","Echo Form+1"],"picked":"Electrodynamics+1","floor":33},{"not_picked":["Sunder","Chill+1"],"picked":"Lockon+1","floor":35},{"not_picked":["Hologram+1","Beam Cell"],"picked":"Cold Snap","floor":36},{"not_picked":["The Bomb+1","PanicButton+1"],"picked":"Finesse+1","floor":37},{"not_picked":["BootSequence+1","Doom and Gloom+1"],"picked":"Leap+1","floor":38},{"not_picked":["Conserve Battery+1","Steam+1"],"picked":"Consume+1","floor":39},{"not_picked":["Hello World+1","Streamline+1"],"picked":"Coolheaded+1","floor":41}],"player_experience":103687,"relics_obtained":[{"floor":9,"key":"Frozen Egg 2"},{"floor":24,"key":"Ancient Tea Set"},{"floor":26,"key":"Matryoshka"},{"floor":28,"key":"Toxic Egg 2"},{"floor":29,"key":"Sundial"},{"floor":29,"key":"Letter Opener"},{"floor":36,"key":"Emotion Chip"},{"floor":39,"key":"Turnip"},{"floor":41,"key":"Darkstone Periapt"},{"floor":43,"key":"Dream Catcher"},{"floor":43,"key":"Kunai"},{"floor":44,"key":"Ornamental Fan"}],"event_choices":[{"damage_healed":0,"gold_gain":0,"player_choice":"Entered Light","damage_taken":15,"max_hp_gain":0,"max_hp_loss":0,"event_name":"Shining Light","floor":7,"gold_loss":0,"cards_upgraded":["Defend_B","Defend_B"]},{"damage_healed":18,"gold_gain":0,"player_choice":"Healed and dodged fight","damage_taken":0,"max_hp_gain":0,"max_hp_loss":0,"event_name":"Mushrooms","floor":10,"gold_loss":0,"cards_obtained":["Parasite"]},{"damage_healed":25,"gold_gain":0,"player_choice":"Banana","damage_taken":0,"max_hp_gain":0,"max_hp_loss":0,"event_name":"Big Fish","floor":13,"gold_loss":0},{"cards_removed":["Parasite"],"damage_healed":0,"gold_gain":0,"player_choice":"Elegance","damage_taken":0,"max_hp_gain":0,"max_hp_loss":0,"event_name":"Back to Basics","floor":20,"gold_loss":0},{"damage_healed":0,"gold_gain":0,"player_choice":"Upgraded","damage_taken":0,"max_hp_gain":0,"max_hp_loss":0,"event_name":"Upgrade Shrine","floor":21,"gold_loss":0,"cards_upgraded":["Thunder Strike"]},{"damage_healed":0,"gold_gain":0,"player_choice":"Fight","damage_taken":0,"max_hp_gain":0,"max_hp_loss":0,"event_name":"Mysterious Sphere","floor":36,"gold_loss":0},{"damage_healed":0,"gold_gain":0,"player_choice":"Memory 1","damage_taken":0,"max_hp_gain":0,"max_hp_loss":0,"event_name":"SensoryStone","floor":37,"gold_loss":0},{"damage_healed":0,"gold_gain":0,"player_choice":"Fight","damage_taken":0,"max_hp_gain":0,"max_hp_loss":0,"event_name":"MindBloom","floor":39,"gold_loss":0}],"is_beta":false,"boss_relics":[{"not_picked":["Snecko Eye","Nuclear Battery"],"picked":"Astrolabe"},{"not_picked":["FrozenCore","Orrery"],"picked":"Inserter"}],"items_purged_floors":[30],"is_endless":false,"potions_floor_spawned":[1,4,12,16,22,28,35,39],"killed_by":"Maw","ascension_level":2}