{"gold_per_floor":[119,135,151,165,183,183,213,229,275,307,482,482,482,495,495,495],"floor_reached":16,"playtime":1268,"items_purged":[],"score":125,"play_id":"b3bc2c59-a421-47e6-9d00-53acb9e00420","local_time":"20181215161444","is_ascension_mode":true,"campfire_choices":[{"floor":6,"key":"REST"},{"floor":13,"key":"REST"},{"data":"Zap","floor":15,"key":"SMITH"}],"neow_cost":"NONE","seed_source_timestamp":254300151641781,"circlet_count":0,"master_deck":["Strike_B","Strike_B","Strike_B","Strike_B","Defend_B","Defend_B","Defend_B","Zap+1","Dualcast","Undo","Conserve Battery","Leap","Double Energy","Cold Snap","Redo"],"relics":["Cracked Core","Bronze Scales","Vajra","Ancient Tea Set"],"potions_floor_usage":[7,10,10],"damage_taken":[{"damage":4,"enemies":"Jaw Worm","floor":1,"turns":3},{"damage":0,"enemies":"2 Louse","floor":2,"turns":2},{"damage":1,"enemies":"Cultist","floor":3,"turns":3},{"damage":4,"enemies":"3 Louse","floor":4,"turns":5},{"damage":17,"enemies":"Large Slime","floor":5,"turns":7},{"damage":3,"enemies":"Lagavulin","floor":7,"turns":8},{"damage":19,"enemies":"Gremlin Gang","floor":8,"turns":3},{"damage":15,"enemies":"Gremlin Nob","floor":10,"turns":5},{"damage":15,"enemies":"Exordium Thugs","floor":14,"turns":5},{"damage":42,"enemies":"Slime Boss","floor":16,"turns":11}],"seed_played":"8625619544381273175","potions_obtained":[{"floor":3,"key":"Poison Potion"},{"floor":4,"key":"Block Potion"},{"floor":5,"key":"SpeedPotion"}],"is_trial":false,"path_per_floor":["M","M","M","M","M","R","E","M","T","E","?","?","R","M","R","B"],"character_chosen":"DEFECT","items_purchased":[],"campfire_rested":2,"item_purchase_floors":[],"current_hp_per_floor":[71,71,70,66,49,71,68,49,49,34,34,34,56,41,41,0],"gold":495,"neow_bonus":"REMOVE_CARD","is_prod":false,"is_daily":false,"chose_seed":false,"campfire_upgraded":1,"win_rate":0,"timestamp":1544904884,"path_taken":["M","M","M","M","M","R","E","M","T","E","?","?","R","?","R","BOSS"],"build_version":"2018-12-13","purchased_purges":0,"victory":false,"max_hp_per_floor":[75,75,75,75,75,75,75,75,75,75,75,75,75,75,75,75],"card_choices":[{"not_picked":["Steam","Sweeping Beam"],"picked":"Undo","floor":1},{"not_picked":["Hologram","Turbo"],"picked":"Conserve Battery","floor":2},{"not_picked":["Amplify","Aggregate"],"picked":"Leap","floor":3},{"not_picked":["Tempest","Barrage"],"picked":"Double Energy","floor":4},{"not_picked":["Conserve Battery","Stack"],"picked":"Cold Snap","floor":5},{"not_picked":["Steam","FTL","Compile Driver"],"picked":"SKIP","floor":7},{"not_picked":["BootSequence","Steam","Recycle"],"picked":"SKIP","floor":8},{"not_picked":["Go for the Eyes","Compile Driver","Gash"],"picked":"SKIP","floor":10},{"not_picked":["Recycle","BootSequence"],"picked":"Redo","floor":14}],"player_experience":119306,"relics_obtained":[{"floor":7,"key":"Bronze Scales"},{"floor":9,"key":"Vajra"},{"floor":10,"key":"Ancient Tea Set"}],"event_choices":[{"damage_healed":0,"gold_gain":175,"player_choice":"AGREE","damage_taken":0,"max_hp_gain":0,"max_hp_loss":0,"event_name":"Liars Game","floor":11,"gold_loss":0,"cards_obtained":["Doubt"]},{"cards_removed":["Doubt"],"damage_healed":0,"gold_gain":0,"player_choice":"Removed Curses","damage_taken":0,"max_hp_gain":0,"max_hp_loss":0,"event_name":"Fountain of Cleansing","floor":12,"gold_loss":0}],"is_beta":false,"boss_relics":[],"items_purged_floors":[],"is_endless":false,"potions_floor_spawned":[3,4,5],"killed_by":"Slime Boss","ascension_level":2}