{"gold_per_floor":[114,114,125,50,69,69,83,117,117,195,195,206,206,241,241,241],"floor_reached":16,"playtime":670,"items_purged":["Strike_G"],"score":220,"play_id":"24e2f5da-7740-42f0-858e-d403f1e471fd","local_time":"20180919225013","is_ascension_mode":true,"campfire_choices":[{"floor":6,"key":"REST"},{"data":"Neutralize","floor":11,"key":"SMITH"},{"data":"Noxious Fumes","floor":13,"key":"SMITH"},{"data":"Crippling Poison","floor":15,"key":"SMITH"}],"neow_cost":"PERCENT_DAMAGE","seed_source_timestamp":186404910881665,"circlet_count":0,"master_deck":["Defend_G","Defend_G","Defend_G","Defend_G","Defend_G","Strike_G","Strike_G+1","Survivor+1","Neutralize+1","AscendersBane","Backstab","Crippling Poison+1","Flying Knee","Noxious Fumes+1","Dodge and Roll","Dagger Spray"],"relics":["Ring of the Snake","Tough Bandages","Thread and Needle","StoneCalendar"],"potions_floor_usage":[8,14],"damage_taken":[{"damage":3,"enemies":"Jaw Worm","floor":1,"turns":9},{"damage":0,"enemies":"Small Slimes","floor":3,"turns":4},{"damage":0,"enemies":"2 Louse","floor":5,"turns":4},{"damage":9,"enemies":"Exordium Wildlife","floor":7,"turns":5},{"damage":7,"enemies":"3 Sentries","floor":8,"turns":9},{"damage":4,"enemies":"Lots of Slimes","floor":12,"turns":4},{"damage":6,"enemies":"Lagavulin","floor":14,"turns":8},{"damage":14,"enemies":"Hexaghost","floor":16,"turns":10}],"seed_played":"4266345180052107534","potions_obtained":[{"floor":5,"key":"Energy Potion"},{"floor":12,"key":"Strength Potion"},{"floor":14,"key":"GhostInAJar"}],"is_trial":false,"path_per_floor":["M","?","M","$","M","R","M","E","T","?","R","M","R","E","R"],"character_chosen":"THE_SILENT","items_purchased":[],"campfire_rested":1,"item_purchase_floors":[],"current_hp_per_floor":[41,21,21,21,21,40,31,24,24,24,24,20,20,14,14,0],"gold":241,"neow_bonus":"REMOVE_TWO","is_prod":false,"is_daily":false,"chose_seed":false,"campfire_upgraded":3,"win_rate":0,"timestamp":1537411813,"path_taken":["M","?","M","$","M","R","M","E","T","?","R","M","R","E","R","BOSS"],"build_version":"2018-09-18v3","purchased_purges":1,"victory":false,"max_hp_per_floor":[66,66,66,66,66,66,66,66,66,66,66,66,66,66,66,66],"card_choices":[{"not_picked":["PiercingWail","Well Laid Plans"],"picked":"Backstab","floor":1},{"not_picked":["Cloak And Dagger","Deflect"],"picked":"Crippling Poison","floor":3},{"not_picked":["Deflect","Concentrate"],"picked":"Flying Knee","floor":5},{"not_picked":["Dagger Throw","Skewer"],"picked":"Noxious Fumes","floor":7},{"not_picked":["Outmaneuver","Finisher"],"picked":"Dodge and Roll","floor":8},{"not_picked":["Slice","Burst"],"picked":"Dagger Spray","floor":12},{"not_picked":["Eviscerate","Blade Dance","Backflip"],"picked":"SKIP","floor":14}],"player_experience":581690,"relics_obtained":[{"floor":8,"key":"Tough Bandages"},{"floor":9,"key":"Thread and Needle"},{"floor":14,"key":"StoneCalendar"}],"event_choices":[{"event_name":"Shining Light","player_choice":"Entered Light","floor":2,"damage_taken":0},{"event_name":"Golden Wing","player_choice":"Gained Gold","floor":10,"damage_taken":0}],"is_beta":true,"boss_relics":[],"items_purged_floors":[4],"is_endless":false,"potions_floor_spawned":[5,12,14],"killed_by":"Hexaghost","ascension_level":20}