{"gold_per_floor":[142,217,237,80,98,98,124,124,124,155,168,168,168,197,197,271,271,290,290,340,419,436,436,45,45,45,73,73,108,108,125,125,203,203,222,222,233,108,123,123,153,153,153,167,167,177,177],"floor_reached":47,"playtime":3080,"items_purged":["Strike_B","Defend_B","Defend_B"],"score":1018,"play_id":"9b20a031-d920-46d0-a8cd-b630794bd04d","local_time":"20190328221108","is_ascension_mode":true,"campfire_choices":[{"data":"Sunder","floor":6.0,"key":"SMITH"},{"data":"Zap","floor":8.0,"key":"SMITH"},{"floor":13.0,"key":"REST"},{"data":"Capacitor","floor":15.0,"key":"SMITH"},{"data":"Creative AI","floor":23,"key":"SMITH"},{"data":"Consume","floor":25,"key":"SMITH"},{"data":"Coolheaded","floor":30,"key":"SMITH"},{"data":"Buffer","floor":32,"key":"SMITH"},{"data":"Fission","floor":40,"key":"SMITH"},{"data":"Capacitor","floor":42,"key":"SMITH"}],"neow_cost":"NONE","seed_source_timestamp":335019688068518,"circlet_count":0,"master_deck":["AscendersBane","Defend_B","Defend_B","Zap+1","Dualcast","Sweeping Beam","Sunder+1","Coolheaded+1","Reinforced Body","Capacitor+1","Leap","Chill","Creative AI+1","Auto Shields+1","Genetic Algorithm+1","Gash+1","Chill","Consume+1","Chill","Compile Driver","Buffer+1","Fission+1","Capacitor+1","Go for the Eyes+1","Glacier","Coolheaded+1"],"special_seed":0,"relics":["Cracked Core","Tiny Chest","Darkstone Periapt","Bag of Marbles","Pantograph","Dream Catcher","Astrolabe","Meat on the Bone","Pen Nib","Juzu Bracelet","Happy Flower","Blood Vial","Velvet Choker","StoneCalendar","Bottled Lightning"],"potions_floor_usage":[27,29,31,41,46,47],"damage_taken":[{"damage":2.0,"enemies":"Jaw Worm","floor":1.0,"turns":3.0},{"damage":1.0,"enemies":"2 Louse","floor":3.0,"turns":2.0},{"damage":11.0,"enemies":"Small Slimes","floor":5.0,"turns":3.0},{"damage":8.0,"enemies":"Gremlin Nob","floor":7.0,"turns":3.0},{"damage":23.0,"enemies":"3 Sentries","floor":10.0,"turns":6.0},{"damage":3.0,"enemies":"Blue Slaver","floor":11.0,"turns":3.0},{"damage":20.0,"enemies":"Gremlin Nob","floor":14.0,"turns":4.0},{"damage":19.0,"enemies":"The Guardian","floor":16.0,"turns":15.0},{"damage":18,"enemies":"Shell Parasite","floor":18,"turns":9},{"damage":0,"enemies":"3 Byrds","floor":22,"turns":7},{"damage":12,"enemies":"Gremlin Leader","floor":27,"turns":11},{"damage":16,"enemies":"Colosseum Slavers","floor":28,"turns":7},{"damage":1,"enemies":"Slavers","floor":29,"turns":8},{"damage":3,"enemies":"Cultist and Chosen","floor":31,"turns":9},{"damage":10,"enemies":"Champ","floor":33,"turns":21},{"damage":4,"enemies":"Orb Walker","floor":35,"turns":4},{"damage":8,"enemies":"3 Shapes","floor":37,"turns":8},{"damage":6,"enemies":"Writhing Mass","floor":39,"turns":8},{"damage":8,"enemies":"Giant Head","floor":41,"turns":14},{"damage":11,"enemies":"Sphere and 2 Shapes","floor":44,"turns":9},{"damage":12,"enemies":"Transient","floor":46,"turns":6},{"damage":56,"enemies":"Reptomancer","floor":47,"turns":2}],"seed_played":"-4004411505924913931","potions_obtained":[{"floor":3.0,"key":"AttackPotion"},{"floor":7.0,"key":"Ancient Potion"},{"floor":14.0,"key":"SpeedPotion"},{"floor":16.0,"key":"Fire Potion"},{"floor":22,"key":"PowerPotion"},{"floor":27,"key":"Energy Potion"},{"floor":29,"key":"Swift Potion"},{"floor":31,"key":"PowerPotion"},{"floor":44,"key":"Dexterity Potion"},{"floor":46,"key":"LiquidBronze"}],"is_trial":false,"path_per_floor":["M","?","M","$","M","R","E","R","T","E","M","?","R","E","R","B",null,"M","?","?","T","M","R","$","R","T","E","?","E","R","M","R","B",null,"M","?","M","$","M","R","E","R","T","M","?","M","E"],"character_chosen":"DEFECT","items_purchased":["Coolheaded","Compile Driver","Consume","Pen Nib","Chill"],"campfire_rested":1,"item_purchase_floors":[4,4,24,24,24],"current_hp_per_floor":[62,51,50,50,39,39,31,31,31,8,5,10,32,12,12,18,62,44,44,44,44,44,44,44,44,44,44,40,39,39,50,50,66,74,72,72,66,66,68,68,62,62,62,53,53,43,0],"gold":177,"neow_bonus":"RANDOM_COMMON_RELIC","is_prod":false,"is_daily":false,"chose_seed":false,"campfire_upgraded":9,"win_rate":0,"timestamp":1553825468,"path_taken":["M","?","M","$","M","R","E","R","T","E","M","?","R","E","R","BOSS","M","?","?","?","M","R","$","R","T","E","?","E","R","M","R","BOSS","M","?","M","$","M","R","E","R","T","M","?","M","E"],"build_version":"2019-03-15","purchased_purges":3,"victory":false,"max_hp_per_floor":[71,71,71,71,71,71,71,71,71,71,71,76,76,76,76,76,76,76,76,76,76,76,76,76,76,76,76,76,76,76,76,76,76,76,76,76,76,76,82,82,82,82,82,82,79,79,79],"card_choices":[{"not_picked":["Self Repair","Blizzard"],"picked":"Sweeping Beam","floor":1.0},{"not_picked":["Storm","Conserve Battery"],"picked":"Sunder","floor":3.0},{"not_picked":["Steam","Hello World"],"picked":"Reinforced Body","floor":5.0},{"not_picked":["Turbo","Undo"],"picked":"Capacitor","floor":7.0},{"not_picked":["Redo","Echo Form"],"picked":"Leap","floor":10.0},{"not_picked":["Loop","Turbo"],"picked":"Chill","floor":11.0},{"not_picked":["Chill","Scrape","Turbo"],"picked":"SKIP","floor":14.0},{"not_picked":["Fission","Core Surge"],"picked":"Creative AI","floor":16.0},{"not_picked":["Ball Lightning","FTL"],"picked":"Chill","floor":18},{"not_picked":["Go for the Eyes","Sweeping Beam","Rebound"],"picked":"SKIP","floor":22},{"not_picked":["Aggregate","Undo"],"picked":"Compile Driver","floor":27},{"not_picked":["Cold Snap","Lockon","Scrape"],"picked":"SKIP","floor":29},{"not_picked":["Conserve Battery","Steam+1"],"picked":"Buffer","floor":31},{"not_picked":["Creative AI","Multi-Cast"],"picked":"Fission","floor":33},{"not_picked":["Conserve Battery","Ball Lightning+1","White Noise"],"picked":"SKIP","floor":35},{"not_picked":["Hello World","Conserve Battery"],"picked":"Capacitor","floor":37},{"not_picked":["Steam","Cold Snap+1"],"picked":"Go for the Eyes+1","floor":39},{"not_picked":["Blizzard","Conserve Battery"],"picked":"Glacier","floor":41},{"not_picked":["Heatsinks","Leap","Steam+1"],"picked":"SKIP","floor":44},{"not_picked":["Consume","Chaos+1"],"picked":"Coolheaded+1","floor":46}],"player_experience":942226,"relics_obtained":[{"floor":7.0,"key":"Darkstone Periapt"},{"floor":9.0,"key":"Bag of Marbles"},{"floor":10.0,"key":"Pantograph"},{"floor":14.0,"key":"Dream Catcher"},{"floor":21,"key":"Meat on the Bone"},{"floor":26,"key":"Juzu Bracelet"},{"floor":27,"key":"Happy Flower"},{"floor":29,"key":"Blood Vial"},{"floor":41,"key":"StoneCalendar"},{"floor":43,"key":"Bottled Lightning"}],"event_choices":[{"damage_healed":0.0,"max_hp_gain":0.0,"max_hp_loss":0.0,"gold_gain":75.0,"event_name":"World of Goop","player_choice":"Gather Gold","floor":2.0,"gold_loss":0.0,"damage_taken":11.0},{"damage_healed":0.0,"max_hp_gain":5.0,"max_hp_loss":0.0,"gold_gain":0.0,"event_name":"Big Fish","player_choice":"Donut","floor":12.0,"gold_loss":0.0,"damage_taken":0.0},{"damage_healed":0,"gold_gain":0,"player_choice":"Ignored","damage_taken":0,"max_hp_gain":0,"max_hp_loss":0,"event_name":"The Mausoleum","floor":19,"gold_loss":0},{"damage_healed":0,"gold_gain":50,"player_choice":"Stole From Cult","damage_taken":0,"max_hp_gain":0,"max_hp_loss":0,"event_name":"Nest","floor":20,"gold_loss":0},{"damage_healed":0,"gold_gain":0,"player_choice":"Fight","damage_taken":0,"max_hp_gain":0,"max_hp_loss":0,"event_name":"Colosseum","floor":28,"gold_loss":0},{"damage_healed":0,"gold_gain":0,"player_choice":"Fled From Nobs","damage_taken":0,"max_hp_gain":0,"max_hp_loss":0,"event_name":"Colosseum","floor":28,"gold_loss":0},{"cards_removed":["Compile Driver"],"damage_healed":0,"gold_gain":0,"player_choice":"Removed Attack","damage_taken":0,"max_hp_gain":0,"max_hp_loss":0,"event_name":"Falling","floor":36,"gold_loss":0},{"cards_removed":["Parasite"],"damage_healed":0,"gold_gain":0,"player_choice":"Removed Curses","damage_taken":0,"max_hp_gain":0,"max_hp_loss":0,"event_name":"Fountain of Cleansing","floor":45,"gold_loss":0}],"is_beta":true,"boss_relics":[{"not_picked":["FrozenCore","Sozu"],"picked":"Astrolabe"},{"not_picked":["Fusion Hammer","Eternal Feather"],"picked":"Velvet Choker"}],"items_purged_floors":[4,24,38],"is_endless":false,"potions_floor_spawned":[3,7,14,16,22,27,29,31,44,46],"killed_by":"Reptomancer","ascension_level":20}