{"gold_per_floor":[113,113,133,144,144,144,154,154,154,189,208,208,236,246,246,324,324,340,340,357,12,32,32,32,32,32,32,67,67,67,17,17,95,95,106,106,116,64,77,77,8,27,27,27,27,27,58,74,74,74],"floor_reached":51,"playtime":3375,"items_purged":[],"score":1193,"play_id":"d7a79c8f-2cf5-4f7c-882f-3e48fee15df3","local_time":"20180727222611","is_ascension_mode":true,"campfire_choices":[{"data":"Neutralize","floor":6,"key":"SMITH"},{"floor":8,"key":"REST"},{"floor":12,"key":"REST"},{"data":"Noxious Fumes","floor":15,"key":"SMITH"},{"data":"Panache","floor":23,"key":"SMITH"},{"data":"Dagger Spray","floor":25,"key":"SMITH"},{"floor":27,"key":"REST"},{"data":"Cloak And Dagger","floor":29,"key":"SMITH"},{"data":"Leg Sweep","floor":32,"key":"SMITH"},{"floor":40,"key":"REST"},{"data":"After Image","floor":44,"key":"SMITH"},{"floor":49,"key":"REST"}],"neow_cost":"","seed_source_timestamp":500377947884539,"circlet_count":0,"master_deck":["Defend_G+1","Defend_G","Defend_G","Defend_G","Defend_G","Survivor","Neutralize+1","AscendersBane","Caltrops+1","Skewer","Leg Sweep+1","Deadly Poison","Dagger Spray+1","Dagger Throw","Noxious Fumes+1","Tools of the Trade","Cloak And Dagger+1","Panache+1","After Image+1","Underhanded Strike+1","PiercingWail+1","Doppelganger+1","Madness+1","Madness","Backflip","Cloak And Dagger","Infinite Blades","Cloak And Dagger+1","Finesse","Flash of Steel"],"relics":["Ring of the Snake","Matryoshka","Ninja Scroll","Mango","Cursed Key","Regal Pillow","Mummified Hand","Astrolabe","War Paint"],"potions_floor_usage":[7,13,16,16,28,33,33,43,50],"damage_taken":[{"damage":1,"enemies":"Small Slimes","floor":1,"turns":6},{"damage":4,"enemies":"Cultist","floor":3,"turns":5},{"damage":3,"enemies":"Jaw Worm","floor":4,"turns":5},{"damage":28,"enemies":"Gremlin Gang","floor":7,"turns":6},{"damage":11,"enemies":"Lagavulin","floor":10,"turns":11},{"damage":0,"enemies":"Looter","floor":11,"turns":4},{"damage":4,"enemies":"Gremlin Nob","floor":13,"turns":3},{"damage":2,"enemies":"Exordium Thugs","floor":14,"turns":5},{"damage":40,"enemies":"Slime Boss","floor":16,"turns":11},{"damage":0,"enemies":"Shell Parasite","floor":18,"turns":6},{"damage":13,"enemies":"Chosen","floor":20,"turns":6},{"damage":6,"enemies":"Centurion and Healer","floor":22,"turns":7},{"damage":7,"enemies":"Gremlin Leader","floor":28,"turns":6},{"damage":33,"enemies":"Automaton","floor":33,"turns":11},{"damage":0,"enemies":"Flame Bruiser 1 Orb","floor":35,"turns":5},{"damage":3,"enemies":"3 Darklings","floor":37,"turns":3},{"damage":18,"enemies":"Transient","floor":39,"turns":5},{"damage":11,"enemies":"Spire Growth","floor":42,"turns":5},{"damage":1,"enemies":"Nemesis","floor":47,"turns":7},{"damage":6,"enemies":"3 Darklings","floor":48,"turns":2},{"damage":75,"enemies":"Donu and Deca","floor":50,"turns":10}],"seed_played":"-5109485458219988602","potions_obtained":[{"floor":4,"key":"PowerPotion"},{"floor":11,"key":"SteroidPotion"},{"floor":13,"key":"Swift Potion"},{"floor":14,"key":"Swift Potion"},{"floor":16,"key":"Energy Potion"},{"floor":18,"key":"Dexterity Potion"},{"floor":28,"key":"LiquidBronze"},{"floor":42,"key":"Fruit Juice"}],"is_trial":false,"path_per_floor":["M","?","M","M","?","R","M","R","T","E","M","R","E","M","R","B",null,"M","?","M","$","M","R","?","R","T","R","E","R","$","?","R","B",null,"M","?","M","$","M","R","$","M","T","R","?","?","E","M","R","B"],"character_chosen":"THE_SILENT","items_purchased":["Regal Pillow","Panache","Strength Potion","Infinite Blades"],"campfire_rested":5,"item_purchase_floors":[21,21,38,41],"current_hp_per_floor":[58,58,54,51,51,51,23,42,42,31,31,50,60,58,58,18,65,65,65,52,52,46,46,46,46,46,80,73,73,73,73,73,40,70,70,56,53,53,35,74,74,63,68,68,58,58,57,51,85,10],"gold":74,"neow_bonus":"","is_prod":false,"is_daily":false,"chose_seed":false,"campfire_upgraded":7,"win_rate":0,"timestamp":1532744771,"path_taken":["M","?","M","M","?","R","M","R","T","E","M","R","E","M","R","BOSS","M","?","M","$","M","R","?","R","T","R","E","R","$","?","R","BOSS","M","?","M","?","?","R","$","M","T","R","?","?","E","?","R","BOSS"],"build_version":"2018-07-26","purchased_purges":0,"victory":true,"max_hp_per_floor":[66,66,66,66,66,66,66,66,66,66,66,66,80,80,80,80,80,80,80,80,80,80,80,80,80,80,80,80,80,80,80,80,80,80,80,80,80,80,80,80,80,80,85,85,85,85,85,85,85,85],"card_choices":[{"not_picked":["Slice","Deflect"],"picked":"Caltrops","floor":1},{"not_picked":["Calculated Gamble","Finisher"],"picked":"Skewer","floor":3},{"not_picked":["PiercingWail","Deadly Poison"],"picked":"Leg Sweep","floor":4},{"not_picked":["Setup","Masterful Stab"],"picked":"Deadly Poison","floor":7},{"not_picked":["Skewer","Cloak And Dagger"],"picked":"Dagger Spray","floor":10},{"not_picked":["Prepared","Choke","Accuracy"],"picked":"SKIP","floor":11},{"not_picked":["Deadly Poison","Endless Agony"],"picked":"Dagger Throw","floor":13},{"not_picked":["Unload","Dagger Throw"],"picked":"Noxious Fumes","floor":14},{"not_picked":["Bullet Time","Grand Finale"],"picked":"Tools of the Trade","floor":16},{"not_picked":["Slice","Prepared","Sucker Punch"],"picked":"SKIP","floor":18},{"not_picked":["Choke","Dodge and Roll"],"picked":"Cloak And Dagger","floor":20},{"not_picked":["Bane","Dagger Spray","Dodge and Roll"],"picked":"SKIP","floor":22},{"not_picked":["Tools of the Trade","Deadly Poison","Flying Knee"],"picked":"SKIP","floor":28},{"not_picked":["Bullet Time","Night Terror"],"picked":"After Image","floor":33},{"not_picked":["Slice","Dodge and Roll","Reflex"],"picked":"SKIP","floor":35},{"not_picked":["Poisoned Stab+1","Underhanded Strike"],"picked":"Backflip","floor":37},{"not_picked":["Riddle With Holes","Crippling Poison"],"picked":"Cloak And Dagger","floor":39},{"not_picked":["Slice","Crippling Poison+1"],"picked":"Cloak And Dagger+1","floor":42},{"not_picked":["Magnetism","Dark Shackles"],"picked":"Finesse","floor":45},{"not_picked":["Magnetism","Dark Shackles"],"picked":"Flash of Steel","floor":45},{"not_picked":["Sucker Punch","Deadly Poison","Unload"],"picked":"SKIP","floor":47},{"not_picked":["Quick Slash","Flying Knee","Dagger Throw"],"picked":"SKIP","floor":48}],"player_experience":362577,"relics_obtained":[{"floor":9,"key":"Matryoshka"},{"floor":10,"key":"Ninja Scroll"},{"floor":13,"key":"Mango"},{"floor":28,"key":"Mummified Hand"},{"floor":47,"key":"War Paint"}],"event_choices":[{"event_name":"Bonfire Elementals","player_choice":"BASIC","floor":2,"damage_taken":0},{"event_name":"Purifier","player_choice":"One Purge","floor":5,"damage_taken":0},{"event_name":"Upgrade Shrine","player_choice":"Upgraded","floor":19,"damage_taken":0},{"event_name":"Ghosts","player_choice":"Ignored","floor":24,"damage_taken":0},{"event_name":"The Joust","player_choice":"Bet on Murderer","floor":31,"damage_taken":0},{"event_name":"Winding Halls","player_choice":"Embrace Madness","floor":36,"damage_taken":0},{"event_name":"SensoryStone","player_choice":"Memory 3","floor":45,"damage_taken":0},{"event_name":"FaceTrader","player_choice":"Leave","floor":46,"damage_taken":0}],"is_beta":false,"boss_relics":[{"not_picked":["Ring of the Serpent","Orrery"],"picked":"Cursed Key"},{"not_picked":["White Beast Statue","Coffee Dripper"],"picked":"Astrolabe"}],"items_purged_floors":[],"is_endless":false,"potions_floor_spawned":[4,11,13,14,16,18,28,42],"ascension_level":15}