{"gold_per_floor":[112,112,131,141,161,161,189,189,189,20,45,45,62,77,77,182,182,192,211,63,63,75,75,87,99,125,125,159,159,159,179,179,279,279,297,22,38,38,38,38,72,72,72,72,89,101,101,118,118,118],"floor_reached":50,"playtime":4362,"items_purged":["Strike_B","Strike_B","Defend_B"],"score":635,"play_id":"b36c37f7-d697-42d4-a395-c4d6789227e9","local_time":"20190414105035","is_ascension_mode":true,"campfire_choices":[{"floor":6.0,"key":"REST"},{"data":"Defragment","floor":8.0,"key":"SMITH"},{"floor":12.0,"key":"REST"},{"floor":15.0,"key":"REST"},{"floor":23.0,"key":"REST"},{"floor":27.0,"key":"REST"},{"data":"Hologram","floor":30.0,"key":"SMITH"},{"data":"Blizzard","floor":32.0,"key":"SMITH"},{"data":"Hologram","floor":40.0,"key":"SMITH"},{"floor":42,"key":"REST"},{"floor":44,"key":"REST"},{"floor":49,"key":"REST"}],"neow_cost":"NONE","seed_source_timestamp":316427495305982,"circlet_count":0,"master_deck":["Strike_B","Strike_B","Defend_B","Defend_B","Defend_B","Zap","Dualcast","Ball Lightning+1","Ball Lightning","Hologram+1","Doom and Gloom","Defragment+1","Genetic Algorithm","Rebound","Glacier","Hologram+1","Undo","Seek","Compile Driver","Barrage+1","Ball Lightning","Cold Snap","Chill+1","Seek","Cold Snap","Blizzard+1","Thunder Strike","Chill+1","Static Discharge+1","Cold Snap+1","Stack+1"],"special_seed":0,"relics":["FrozenCore","Art of War","Omamori","Bronze Scales","Sundial","Lantern","PreservedInsect","Velvet Choker","Pen Nib","Orichalcum","Kunai"],"potions_floor_usage":[41,41,45,50],"damage_taken":[{"damage":11.0,"enemies":"2 Louse","floor":1.0,"turns":2.0},{"damage":6.0,"enemies":"Cultist","floor":3.0,"turns":3.0},{"damage":7.0,"enemies":"Small Slimes","floor":4.0,"turns":2.0},{"damage":9.0,"enemies":"Exordium Wildlife","floor":5.0,"turns":3.0},{"damage":17.0,"enemies":"3 Sentries","floor":7.0,"turns":4.0},{"damage":16.0,"enemies":"Gremlin Nob","floor":11.0,"turns":3.0},{"damage":10.0,"enemies":"Large Slime","floor":13.0,"turns":5.0},{"damage":6.0,"enemies":"Gremlin Gang","floor":14.0,"turns":3.0},{"damage":36.0,"enemies":"The Guardian","floor":16.0,"turns":10.0},{"damage":0.0,"enemies":"Chosen","floor":18.0,"turns":4.0},{"damage":6.0,"enemies":"3 Byrds","floor":19.0,"turns":3.0},{"damage":26.0,"enemies":"Centurion and Healer","floor":22.0,"turns":8.0},{"damage":3.0,"enemies":"Cultist and Chosen","floor":24.0,"turns":6.0},{"damage":10.0,"enemies":"3 Cultists","floor":25.0,"turns":4.0},{"damage":0.0,"enemies":"Gremlin Leader","floor":28.0,"turns":8.0},{"damage":7.0,"enemies":"Snecko","floor":31.0,"turns":5.0},{"damage":41.0,"enemies":"Automaton","floor":33.0,"turns":10.0},{"damage":0.0,"enemies":"3 Shapes","floor":35.0,"turns":4.0},{"damage":25.0,"enemies":"3 Darklings","floor":37.0,"turns":3.0},{"damage":65,"enemies":"Giant Head","floor":41,"turns":8},{"damage":0,"enemies":"Jaw Worm Horde","floor":45,"turns":3},{"damage":23,"enemies":"Transient","floor":46,"turns":5},{"damage":1,"enemies":"4 Shapes","floor":48,"turns":2},{"damage":52,"enemies":"Time Eater","floor":50,"turns":10}],"seed_played":"2645008830844886064","potions_obtained":[{"floor":1.0,"key":"Strength Potion"},{"floor":5.0,"key":"Fire Potion"},{"floor":7.0,"key":"GamblersBrew"},{"floor":19.0,"key":"FearPotion"},{"floor":24.0,"key":"Ancient Potion"},{"floor":33.0,"key":"SteroidPotion"},{"floor":41,"key":"Energy Potion"},{"floor":48,"key":"Poison Potion"}],"is_trial":false,"path_per_floor":["M","?","M","M","M","R","E","R","T","$","E","R","M","M","R","B",null,"M","M","$","?","M","R","M","M","T","R","E","?","R","M","R","B",null,"M","$","M","?","?","R","E","R","T","R","M","M","$","M","R","B"],"character_chosen":"DEFECT","items_purchased":["Genetic Algorithm","Rebound","Ball Lightning","Pen Nib"],"campfire_rested":8,"item_purchase_floors":[10,10,20,36],"current_hp_per_floor":[64,64,58,51,42,64,47,47,47,47,31,53,43,37,59,23,75,75,69,69,69,43,65,62,52,52,74,74,74,74,67,67,26,75,75,75,50,69,69,69,4,26,26,48,48,25,25,24,46,0],"gold":118,"neow_bonus":"RANDOM_COMMON_RELIC","is_prod":false,"is_daily":false,"chose_seed":false,"campfire_upgraded":4,"win_rate":0,"timestamp":1555249835,"path_taken":["M","?","M","M","M","R","E","R","T","?","E","R","M","M","R","BOSS","M","?","$","?","M","R","M","M","T","R","E","?","R","M","R","BOSS","M","$","M","?","?","R","E","R","T","R","M","M","?","?","R","BOSS"],"build_version":"2019-01-23","purchased_purges":3,"victory":false,"max_hp_per_floor":[75,75,75,75,75,75,75,75,75,75,75,75,75,75,75,75,75,75,75,75,75,75,75,75,75,75,75,75,75,75,75,75,75,75,75,75,75,75,75,75,75,75,75,75,75,75,75,75,75,75],"card_choices":[{"not_picked":["Blizzard","Steam Power"],"picked":"Ball Lightning","floor":1.0},{"not_picked":["Stack","Hologram"],"picked":"Ball Lightning","floor":3.0},{"not_picked":["Stack","Sweeping Beam"],"picked":"Hologram","floor":4.0},{"not_picked":["Compile Driver","Turbo"],"picked":"Doom and Gloom","floor":5.0},{"not_picked":["Redo","Barrage"],"picked":"Defragment","floor":7.0},{"not_picked":["Darkness","Steam Power"],"picked":"Glacier","floor":11.0},{"not_picked":["Streamline","Stack"],"picked":"Hologram","floor":13.0},{"not_picked":["Streamline","Steam"],"picked":"Undo","floor":14.0},{"not_picked":["Rainbow","Buffer"],"picked":"Seek","floor":16.0},{"not_picked":["Reprogram","Ball Lightning"],"picked":"Compile Driver","floor":18.0},{"not_picked":["Gash","Storm"],"picked":"Barrage+1","floor":19.0},{"not_picked":["Gash","Streamline","Self Repair"],"picked":"SKIP","floor":22.0},{"not_picked":["Leap","FTL"],"picked":"Chill+1","floor":24.0},{"not_picked":["Cold Snap","Beam Cell+1"],"picked":"Seek","floor":25.0},{"not_picked":["Turbo","Streamline"],"picked":"Cold Snap","floor":28.0},{"not_picked":["Steam","Recycle"],"picked":"Blizzard","floor":31.0},{"not_picked":["Meteor Strike","Seek"],"picked":"Thunder Strike","floor":33.0},{"not_picked":["Steam+1","Turbo+1"],"picked":"Chill+1","floor":35.0},{"not_picked":["Static Discharge+1","Darkness+1","Ball Lightning+1"],"picked":"SKIP","floor":37.0},{"not_picked":["Meteor Strike","BootSequence"],"picked":"Static Discharge+1","floor":41},{"not_picked":["Conserve Battery","Sweeping Beam","Steam"],"picked":"SKIP","floor":45},{"not_picked":["Aggregate","Double Energy+1"],"picked":"Cold Snap+1","floor":46},{"not_picked":["Steam+1","Coolheaded"],"picked":"Stack+1","floor":48}],"player_experience":266983,"relics_obtained":[{"floor":7.0,"key":"Omamori"},{"floor":9.0,"key":"Bronze Scales"},{"floor":11.0,"key":"Sundial"},{"floor":26.0,"key":"Lantern"},{"floor":28.0,"key":"PreservedInsect"},{"floor":41,"key":"Orichalcum"},{"floor":43,"key":"Kunai"}],"event_choices":[{"damage_healed":0.0,"max_hp_gain":0.0,"max_hp_loss":0.0,"gold_gain":0.0,"event_name":"Accursed Blacksmith","player_choice":"Forge","floor":2.0,"gold_loss":0.0,"damage_taken":0.0,"cards_upgraded":["Ball Lightning"]},{"damage_healed":0.0,"max_hp_gain":0.0,"max_hp_loss":0.0,"gold_gain":0.0,"event_name":"The Library","player_choice":"Read","floor":21.0,"gold_loss":0.0,"damage_taken":0.0,"cards_obtained":["Cold Snap"]},{"damage_healed":0.0,"max_hp_gain":0.0,"max_hp_loss":0.0,"gold_gain":0.0,"event_name":"Vampires","player_choice":"Ignored","floor":29.0,"gold_loss":0.0,"damage_taken":0.0},{"damage_healed":19.0,"max_hp_gain":0.0,"max_hp_loss":0.0,"gold_gain":0.0,"event_name":"Winding Halls","player_choice":"Writhe","floor":38.0,"gold_loss":0.0,"damage_taken":0.0,"cards_obtained":["Writhe"]},{"damage_healed":0.0,"max_hp_gain":0.0,"max_hp_loss":0.0,"gold_gain":0.0,"event_name":"Mysterious Sphere","player_choice":"Ignored","floor":39.0,"gold_loss":0.0,"damage_taken":0.0}],"is_beta":false,"boss_relics":[{"not_picked":["Tiny House","Coffee Dripper"],"picked":"FrozenCore"},{"not_picked":["Eternal Feather","Fusion Hammer"],"picked":"Velvet Choker"}],"items_purged_floors":[10,20,36],"is_endless":false,"potions_floor_spawned":[1,5,7,19,24,25,33,41,48],"killed_by":"Time Eater","ascension_level":4}