{"gold_per_floor":[368,333,352,352,70,70,82,117,117,117,132,132,142,152,152,231,231,245,263,94,94,106,106,31,62,62,77,2,2,16,26,26,102,102,112,69,69,88,108,108,136,57,84,134,134,148,148,168,168,168,168],"floor_reached":51,"playtime":2898,"items_purged":["Strike_G"],"score":1298,"play_id":"af45e318-d182-473e-adc1-fb90effdc00f","local_time":"20181004000611","is_ascension_mode":true,"campfire_choices":[{"data":"Deadly Poison","floor":6.0,"key":"SMITH"},{"data":"Neutralize","floor":10.0,"key":"SMITH"},{"floor":12.0,"key":"REST"},{"data":"Caltrops","floor":15.0,"key":"SMITH"},{"floor":23.0,"key":"REST"},{"floor":29.0,"key":"REST"},{"floor":32.0,"key":"REST"},{"floor":40.0,"key":"REST"},{"floor":45.0,"key":"REST"},{"data":"Noxious Fumes","floor":47.0,"key":"SMITH"},{"floor":49.0,"key":"REST"}],"neow_cost":"PERCENT_DAMAGE","seed_source_timestamp":673982411126828,"circlet_count":0,"master_deck":["Defend_G","Defend_G","Defend_G","Defend_G","Defend_G","Survivor","Neutralize+1","AscendersBane","Quick Slash+1","Deadly Poison+1","Flying Knee","PiercingWail+1","PiercingWail+1","Caltrops+1","Glass Knife","Noxious Fumes+1","Crippling Poison+1","Deadly Poison+1","Dagger Throw","Footwork","Well Laid Plans","Cloak And Dagger+1","Dodge and Roll+1","Catalyst+1","Footwork","Crippling Poison+1","Leg Sweep+1","Leg Sweep+1","Dodge and Roll+1"],"special_seed":0,"relics":["Ring of the Snake","Toxic Egg 2","Tingsha","Darkstone Periapt","Velvet Choker","Shuriken","Whetstone","Sozu","Dream Catcher","Bag of Marbles"],"potions_floor_usage":[],"damage_taken":[{"damage":0.0,"enemies":"Small Slimes","floor":1.0,"turns":4.0},{"damage":3.0,"enemies":"2 Louse","floor":3.0,"turns":4.0},{"damage":0.0,"enemies":"Cultist","floor":7.0,"turns":3.0},{"damage":31.0,"enemies":"3 Sentries","floor":8.0,"turns":11.0},{"damage":0.0,"enemies":"2 Fungi Beasts","floor":11.0,"turns":4.0},{"damage":8.0,"enemies":"Exordium Thugs","floor":13.0,"turns":5.0},{"damage":4.0,"enemies":"Gremlin Gang","floor":14.0,"turns":6.0},{"damage":26.0,"enemies":"Hexaghost","floor":16.0,"turns":11.0},{"damage":14.0,"enemies":"3 Byrds","floor":18.0,"turns":5.0},{"damage":9.0,"enemies":"Shell Parasite","floor":19.0,"turns":5.0},{"damage":7.0,"enemies":"Colosseum Slavers","floor":21.0,"turns":4.0},{"damage":15.0,"enemies":"3 Cultists","floor":22.0,"turns":5.0},{"damage":5.0,"enemies":"Gremlin Leader","floor":25.0,"turns":5.0},{"damage":17.0,"enemies":"Chosen and Byrds","floor":27.0,"turns":5.0},{"damage":10.0,"enemies":"Centurion and Healer","floor":30.0,"turns":7.0},{"damage":0.0,"enemies":"3 Cultists","floor":31.0,"turns":4.0},{"damage":17.0,"enemies":"Automaton","floor":33.0,"turns":12.0},{"damage":14.0,"enemies":"3 Darklings","floor":35.0,"turns":5.0},{"damage":0.0,"enemies":"3 Shapes","floor":38.0,"turns":5.0},{"damage":3.0,"enemies":"Reptomancer","floor":39.0,"turns":4.0},{"damage":27.0,"enemies":"Nemesis","floor":41.0,"turns":7.0},{"damage":0.0,"enemies":"Maw","floor":46.0,"turns":6.0},{"damage":7.0,"enemies":"3 Darklings","floor":48.0,"turns":5.0},{"damage":35.0,"enemies":"Donu and Deca","floor":50.0,"turns":12.0},{"damage":23,"enemies":"Awakened One","floor":51,"turns":18}],"seed_played":"6805839297212215193","potions_obtained":[{"floor":7.0,"key":"Dexterity Potion"},{"floor":11.0,"key":"PowerPotion"},{"floor":16.0,"key":"Explosive Potion"},{"floor":27.0,"key":"Fire Potion"},{"floor":31.0,"key":"SkillPotion"},{"floor":33.0,"key":"GamblersBrew"}],"is_trial":false,"path_per_floor":["M","?","M","?","$","R","M","E","T","R","M","R","M","M","R","B",null,"M","M","$","?","M","R","?","E","T","M","?","R","M","M","R","B",null,"M","$","?","M","M","R","E","$","T","?","R","M","R","M","R","B"],"character_chosen":"THE_SILENT","items_purchased":["Toxic Egg 2","Crippling Poison+1","Catalyst+1","Leg Sweep+1"],"campfire_rested":7,"item_purchase_floors":[5,20,36,42],"current_hp_per_floor":[44,60,57,57,57,57,57,26,26,26,26,45,37,33,33,7,51,37,28,28,21,6,25,25,20,20,3,3,22,12,12,31,14,53,39,39,39,39,36,55,28,28,28,28,47,47,47,40,59,24,1],"gold":168,"neow_bonus":"TWO_FIFTY_GOLD","is_prod":false,"is_daily":false,"chose_seed":false,"campfire_upgraded":4,"win_rate":0,"timestamp":1538625971,"path_taken":["M","?","M","?","$","R","M","E","T","R","?","R","M","M","R","BOSS","M","M","$","?","M","R","?","E","T","?","?","R","?","M","R","BOSS","M","$","?","M","M","R","E","$","T","?","R","M","R","M","R","BOSS","BOSS"],"build_version":"2018-10-02","purchased_purges":1,"victory":false,"max_hp_per_floor":[66,66,66,66,66,66,66,66,66,66,66,66,66,66,66,66,66,66,66,66,66,66,66,66,66,66,66,66,66,66,66,66,66,66,66,66,66,66,66,66,66,66,66,66,66,66,66,66,66,66,66],"card_choices":[{"not_picked":["Dodge and Roll","Finisher"],"picked":"Quick Slash","floor":1.0},{"not_picked":["Blade Dance","Concentrate"],"picked":"Deadly Poison","floor":3.0},{"not_picked":["Masterful Stab","Grand Finale"],"picked":"PiercingWail+1","floor":7.0},{"not_picked":["Flying Knee","Poisoned Stab","Choke"],"picked":"SKIP","floor":8.0},{"not_picked":["Dagger Spray","All Out Attack","Underhanded Strike"],"picked":"SKIP","floor":11.0},{"not_picked":["Dagger Spray","Predator"],"picked":"PiercingWail+1","floor":13.0},{"not_picked":["Heel Hook","Choke"],"picked":"Caltrops","floor":14.0},{"not_picked":["Wraith Form v2","Bullet Time+1"],"picked":"Glass Knife","floor":16.0},{"not_picked":["Caltrops","Catalyst+1"],"picked":"Noxious Fumes","floor":18.0},{"not_picked":["Calculated Gamble+1","Terror+1"],"picked":"PiercingWail+1","floor":19.0},{"not_picked":["Tactician+1","Poisoned Stab"],"picked":"Deadly Poison+1","floor":22.0},{"not_picked":["Reflex+1","Prepared+1"],"picked":"Well Laid Plans","floor":25.0},{"not_picked":["Distraction+1","Blade Dance+1"],"picked":"Cloak And Dagger+1","floor":27.0},{"not_picked":["Reflex+1","Tools of the Trade","Riddle With Holes"],"picked":"SKIP","floor":30.0},{"not_picked":["Acrobatics+1","Calculated Gamble+1"],"picked":"Dodge and Roll+1","floor":31.0},{"not_picked":["Sucker Punch","Dagger Throw","Deflect+1"],"picked":"SKIP","floor":35.0},{"not_picked":["Sucker Punch","Dagger Throw","Deflect+1"],"picked":"SKIP","floor":35.0},{"not_picked":["Bane","Flying Knee"],"picked":"Footwork","floor":38.0},{"not_picked":["Bane","Dagger Spray"],"picked":"Crippling Poison+1","floor":39.0},{"not_picked":["Predator","Eviscerate","Outmaneuver+1"],"picked":"SKIP","floor":41.0},{"not_picked":["Choke+1","Acrobatics+1"],"picked":"Leg Sweep+1","floor":45.0},{"not_picked":["Deflect+1","Well Laid Plans"],"picked":"Dodge and Roll+1","floor":46.0},{"not_picked":["Reflex+1","Doppelganger+1","Accuracy"],"picked":"SKIP","floor":48.0}],"player_experience":655257,"relics_obtained":[{"floor":8.0,"key":"Tingsha"},{"floor":9.0,"key":"Darkstone Periapt"},{"floor":25.0,"key":"Shuriken"},{"floor":26.0,"key":"Whetstone"},{"floor":41.0,"key":"Dream Catcher"},{"floor":43.0,"key":"Bag of Marbles"}],"event_choices":[{"event_name":"The Cleric","player_choice":"Healed","floor":2.0,"damage_taken":0.0},{"event_name":"Transmorgrifier","player_choice":"Transform","floor":4.0,"damage_taken":0.0},{"event_name":"Colosseum","player_choice":"Fight","floor":21.0,"damage_taken":0.0},{"event_name":"Colosseum","player_choice":"Fled From Nobs","floor":21.0,"damage_taken":0.0},{"event_name":"Designer","player_choice":"Transform 2 Cards","floor":24.0,"damage_taken":0.0},{"event_name":"Beggar","player_choice":"Gave Gold","floor":28.0,"damage_taken":0.0},{"event_name":"Falling","player_choice":"Removed Skill","floor":37.0,"damage_taken":0.0},{"event_name":"Golden Shrine","player_choice":"Pray","floor":44.0,"damage_taken":0.0}],"is_beta":true,"boss_relics":[{"not_picked":["White Beast Statue","HoveringKite"],"picked":"Velvet Choker"},{"not_picked":["WristBlade","Busted Crown"],"picked":"Sozu"}],"items_purged_floors":[20],"is_endless":false,"potions_floor_spawned":[7,11,14,16,18,27,31,33,35,39],"killed_by":"Awakened One","ascension_level":20}