{"gold_per_floor":[109,109,59,33,50,50,50,67,67,80,115,115,115,135,135,231,231,244,169,169,269,269,294,294,326,326,354,367,367,392,411,411,506,506,518,528,580,263,273,305,305,305,305,315,345,357,387,428,440,452],"floor_reached":51,"playtime":2535,"items_purged":["Defend_R"],"score":886,"play_id":"12451593-f7ab-4bb9-a3ab-255365dfd72f","local_time":"20190424095850","is_ascension_mode":false,"campfire_choices":[{"data":"Armaments","floor":7,"key":"SMITH"},{"data":"Armaments","floor":15,"key":"SMITH"},{"data":"Whirlwind","floor":24,"key":"SMITH"},{"data":"Limit Break","floor":29,"key":"SMITH"},{"data":"Juggernaut","floor":32,"key":"SMITH"},{"data":"Flame Barrier","floor":42,"key":"SMITH"},{"data":"Shrug It Off","floor":46,"key":"SMITH"},{"data":"Defend_R","floor":49,"key":"SMITH"}],"neow_cost":"NONE","seed_source_timestamp":1032153605615200,"circlet_count":0,"master_deck":["Defend_R","Defend_R","Defend_R+1","Twin Strike","Cleave","Armaments+1","Anger","Armaments+1","Juggernaut+1","Headbutt","Bite","Bite","Bite","Bite","Bite","Flame Barrier+1","Shame","Whirlwind+1","Ghostly Armor+1","Clumsy","Shrug It Off+1","Limit Break+1","Feed","Reaper","Parasite","Shockwave+1"],"relics":["Burning Blood","Pen Nib","Singing Bowl","Lantern","Cursed Key","Charon\u0027s Ashes","The Courier","Du-Vu Doll","WingedGreaves","Blue Candle","Gremlin Horn","Darkstone Periapt","Pocketwatch","Velvet Choker","Thread and Needle","Anchor","Question Card","Dodecahedron","MawBank","Meat on the Bone"],"potions_floor_usage":[11,21,23,33,37,37,50,50,50],"damage_taken":[{"damage":5,"enemies":"Small Slimes","floor":1,"turns":4},{"damage":1,"enemies":"Jaw Worm","floor":5,"turns":3},{"damage":1,"enemies":"Cultist","floor":8,"turns":3},{"damage":2,"enemies":"Blue Slaver","floor":10,"turns":3},{"damage":18,"enemies":"Lagavulin","floor":11,"turns":6},{"damage":0,"enemies":"Looter","floor":14,"turns":3},{"damage":56,"enemies":"The Guardian","floor":16,"turns":13},{"damage":17,"enemies":"2 Thieves","floor":18,"turns":4},{"damage":25,"enemies":"Colosseum Slavers","floor":21,"turns":5},{"damage":30,"enemies":"Colosseum Nobs","floor":21,"turns":5},{"damage":44,"enemies":"Slavers","floor":23,"turns":8},{"damage":32,"enemies":"Book of Stabbing","floor":25,"turns":5},{"damage":1,"enemies":"Gremlin Leader","floor":27,"turns":5},{"damage":5,"enemies":"3 Byrds","floor":28,"turns":3},{"damage":33,"enemies":"Book of Stabbing","floor":30,"turns":6},{"damage":6,"enemies":"Snecko","floor":31,"turns":5},{"damage":46,"enemies":"Champ","floor":33,"turns":10},{"damage":24,"enemies":"3 Darklings","floor":35,"turns":3},{"damage":15,"enemies":"3 Shapes","floor":36,"turns":7},{"damage":26,"enemies":"2 Orb Walkers","floor":37,"turns":2},{"damage":12,"enemies":"Writhing Mass","floor":39,"turns":7},{"damage":11,"enemies":"Reptomancer","floor":40,"turns":4},{"damage":1,"enemies":"3 Darklings","floor":44,"turns":4},{"damage":48,"enemies":"Nemesis","floor":45,"turns":6},{"damage":2,"enemies":"4 Shapes","floor":47,"turns":3},{"damage":33,"enemies":"Giant Head","floor":48,"turns":6},{"damage":51,"enemies":"Donu and Deca","floor":50,"turns":7}],"seed_played":"-8367336009656412072","potions_obtained":[{"floor":5,"key":"Weak Potion"},{"floor":8,"key":"SpeedPotion"},{"floor":11,"key":"Poison Potion"},{"floor":14,"key":"Regen Potion"},{"floor":18,"key":"Energy Potion"},{"floor":25,"key":"Explosive Potion"},{"floor":31,"key":"SteroidPotion"},{"floor":33,"key":"GamblersBrew"},{"floor":35,"key":"SteroidPotion"},{"floor":44,"key":"PowerPotion"}],"is_trial":false,"path_per_floor":["M","?","?","$","M","?","R","M","T","M","E","?","?","M","R","B",null,"M","?","?","?","T","E","R","E","T","E","M","R","E","M","R","B",null,"M","M","?","$","M","E","?","R","T","M","E","R","M","E","R","B",null],"character_chosen":"IRONCLAD","items_purchased":["Cleave","Ancient Potion","SpeedPotion","SteroidPotion","Anchor"],"campfire_rested":0,"item_purchase_floors":[4,38,38,38,38],"current_hp_per_floor":[80,85,85,85,85,77,77,82,82,87,77,77,77,83,83,33,89,78,78,62,53,53,55,55,37,37,56,62,62,41,54,54,40,68,54,70,58,58,79,85,85,85,91,97,83,83,101,78,78,85],"gold":464,"neow_bonus":"RANDOM_COMMON_RELIC","is_prod":false,"is_daily":false,"chose_seed":false,"campfire_upgraded":8,"win_rate":1,"timestamp":1556125130,"path_taken":["M","?","?","$","M","?","R","?","T","M","E","?","?","M","R","BOSS","M","?","?","?","?","E","R","E","T","E","M","R","E","M","R","BOSS","M","M","?","$","M","E","?","R","T","M","E","R","?","E","R","BOSS"],"build_version":"2019-01-23","purchased_purges":1,"victory":true,"max_hp_per_floor":[80,85,85,85,85,85,85,85,85,87,89,89,89,89,89,89,89,89,89,62,62,62,62,62,62,62,62,62,62,62,64,64,68,68,70,75,77,77,79,85,85,85,91,97,99,99,101,101,101,101],"card_choices":[{"not_picked":["Wild Strike","Fire Breathing"],"picked":"Twin Strike","floor":1},{"not_picked":["Fire Breathing","Rupture"],"picked":"Armaments","floor":5},{"not_picked":["Havoc","Cleave"],"picked":"Anger","floor":8},{"not_picked":["Second Wind","Whirlwind","Thunderclap"],"picked":"Singing Bowl","floor":10},{"not_picked":["Body Slam","Dropkick","Bloodletting"],"picked":"Singing Bowl","floor":11},{"not_picked":["Infernal Blade","Thunderclap"],"picked":"Armaments","floor":14},{"not_picked":["Impervious","Offering"],"picked":"Juggernaut","floor":16},{"not_picked":["Burning Pact","True Grit+1"],"picked":"Headbutt","floor":18},{"not_picked":["Pommel Strike","Blood for Blood"],"picked":"Flame Barrier","floor":21},{"not_picked":["Sentinel","Reckless Charge"],"picked":"Whirlwind","floor":23},{"not_picked":["Cleave","Perfected Strike"],"picked":"Ghostly Armor+1","floor":25},{"not_picked":["Burning Pact","Anger+1"],"picked":"Shrug It Off","floor":27},{"not_picked":["Cleave","Blood for Blood"],"picked":"Limit Break","floor":28},{"not_picked":["Clothesline","Thunderclap"],"picked":"Feed","floor":30},{"not_picked":["Thunderclap","Combust","Sword Boomerang"],"picked":"Singing Bowl","floor":31},{"not_picked":["Demon Form","Impervious"],"picked":"Reaper","floor":33},{"not_picked":["Sword Boomerang+1","Anger+1","Rampage+1"],"picked":"Singing Bowl","floor":35},{"not_picked":["Wild Strike","Body Slam","Metallicize+1"],"picked":"Singing Bowl","floor":36},{"not_picked":["Clash","Flex","Pommel Strike+1"],"picked":"Singing Bowl","floor":37},{"not_picked":["Flex+1","Reckless Charge+1","Exhume"],"picked":"Singing Bowl","floor":39},{"not_picked":["Corruption","Cleave","Hemokinesis"],"picked":"Singing Bowl","floor":40},{"not_picked":["Body Slam","Sever Soul","Anger","Heavy Blade+1"],"picked":"Singing Bowl","floor":44},{"not_picked":["Armaments+1","Fire Breathing+1","Hemokinesis+1","Twin Strike"],"picked":"Singing Bowl","floor":45},{"not_picked":["Feed","Anger+1","Havoc","Rampage+1"],"picked":"Singing Bowl","floor":47},{"not_picked":["Twin Strike","Searing Blow+1","Anger+1"],"picked":"Shockwave+1","floor":48}],"player_experience":557875,"relics_obtained":[{"floor":9,"key":"Singing Bowl"},{"floor":11,"key":"Lantern"},{"floor":21,"key":"Charon\u0027s Ashes"},{"floor":21,"key":"The Courier"},{"floor":22,"key":"Du-Vu Doll"},{"floor":23,"key":"WingedGreaves"},{"floor":25,"key":"Blue Candle"},{"floor":26,"key":"Gremlin Horn"},{"floor":27,"key":"Darkstone Periapt"},{"floor":30,"key":"Pocketwatch"},{"floor":37,"key":"Thread and Needle"},{"floor":40,"key":"Question Card"},{"floor":43,"key":"Dodecahedron"},{"floor":45,"key":"MawBank"},{"floor":48,"key":"Meat on the Bone"}],"event_choices":[{"damage_healed":0,"gold_gain":0,"player_choice":"Donut","damage_taken":0,"max_hp_gain":5,"max_hp_loss":0,"event_name":"Big Fish","floor":2,"gold_loss":0},{"cards_removed":["Strike_R"],"damage_healed":0,"gold_gain":0,"player_choice":"Card Removal","damage_taken":0,"max_hp_gain":0,"max_hp_loss":0,"event_name":"The Cleric","floor":3,"gold_loss":50},{"damage_healed":0,"gold_gain":0,"player_choice":"Damaged","damage_taken":8,"max_hp_gain":0,"max_hp_loss":0,"event_name":"Wheel of Change","floor":6,"gold_loss":0},{"damage_healed":0,"gold_gain":0,"player_choice":"Ignored","damage_taken":0,"max_hp_gain":0,"max_hp_loss":0,"event_name":"Liars Game","floor":12,"gold_loss":0},{"damage_healed":0,"gold_gain":0,"player_choice":"Grow","damage_taken":0,"max_hp_gain":0,"max_hp_loss":0,"event_name":"Living Wall","floor":13,"gold_loss":0,"cards_upgraded":["Bash"]},{"cards_removed":["Strike_R"],"damage_healed":0,"gold_gain":0,"player_choice":"Gave Gold","damage_taken":0,"max_hp_gain":0,"max_hp_loss":0,"event_name":"Beggar","floor":19,"gold_loss":75},{"damage_healed":0,"gold_gain":0,"player_choice":"Became a vampire","damage_taken":0,"max_hp_gain":0,"max_hp_loss":27,"event_name":"Vampires","floor":20,"gold_loss":0,"cards_obtained":["Bite","Bite","Bite","Bite","Bite"]},{"damage_healed":0,"gold_gain":0,"player_choice":"Fight","damage_taken":0,"max_hp_gain":0,"max_hp_loss":0,"event_name":"Colosseum","floor":21,"gold_loss":0},{"damage_healed":0,"gold_gain":0,"player_choice":"Fought Nobs","damage_taken":0,"max_hp_gain":0,"max_hp_loss":0,"event_name":"Colosseum","floor":21,"gold_loss":0},{"damage_healed":0,"gold_gain":0,"player_choice":"Fight","damage_taken":0,"max_hp_gain":0,"max_hp_loss":0,"event_name":"Mysterious Sphere","floor":37,"gold_loss":0},{"cards_removed":["Bash"],"damage_healed":0,"gold_gain":0,"player_choice":"Removed Attack","damage_taken":0,"max_hp_gain":0,"max_hp_loss":0,"event_name":"Falling","floor":41,"gold_loss":0}],"is_beta":false,"boss_relics":[{"not_picked":["Philosopher\u0027s Stone","Lizard Tail"],"picked":"Cursed Key"},{"not_picked":["Tiny House","Runic Pyramid"],"picked":"Velvet Choker"}],"items_purged_floors":[38],"is_endless":false,"potions_floor_spawned":[5,8,11,14,18,21,25,31,33,35,36,44,45],"ascension_level":0}