{"gold_per_floor":[211,211,223,235,247,247,264,264,287,299,299],"floor_reached":11,"playtime":359,"items_purged":[],"score":134,"play_id":"5ca3a121-cfd0-4267-a0ee-91dec3566a3a","local_time":"20180921182952","is_ascension_mode":true,"campfire_choices":[{"floor":6,"key":"REST"},{"floor":8,"key":"REST"}],"neow_cost":"NONE","seed_source_timestamp":343879621243236,"circlet_count":0,"master_deck":["Defend_G","Defend_G","Defend_G","Defend_G","Defend_G","Strike_G","Strike_G","Strike_G","Strike_G","Strike_G","Survivor","Neutralize","AscendersBane","Quick Slash","All Out Attack","Deflect","Footwork","Dagger Spray"],"special_seed":0,"relics":["Ring of the Snake","Vajra","Juzu Bracelet"],"potions_floor_usage":[11],"damage_taken":[{"damage":6,"enemies":"Cultist","floor":1,"turns":5},{"damage":4,"enemies":"Jaw Worm","floor":3,"turns":6},{"damage":2,"enemies":"2 Louse","floor":4,"turns":2},{"damage":1,"enemies":"Red Slaver","floor":5,"turns":4},{"damage":15,"enemies":"3 Louse","floor":7,"turns":4},{"damage":4,"enemies":"Exordium Wildlife","floor":10,"turns":3},{"damage":37,"enemies":"Gremlin Nob","floor":11,"turns":4}],"seed_played":"1264570639340451015","potions_obtained":[{"floor":5,"key":"Weak Potion"}],"is_trial":false,"path_per_floor":["M","?","M","M","M","R","M","R","T","M"],"character_chosen":"THE_SILENT","items_purchased":[],"campfire_rested":2,"item_purchase_floors":[],"current_hp_per_floor":[53,18,14,12,11,30,15,34,34,30,0],"gold":299,"neow_bonus":"HUNDRED_GOLD","is_prod":false,"is_daily":false,"chose_seed":false,"campfire_upgraded":0,"win_rate":0,"timestamp":1537568992,"path_taken":["M","?","M","M","?","R","M","R","T","M","E"],"build_version":"2018-09-20","purchased_purges":0,"victory":false,"max_hp_per_floor":[66,66,66,66,66,66,66,66,66,66,66],"card_choices":[{"not_picked":["PiercingWail","Sucker Punch"],"picked":"Quick Slash","floor":1},{"not_picked":["PiercingWail","Outmaneuver"],"picked":"All Out Attack","floor":3},{"not_picked":["Catalyst","Heel Hook"],"picked":"Deflect","floor":4},{"not_picked":["Caltrops","Dagger Spray"],"picked":"Footwork","floor":5},{"not_picked":["Tactician","Predator","Crippling Poison"],"picked":"SKIP","floor":7},{"not_picked":["Skewer","Underhanded Strike"],"picked":"Dagger Spray","floor":10}],"player_experience":591811,"relics_obtained":[{"floor":9,"key":"Juzu Bracelet"}],"event_choices":[{"event_name":"Scrap Ooze","player_choice":"success","floor":2,"damage_taken":35}],"is_beta":true,"boss_relics":[],"items_purged_floors":[],"is_endless":false,"potions_floor_spawned":[5],"killed_by":"Gremlin Nob","ascension_level":20}