{"path_per_floor":["M","M","?","?","M","E","?","R","T","M","R","M","M","M","R","B",null,"M","$","?","M","?","R","E"],"character_chosen":"IRONCLAD","items_purchased":["Perfected Strike","Apotheosis"],"gold_per_floor":[10,20,20,120,136,168,168,168,168,187,187,201,220,238,238,339,339,357,14,284,294,294,294,329,329],"floor_reached":25,"campfire_rested":2,"playtime":2032,"current_hp_per_floor":[80,80,80,80,80,73,73,73,73,74,74,65,55,51,75,79,80,56,56,24,9,9,33,9,0],"items_purged":["Bash"],"gold":329,"score":248,"play_id":"a553517f-42d1-4a33-af09-4186ce3fbf81","local_time":"20180515194614","is_prod":false,"is_daily":false,"chose_seed":false,"is_ascension_mode":false,"campfire_upgraded":2,"timestamp":1526424374,"path_taken":["M","M","?","?","M","E","?","R","T","M","R","?","M","M","R","BOSS","M","$","?","M","?","R","E","?"],"build_version":"2018-05-10","seed_source_timestamp":608553127972308,"purchased_purges":1,"victory":false,"master_deck":["Strike_R","Strike_R","Strike_R","Strike_R","Strike_R","Defend_R","Defend_R","Armaments","Fire Breathing","Clash","Perfected Strike+1","Decay","Cleave+1","Anger","Demon Form","Thunderclap","Fiend Fire","Perfected Strike","Perfected Strike","Apotheosis","Shrug It Off","Perfected Strike+1","Perfected Strike"],"max_hp_per_floor":[80,80,80,80,80,80,80,80,80,80,80,80,80,80,80,80,80,80,80,80,80,80,80,80,80],"relics":["Burning Blood","Calipers","Sundial","Runic Cube","Vajra"],"card_choices":[{"not_picked":["True Grit","Headbutt"],"picked":"Armaments","floor":1},{"not_picked":["Uppercut","Clothesline"],"picked":"Fire Breathing","floor":2},{"not_picked":["Twin Strike","Anger"],"picked":"Clash","floor":5},{"not_picked":["Burning Pact","Iron Wave"],"picked":"Perfected Strike","floor":6},{"not_picked":["Thunderclap","Flex"],"picked":"Cleave","floor":10},{"not_picked":["Thunderclap","Intimidate"],"picked":"Anger","floor":12},{"not_picked":["Dropkick","Thunderclap"],"picked":"Demon Form","floor":13},{"not_picked":["Infernal Blade","Disarm"],"picked":"Thunderclap","floor":14},{"not_picked":["Double Tap","Feed"],"picked":"Fiend Fire","floor":16},{"not_picked":["Feel No Pain","Whirlwind"],"picked":"Perfected Strike","floor":18},{"not_picked":["Combust","Feel No Pain"],"picked":"Shrug It Off","floor":21},{"not_picked":["Metallicize","Pommel Strike"],"picked":"Perfected Strike","floor":24}],"player_experience":4830,"potions_floor_usage":[16,16,21,24,24],"damage_taken":[{"damage":2,"enemies":"Small Slimes","floor":1,"turns":4},{"damage":2,"enemies":"2 Louse","floor":2,"turns":3},{"damage":5,"enemies":"Cultist","floor":5,"turns":4},{"damage":13,"enemies":"Lagavulin","floor":6,"turns":5},{"damage":5,"enemies":"Looter","floor":10,"turns":2},{"damage":15,"enemies":"2 Fungi Beasts","floor":12,"turns":3},{"damage":16,"enemies":"Red Slaver","floor":13,"turns":5},{"damage":10,"enemies":"Looter","floor":14,"turns":2},{"damage":2,"enemies":"Slime Boss","floor":16,"turns":5},{"damage":30,"enemies":"2 Thieves","floor":18,"turns":4},{"damage":21,"enemies":"3 Byrds","floor":21,"turns":4},{"damage":30,"enemies":"Book of Stabbing","floor":24,"turns":4},{"damage":19,"enemies":"Centurion and Healer","floor":25,"turns":2}],"event_choices":[{"event_name":"The Cleric","player_choice":"Leave","floor":3,"damage_taken":0},{"event_name":"Golden Shrine","player_choice":"Pray","floor":4,"damage_taken":0},{"event_name":"Wheel of Change","player_choice":"Curse","floor":7,"damage_taken":0},{"event_name":"Knowing Skull","player_choice":"GOLD GOLD GOLD ","floor":20,"damage_taken":0},{"event_name":"Duplicator","player_choice":"One dupe","floor":22,"damage_taken":0}],"boss_relics":[{"not_picked":["Tiny House","Cursed Key"],"picked":"Runic Cube"}],"potions_floor_spawned":[2,5,6,13,16,21,24],"seed_played":"4669015572210038708","killed_by":"Centurion and Healer","ascension_level":0,"is_trial":false}