{"gold_per_floor":[112,112,34,45,45,71,83,102,102,136,149,149,167,187,187,286,286,304,304,161,161,173,173,208,208,208,208,228,239,8,8,8,105,105,115,125,47,62,62,62,96,96,96,109,74,90,90,108,108,108],"floor_reached":51,"playtime":5930,"items_purged":["Strike_B","Defend_B"],"score":904,"play_id":"d5bf0bd7-a64c-460b-b7da-e9dd53e9e85f","local_time":"20190317150520","is_ascension_mode":true,"campfire_choices":[{"floor":12,"key":"DIG"},{"floor":15,"key":"REST"},{"data":"Buffer","floor":23,"key":"SMITH"},{"floor":25,"key":"REST"},{"floor":27,"key":"REST"},{"floor":32,"key":"REST"},{"floor":40,"key":"REST"},{"floor":47,"key":"REST"},{"floor":49,"key":"REST"}],"neow_cost":"NONE","seed_source_timestamp":411240223122300,"circlet_count":0,"master_deck":["Defend_B","Zap","Dualcast","Go for the Eyes","Ball Lightning","Cold Snap","Cold Snap","Melter","Buffer+1","Doom and Gloom","Genetic Algorithm","Coolheaded","Hologram","Compile Driver","Rainbow","Turbo+1","Creative AI+1","Loop+1","Rebound","Fusion","Leap","Electrodynamics","Double Energy+1","Redo","Glacier","Thunder Strike","Barrage","Auto Shields","Conserve Battery","Auto Shields+1","Machine Learning","Defragment","Conserve Battery+1","Conserve Battery+1"],"relics":["Cracked Core","NeowsBlessing","Incense Burner","Shovel","Pocketwatch","Orichalcum","Astrolabe","Shuriken","Mummified Hand","Lizard Tail","Bottled Lightning","Cables"],"potions_floor_usage":[10,28,31,33,41,41,46,50],"damage_taken":[{"damage":0,"enemies":"2 Louse","floor":1,"turns":1},{"damage":0,"enemies":"Small Slimes","floor":4,"turns":1},{"damage":0,"enemies":"Gremlin Nob","floor":6,"turns":1},{"damage":0,"enemies":"Cultist","floor":7,"turns":2},{"damage":0,"enemies":"3 Louse","floor":8,"turns":2},{"damage":8,"enemies":"3 Sentries","floor":10,"turns":3},{"damage":8,"enemies":"2 Fungi Beasts","floor":11,"turns":2},{"damage":0,"enemies":"Exordium Thugs","floor":13,"turns":3},{"damage":5,"enemies":"Red Slaver","floor":14,"turns":2},{"damage":0,"enemies":"Slime Boss","floor":16,"turns":6},{"damage":11,"enemies":"Spheric Guardian","floor":18,"turns":4},{"damage":9,"enemies":"Shell Parasite","floor":22,"turns":4},{"damage":41,"enemies":"Gremlin Leader","floor":24,"turns":8},{"damage":10,"enemies":"Chosen and Byrds","floor":28,"turns":5},{"damage":10,"enemies":"Snecko","floor":29,"turns":5},{"damage":0,"enemies":"3 Cultists","floor":31,"turns":3},{"damage":0,"enemies":"Champ","floor":33,"turns":13},{"damage":27,"enemies":"3 Shapes","floor":35,"turns":4},{"damage":0,"enemies":"Orb Walker","floor":36,"turns":5},{"damage":0,"enemies":"Jaw Worm Horde","floor":38,"turns":2},{"damage":14,"enemies":"Nemesis","floor":41,"turns":9},{"damage":14,"enemies":"Writhing Mass","floor":44,"turns":8},{"damage":14,"enemies":"3 Darklings","floor":46,"turns":6},{"damage":1,"enemies":"Maw","floor":48,"turns":11},{"damage":73,"enemies":"Awakened One","floor":50,"turns":16}],"seed_played":"3030434809548254722","potions_obtained":[{"floor":4,"key":"Explosive Potion"},{"floor":10,"key":"SmokeBomb"},{"floor":13,"key":"Swift Potion"},{"floor":29,"key":"Fire Potion"},{"floor":33,"key":"Weak Potion"},{"floor":36,"key":"AttackPotion"},{"floor":48,"key":"SteroidPotion"}],"is_trial":false,"path_per_floor":["M","?","$","M","?","E","M","M","T","E","M","R","M","M","R","B",null,"M","?","$","?","M","R","E","R","T","R","M","M","$","M","R","B",null,"M","M","$","M","$","R","E","$","T","M","$","M","R","M","R","B",null],"character_chosen":"DEFECT","items_purchased":["Ball Lightning","Cold Snap","Fusion","Glacier","Energy Potion","Auto Shields","Defragment"],"campfire_rested":7,"item_purchase_floors":[3,3,20,30,30,37,45],"current_hp_per_floor":[75,68,68,68,68,68,68,68,68,60,52,52,52,47,69,69,75,64,64,64,64,55,55,14,36,36,58,48,38,38,38,60,60,75,48,48,48,48,48,70,56,56,56,42,42,28,50,49,71,37],"gold":108,"neow_bonus":"THREE_ENEMY_KILL","is_prod":false,"is_daily":false,"chose_seed":false,"campfire_upgraded":1,"win_rate":0,"timestamp":1552845920,"path_taken":["M","?","$","M","?","E","M","M","T","E","M","R","?","M","R","BOSS","M","?","$","?","?","R","E","R","T","R","M","M","$","M","R","BOSS","M","M","$","M","$","R","E","?","T","M","$","M","R","?","R","BOSS"],"build_version":"2019-01-23","purchased_purges":2,"victory":true,"max_hp_per_floor":[75,75,75,75,75,75,75,75,75,75,75,75,75,75,75,75,75,75,75,75,75,75,75,75,75,75,75,75,75,75,75,75,75,75,75,75,75,75,75,75,75,75,75,75,75,75,75,75,75,75],"card_choices":[{"not_picked":["Blizzard","Force Field"],"picked":"Go for the Eyes","floor":1},{"not_picked":["Stack","Steam"],"picked":"Cold Snap","floor":4},{"not_picked":["Coolheaded","Undo"],"picked":"Buffer","floor":6},{"not_picked":["Redo","Steam"],"picked":"Doom and Gloom","floor":7},{"not_picked":["Gash","Sweeping Beam","Chill"],"picked":"SKIP","floor":8},{"not_picked":["Barrage","Go for the Eyes"],"picked":"Genetic Algorithm","floor":10},{"not_picked":["Aggregate","Hyperbeam"],"picked":"Coolheaded","floor":11},{"not_picked":["Go for the Eyes","Cold Snap"],"picked":"Hologram","floor":13},{"not_picked":["Cold Snap","Redo"],"picked":"Compile Driver","floor":14},{"not_picked":["Seek","Reboot"],"picked":"Rainbow","floor":16},{"not_picked":["Self Repair","Sweeping Beam"],"picked":"Rebound","floor":18},{"not_picked":["Hologram+1","Skim"],"picked":"Leap","floor":22},{"not_picked":["Conserve Battery+1","Barrage+1"],"picked":"Electrodynamics","floor":24},{"not_picked":["Aggregate","Steam Power"],"picked":"Double Energy+1","floor":28},{"not_picked":["FTL+1","Stack"],"picked":"Redo","floor":29},{"not_picked":["Meteor Strike","Multi-Cast"],"picked":"Thunder Strike","floor":33},{"not_picked":["Skim","Turbo","Cold Snap"],"picked":"SKIP","floor":35},{"not_picked":["Redo+1","Steam+1"],"picked":"Barrage","floor":36},{"not_picked":["Sunder","Beam Cell+1"],"picked":"Conserve Battery","floor":38},{"not_picked":["Go for the Eyes+1","Cold Snap"],"picked":"Auto Shields+1","floor":41},{"not_picked":["Go for the Eyes","Cold Snap"],"picked":"Machine Learning","floor":44},{"not_picked":["Hologram+1","Double Energy+1"],"picked":"Conserve Battery+1","floor":46},{"not_picked":["Redo","Scrape+1"],"picked":"Conserve Battery+1","floor":48}],"player_experience":215661,"relics_obtained":[{"floor":6,"key":"Incense Burner"},{"floor":9,"key":"Shovel"},{"floor":10,"key":"Pocketwatch"},{"floor":12,"key":"Orichalcum"},{"floor":24,"key":"Shuriken"},{"floor":26,"key":"Mummified Hand"},{"floor":41,"key":"Bottled Lightning"},{"floor":43,"key":"Cables"}],"event_choices":[{"cards_removed":["Strike_B"],"damage_healed":0,"gold_gain":0,"player_choice":"Card Removal","damage_taken":7,"max_hp_gain":0,"max_hp_loss":0,"event_name":"Golden Wing","floor":2,"gold_loss":0},{"damage_healed":0,"gold_gain":0,"cards_transformed":["Defend_B"],"player_choice":"Transformed","damage_taken":0,"max_hp_gain":0,"max_hp_loss":0,"event_name":"Transmorgrifier","floor":5,"gold_loss":0,"cards_obtained":["Melter"]},{"damage_healed":0,"gold_gain":0,"player_choice":"Ignored","damage_taken":0,"max_hp_gain":0,"max_hp_loss":0,"event_name":"Vampires","floor":19,"gold_loss":0},{"damage_healed":0,"gold_gain":0,"player_choice":"0 cards matched","damage_taken":0,"max_hp_gain":0,"max_hp_loss":0,"event_name":"Match and Keep!","floor":21,"gold_loss":0,"cards_obtained":[]}],"is_beta":false,"boss_relics":[{"not_picked":["Nuclear Battery","Empty Cage"],"picked":"Astrolabe"},{"not_picked":["Velvet Choker","Coffee Dripper"],"picked":"Lizard Tail"}],"items_purged_floors":[20,30],"is_endless":false,"potions_floor_spawned":[4,10,13,29,33,36,38,48],"ascension_level":3}