{"gold_per_floor":[142,158,174,186,206,206,241,241,323,340,353,34,34,34,34,133,133,151,164,79,91,143,173,193,205,205,304,304,322,341,81,81,179,179,191,191,8,25,40,40,40,40,67,67,86,112,2,20,20,20],"floor_reached":51,"playtime":1981,"items_purged":["Strike_R"],"score":723,"play_id":"a89d86f9-de3a-4f24-8177-f35e0523cf39","local_time":"20190424103659","is_ascension_mode":false,"campfire_choices":[{"data":"Bash","floor":6.0,"key":"SMITH"},{"data":"Juggernaut","floor":8.0,"key":"SMITH"},{"data":"Disarm","floor":15.0,"key":"SMITH"},{"floor":32,"key":"REST"},{"floor":40,"key":"REST"},{"floor":42,"key":"DIG"},{"floor":44,"key":"DIG"},{"floor":49,"key":"REST"}],"neow_cost":"NONE","seed_source_timestamp":1034923705423800,"circlet_count":0,"master_deck":["Strike_R","Strike_R","Strike_R","Strike_R","Defend_R","Defend_R","Defend_R","Defend_R","Bash+1","Spot Weakness","Twin Strike","Cleave","Juggernaut+1","Headbutt","Disarm+1","Inflame+1","Immolate","True Grit","Feed+1","Battle Trance","Corruption+1","Headbutt","Sword Boomerang+1","Iron Wave","Ghostly Armor","Feed+1","Inflame+1","Shockwave","Demon Form+1","Panache+1","Blind","Magnetism+1","Shrug It Off","Battle Trance","Shrug It Off+1","Demon Form+1","Headbutt+1"],"special_seed":0,"relics":["Burning Blood","Tiny Chest","Shovel","Frozen Egg 2","Art of War","Fusion Hammer","Unceasing Top","Ancient Tea Set","Omamori","Pantograph","Membership Card","Sozu","Shuriken","Mercury Hourglass","Dream Catcher","Whetstone","Centennial Puzzle","Anchor"],"potions_floor_usage":[50,50],"damage_taken":[{"damage":1.0,"enemies":"Cultist","floor":1.0,"turns":3.0},{"damage":6.0,"enemies":"Jaw Worm","floor":2.0,"turns":4.0},{"damage":9.0,"enemies":"2 Louse","floor":3.0,"turns":3.0},{"damage":5.0,"enemies":"2 Fungi Beasts","floor":4.0,"turns":4.0},{"damage":15.0,"enemies":"Exordium Thugs","floor":5.0,"turns":6.0},{"damage":26.0,"enemies":"Lagavulin","floor":7.0,"turns":8.0},{"damage":0.0,"enemies":"3 Louse","floor":10.0,"turns":4.0},{"damage":12.0,"enemies":"Blue Slaver","floor":11.0,"turns":4.0},{"damage":22.0,"enemies":"Hexaghost","floor":16.0,"turns":9.0},{"damage":5.0,"enemies":"Spheric Guardian","floor":18.0,"turns":3.0},{"damage":22.0,"enemies":"2 Thieves","floor":19.0,"turns":3.0},{"damage":24.0,"enemies":"Sentry and Sphere","floor":21.0,"turns":5.0},{"damage":27.0,"enemies":"Gremlin Leader","floor":23.0,"turns":6.0},{"damage":22.0,"enemies":"Centurion and Healer","floor":24.0,"turns":6.0},{"damage":14.0,"enemies":"3 Cultists","floor":25.0,"turns":4.0},{"damage":8,"enemies":"Snake Plant","floor":29,"turns":3},{"damage":6,"enemies":"Centurion and Healer","floor":30,"turns":5},{"damage":24,"enemies":"Champ","floor":33,"turns":9},{"damage":10,"enemies":"Orb Walker","floor":35,"turns":4},{"damage":10,"enemies":"3 Darklings","floor":38,"turns":5},{"damage":33,"enemies":"Jaw Worm Horde","floor":39,"turns":3},{"damage":8,"enemies":"Maw","floor":45,"turns":8},{"damage":47,"enemies":"Spire Growth","floor":48,"turns":5},{"damage":28,"enemies":"Awakened One","floor":50,"turns":10}],"seed_played":"7284028426298347671","potions_obtained":[{"floor":1.0,"key":"Ancient Potion"},{"floor":7.0,"key":"LiquidBronze"},{"floor":10.0,"key":"SkillPotion"},{"floor":21.0,"key":"BloodPotion"},{"floor":24.0,"key":"Explosive Potion"},{"floor":25.0,"key":"Swift Potion"},{"floor":30,"key":"BloodPotion"}],"is_trial":false,"path_per_floor":["M","M","M","M","M","R","E","R","T","M","M","$","?","$","R","B",null,"M","M","?","M","T","E","M","M","T","?","?","M","M","$","R","B",null,"M","?","$","M","M","R","?","R","T","R","M","T","$","M","R","B",null],"character_chosen":"IRONCLAD","items_purchased":["Shrug It Off","Immolate","Art of War","True Grit","Membership Card","Shockwave","SpeedPotion","Shuriken","Shrug It Off","Demon Form+1","Anchor"],"campfire_rested":3,"item_purchase_floors":[12,12,12,12,31,31,31,37,37,47,47],"current_hp_per_floor":[80,80,77,78,69,69,49,49,49,55,49,49,49,49,49,33,80,83,70,70,52,52,31,26,21,21,21,21,22,25,25,54,64,101,100,90,90,86,59,90,90,90,90,90,88,88,88,47,78,85],"gold":20,"neow_bonus":"RANDOM_COMMON_RELIC","is_prod":false,"is_daily":false,"chose_seed":false,"campfire_upgraded":3,"win_rate":1,"timestamp":1556127419,"path_taken":["M","M","M","M","?","R","E","R","T","M","?","$","?","?","R","BOSS","M","?","?","M","?","E","M","M","T","?","?","M","?","$","R","BOSS","M","?","$","M","M","R","?","R","T","R","M","?","$","M","R","BOSS"],"build_version":"2019-01-23","purchased_purges":1,"victory":true,"max_hp_per_floor":[80,80,80,80,80,80,80,80,80,80,80,80,80,80,80,80,80,83,86,86,86,86,86,89,92,92,92,92,95,98,98,98,101,101,104,104,104,104,104,104,104,104,104,104,104,104,104,104,104,108],"card_choices":[{"not_picked":["Iron Wave","True Grit"],"picked":"Spot Weakness","floor":1.0},{"not_picked":["Pummel","Heavy Blade"],"picked":"Twin Strike","floor":2.0},{"not_picked":["Sever Soul","Thunderclap"],"picked":"Cleave","floor":3.0},{"not_picked":["Havoc","Warcry","Corruption"],"picked":"SKIP","floor":4.0},{"not_picked":["Evolve","Anger"],"picked":"Juggernaut","floor":5.0},{"not_picked":["Burning Pact","Hemokinesis"],"picked":"Headbutt","floor":7.0},{"not_picked":["Rage","Heavy Blade"],"picked":"Disarm","floor":10.0},{"not_picked":["Infernal Blade","Whirlwind"],"picked":"Inflame+1","floor":11.0},{"not_picked":["Juggernaut+1","Bludgeon"],"picked":"Feed","floor":16.0},{"not_picked":["True Grit","Twin Strike"],"picked":"Battle Trance","floor":18.0},{"not_picked":["Fire Breathing+1","Shrug It Off"],"picked":"Corruption+1","floor":19.0},{"not_picked":["Iron Wave","Perfected Strike+1"],"picked":"Headbutt","floor":21.0},{"not_picked":["Seeing Red","Havoc"],"picked":"Sword Boomerang+1","floor":23.0},{"not_picked":["Wild Strike","Cleave"],"picked":"Iron Wave","floor":24.0},{"not_picked":["Cleave","Bloodletting"],"picked":"Ghostly Armor","floor":25.0},{"not_picked":["Bloodletting","Intimidate"],"picked":"Feed","floor":29},{"not_picked":["Pommel Strike+1","Searing Blow"],"picked":"Inflame+1","floor":30},{"not_picked":["Brutality+1","Barricade+1"],"picked":"Demon Form+1","floor":33},{"not_picked":["Body Slam","Fire Breathing+1","Flex+1"],"picked":"SKIP","floor":35},{"not_picked":["Transmutation","Finesse"],"picked":"Panache+1","floor":36},{"not_picked":["Bandage Up","Purity"],"picked":"Blind","floor":36},{"not_picked":["Swift Strike","Good Instincts"],"picked":"Magnetism+1","floor":36},{"not_picked":["Armaments","Fire Breathing+1"],"picked":"Battle Trance","floor":38},{"not_picked":["Sword Boomerang+1","Clash","Iron Wave"],"picked":"SKIP","floor":39},{"not_picked":["Warcry","Pommel Strike"],"picked":"Shrug It Off+1","floor":45},{"not_picked":["Body Slam","Armaments+1"],"picked":"Headbutt+1","floor":48}],"player_experience":560410,"relics_obtained":[{"floor":7.0,"key":"Shovel"},{"floor":9.0,"key":"Frozen Egg 2"},{"floor":22.0,"key":"Ancient Tea Set"},{"floor":23.0,"key":"Omamori"},{"floor":26.0,"key":"Pantograph"},{"floor":42,"key":"Mercury Hourglass"},{"floor":43,"key":"Dream Catcher"},{"floor":44,"key":"Whetstone"},{"floor":46,"key":"Centennial Puzzle"}],"event_choices":[{"damage_healed":0.0,"max_hp_gain":0.0,"max_hp_loss":0.0,"gold_gain":0.0,"event_name":"NoteForYourself","player_choice":"Ignored","floor":13.0,"gold_loss":0.0,"damage_taken":0.0},{"damage_healed":0.0,"max_hp_gain":0.0,"max_hp_loss":0.0,"gold_gain":0.0,"event_name":"Addict","player_choice":"Obtained Relic","floor":20.0,"gold_loss":85.0,"damage_taken":0.0,"relics_obtained":["Unceasing Top"]},{"damage_healed":0.0,"max_hp_gain":0.0,"max_hp_loss":0.0,"gold_gain":99.0,"event_name":"Nest","player_choice":"Stole From Cult","floor":27.0,"gold_loss":0.0,"damage_taken":0.0},{"damage_healed":0.0,"max_hp_gain":0.0,"max_hp_loss":0.0,"gold_gain":0.0,"event_name":"Cursed Tome","player_choice":"Ignored","floor":28.0,"gold_loss":0.0,"damage_taken":0.0},{"damage_healed":0,"gold_gain":0,"player_choice":"Memory 3","damage_taken":10,"max_hp_gain":0,"max_hp_loss":0,"event_name":"SensoryStone","floor":36,"gold_loss":0},{"cards_removed":["Shrug It Off"],"damage_healed":0,"gold_gain":0,"player_choice":"Removed Skill","damage_taken":0,"max_hp_gain":0,"max_hp_loss":0,"event_name":"Falling","floor":41,"gold_loss":0}],"is_beta":false,"boss_relics":[{"not_picked":["Tiny House","Astrolabe"],"picked":"Fusion Hammer"},{"not_picked":["Empty Cage","Coffee Dripper"],"picked":"Sozu"}],"items_purged_floors":[37],"is_endless":false,"potions_floor_spawned":[1,7,10,16,21,24,25,30,33,38,39,45],"ascension_level":0}