{"gold_per_floor":[118,134,147,166,131,131,15,15,15,15,10,43,43,368,368,444,444,444,444,444,444,321,321,33,33,33,33,33,33,33,33,33,33,33,33,33,33,33,33,33,33,33,33,33,33,33,33,33,33,33],"floor_reached":51,"playtime":3619,"items_purged":["Strike_G","Strike_G"],"score":1248,"play_id":"18c37c5f-17b6-4c27-a9b7-e423dae2781f","local_time":"20180808231448","is_ascension_mode":true,"campfire_choices":[{"data":"Bouncing Flask","floor":6,"key":"SMITH"},{"data":"A Thousand Cuts","floor":8,"key":"SMITH"},{"data":"Caltrops","floor":10,"key":"SMITH"},{"data":"Cloak And Dagger","floor":13,"key":"SMITH"},{"floor":15,"key":"REST"},{"data":"After Image","floor":23,"key":"SMITH"},{"data":"Footwork","floor":27,"key":"SMITH"},{"floor":32,"key":"REST"},{"data":"Noxious Fumes","floor":40,"key":"SMITH"},{"floor":42,"key":"REST"},{"data":"PiercingWail","floor":45,"key":"SMITH"},{"floor":49,"key":"REST"}],"neow_cost":"TEN_PERCENT_HP_LOSS","seed_source_timestamp":16718414604021,"circlet_count":0,"master_deck":["Defend_G","Defend_G+1","Defend_G","Defend_G","Defend_G","Strike_G","Strike_G","Strike_G","Survivor","Neutralize","AscendersBane","Corpse Explosion","Caltrops+1","Cloak And Dagger+1","Bouncing Flask+1","A Thousand Cuts+1","Leg Sweep","Leg Sweep+1","Dash","After Image+1","PiercingWail","PiercingWail+1","Deflect","Footwork+1","Escape Plan+1","Dagger Throw","Quick Slash","Noxious Fumes+1","Burst+1","Cloak And Dagger+1","Blade Dance+1","Deadly Poison+1","Catalyst+1","Cloak And Dagger+1","Prepared+1","Blade Dance+1","Backflip+1"],"relics":["Ring of the Snake","Gambling Chip","Sundial","Old Coin","Ectoplasm","Bag of Preparation","Toxic Egg 2","Matryoshka","Art of War","Sozu","Calipers","Regal Pillow","War Paint","Tough Bandages"],"potions_floor_usage":[4,12,12,16,30,30,30,33,44,50],"damage_taken":[{"damage":1,"enemies":"Cultist","floor":1,"turns":4},{"damage":7,"enemies":"2 Louse","floor":2,"turns":4},{"damage":3,"enemies":"Jaw Worm","floor":3,"turns":5},{"damage":4,"enemies":"Exordium Wildlife","floor":4,"turns":5},{"damage":9,"enemies":"Exordium Thugs","floor":11,"turns":5},{"damage":12,"enemies":"Gremlin Nob","floor":12,"turns":4},{"damage":13,"enemies":"3 Sentries","floor":14,"turns":3},{"damage":30,"enemies":"Slime Boss","floor":16,"turns":8},{"damage":1,"enemies":"Spheric Guardian","floor":18,"turns":3},{"damage":0,"enemies":"3 Byrds","floor":19,"turns":3},{"damage":0,"enemies":"Snecko","floor":21,"turns":6},{"damage":0,"enemies":"Gremlin Leader","floor":28,"turns":9},{"damage":5,"enemies":"Sentry and Sphere","floor":29,"turns":4},{"damage":19,"enemies":"Slavers","floor":30,"turns":5},{"damage":0,"enemies":"Centurion and Healer","floor":31,"turns":10},{"damage":28,"enemies":"Collector","floor":33,"turns":14},{"damage":0,"enemies":"3 Shapes","floor":35,"turns":3},{"damage":0,"floor":36,"turns":7},{"damage":1,"enemies":"Flame Bruiser 1 Orb","floor":37,"turns":5},{"damage":6,"enemies":"Spire Growth","floor":38,"turns":6},{"damage":1,"enemies":"3 Darklings","floor":39,"turns":5},{"damage":0,"enemies":"Sphere and 2 Shapes","floor":44,"turns":4},{"damage":15,"floor":46,"turns":4},{"damage":0,"enemies":"Spire Growth","floor":47,"turns":2},{"damage":0,"enemies":"Maw","floor":48,"turns":6},{"damage":13,"enemies":"Donu and Deca","floor":50,"turns":6}],"seed_played":"6590490099329974451","potions_obtained":[{"floor":1,"key":"Strength Potion"},{"floor":11,"key":"PowerPotion"},{"floor":14,"key":"Explosive Potion"},{"floor":18,"key":"EntropicBrew"},{"floor":21,"key":"SteroidPotion"},{"floor":31,"key":"SneckoOil"},{"floor":33,"key":"SkillPotion"}],"is_trial":false,"path_per_floor":["M","M","M","M","?","R","$","R","T","R","M","E","R","E","R","B",null,"M","M","?","M","$","R","$","?","T","R","E","M","E","M","R","B",null,"M","?","M","M","M","R","?","R","T","M","R","?","M","M","R","B"],"character_chosen":"THE_SILENT","items_purchased":["Leg Sweep","PowerPotion","Deflect","Footwork","Bag of Preparation"],"campfire_rested":4,"item_purchase_floors":[7,7,22,24,24],"current_hp_per_floor":[58,51,48,44,59,59,59,59,59,59,50,38,38,25,43,13,48,47,47,47,47,47,47,47,47,47,47,47,42,23,23,41,13,48,48,48,47,41,40,40,40,58,58,58,58,43,43,43,60,47],"gold":33,"neow_bonus":"THREE_RARE_CARDS","is_prod":false,"is_daily":false,"chose_seed":false,"campfire_upgraded":8,"win_rate":0,"timestamp":1533784488,"path_taken":["M","M","M","M","?","R","$","R","T","R","M","E","R","E","R","BOSS","M","M","?","M","$","R","$","?","T","R","E","?","E","M","R","BOSS","M","?","M","?","M","R","?","R","T","M","R","?","M","M","R","BOSS"],"build_version":"2018-08-02","purchased_purges":2,"victory":true,"max_hp_per_floor":[60,60,60,60,60,60,60,60,60,60,60,60,60,60,60,60,60,60,60,60,60,60,60,60,60,60,60,60,60,60,60,60,60,60,60,60,60,60,60,60,60,60,60,60,60,60,60,60,60,60],"card_choices":[{"not_picked":["Tools of the Trade","Envenom"],"picked":"Corpse Explosion","floor":0},{"not_picked":["Flying Knee","Dodge and Roll"],"picked":"Caltrops","floor":1},{"not_picked":["Backflip","Poisoned Stab"],"picked":"Cloak And Dagger","floor":2},{"not_picked":["Slice","Catalyst"],"picked":"Bouncing Flask","floor":3},{"not_picked":["Outmaneuver","Blade Dance"],"picked":"A Thousand Cuts","floor":4},{"not_picked":["Prepared","Quick Slash","Calculated Gamble"],"picked":"SKIP","floor":11},{"not_picked":["Eviscerate","Accuracy"],"picked":"Leg Sweep","floor":12},{"not_picked":["Catalyst","Blade Dance"],"picked":"Dash","floor":14},{"not_picked":["Adrenaline","Tools of the Trade"],"picked":"After Image","floor":16},{"not_picked":["Sucker Punch","Distraction"],"picked":"PiercingWail","floor":18},{"not_picked":["Blade Dance","A Thousand Cuts","Prepared"],"picked":"SKIP","floor":19},{"not_picked":["Setup","Dagger Throw"],"picked":"PiercingWail","floor":21},{"not_picked":["Bullet Time+1","Slice"],"picked":"Escape Plan+1","floor":28},{"not_picked":["Acrobatics+1","Slice"],"picked":"Dagger Throw","floor":29},{"not_picked":["Riddle With Holes+1","PiercingWail+1"],"picked":"Quick Slash","floor":30},{"not_picked":["Catalyst+1","Underhanded Strike+1"],"picked":"Noxious Fumes","floor":31},{"not_picked":["Doppelganger+1","Envenom"],"picked":"Burst+1","floor":33},{"not_picked":["Dodge and Roll+1","Calculated Gamble+1"],"picked":"Cloak And Dagger+1","floor":35},{"not_picked":["Dagger Spray","Underhanded Strike"],"picked":"Blade Dance+1","floor":36},{"not_picked":["Flechettes+1","Endless Agony"],"picked":"Deadly Poison+1","floor":37},{"not_picked":["Underhanded Strike","Glass Knife"],"picked":"Catalyst+1","floor":38},{"not_picked":["Flying Knee","Dodge and Roll+1"],"picked":"Cloak And Dagger+1","floor":39},{"not_picked":["Predator","Tactician+1"],"picked":"Prepared+1","floor":44},{"not_picked":["Blur+1","Terror+1"],"picked":"Blade Dance+1","floor":46},{"not_picked":["PiercingWail+1","Envenom"],"picked":"Backflip+1","floor":47},{"not_picked":["Skewer","Outmaneuver+1","Underhanded Strike"],"picked":"SKIP","floor":48}],"player_experience":477421,"relics_obtained":[{"floor":9,"key":"Gambling Chip"},{"floor":12,"key":"Sundial"},{"floor":14,"key":"Old Coin"},{"floor":26,"key":"Toxic Egg 2"},{"floor":28,"key":"Matryoshka"},{"floor":30,"key":"Art of War"},{"floor":36,"key":"Calipers"},{"floor":43,"key":"Regal Pillow"},{"floor":43,"key":"War Paint"},{"floor":46,"key":"Tough Bandages"}],"event_choices":[{"event_name":"The Cleric","player_choice":"Healed","floor":5,"damage_taken":0},{"event_name":"Nest","player_choice":"Stole From Cult","floor":20,"damage_taken":0},{"event_name":"Addict","player_choice":"Ignored","floor":25,"damage_taken":0},{"event_name":"MindBloom","player_choice":"Fight","floor":36,"damage_taken":0},{"event_name":"Accursed Blacksmith","player_choice":"Ignore","floor":41,"damage_taken":0},{"event_name":"Mysterious Sphere","player_choice":"Fight","floor":46,"damage_taken":0}],"is_beta":false,"boss_relics":[{"not_picked":["Velvet Choker","Orrery"],"picked":"Ectoplasm"},{"not_picked":["Pandora\u0027s Box","Tiny House"],"picked":"Sozu"}],"items_purged_floors":[22,24],"is_endless":false,"potions_floor_spawned":[1,11,14,18,21,31,33,37,38,46],"ascension_level":15}