{"gold_per_floor":[210,210,13,26,44,76,76,105,105,105,138,154,168,186,186,286,286,296,90,109,121,134,159,159,190,247,295,295,305,16,26,26,125,125,135,135,155,155,166,166,191,208,208,208,223,184,184,104,104,104],"floor_reached":51,"playtime":2756,"items_purged":["Strike_R","Strike_R"],"score":764,"play_id":"1ad06182-c334-4791-98c0-d4608e763126","local_time":"20190424114140","is_ascension_mode":false,"campfire_choices":[{"data":"Armaments","floor":7,"key":"SMITH"},{"data":"Disarm","floor":15,"key":"SMITH"},{"data":"Corruption","floor":24,"key":"SMITH"},{"floor":28,"key":"REST"},{"floor":32,"key":"REST"},{"data":"Enlightenment","floor":40,"key":"SMITH"},{"data":"Spot Weakness","floor":47,"key":"SMITH"},{"data":"Shockwave","floor":49,"key":"SMITH"}],"neow_cost":"NONE","seed_source_timestamp":1038102902065800,"circlet_count":0,"master_deck":["Strike_R","Strike_R","Strike_R","Defend_R","Defend_R","Defend_R","Defend_R","Bash+1","Armaments+1","Clothesline","Disarm+1","Spot Weakness+1","Pommel Strike","Seeing Red","Disarm","Bludgeon","Shrug It Off","Enlightenment+1","Inflame","True Grit","Corruption+1","Shockwave+1","Ghostly Armor","Reaper","Anger","Carnage","Shrug It Off","Impervious","Battle Trance+1","Shockwave","Feel No Pain","True Grit+1","Heavy Blade+1","Trip","Blind","Secret Weapon","Headbutt","True Grit+1","Whirlwind+1"],"relics":["Burning Blood","Orichalcum","Pantograph","Regal Pillow","Dodecahedron","The Courier","Darkstone Periapt","Philosopher\u0027s Stone","Kunai","Potion Belt","Tiny Chest","Bag of Marbles","Orrery","Vajra","Strawberry","Ornamental Fan"],"potions_floor_usage":[23,23,25,41,50,50,50],"damage_taken":[{"damage":0,"enemies":"Small Slimes","floor":1,"turns":3},{"damage":2,"enemies":"Jaw Worm","floor":4,"turns":3},{"damage":0,"enemies":"Cultist","floor":5,"turns":3},{"damage":8,"enemies":"Gremlin Nob","floor":6,"turns":5},{"damage":14,"enemies":"Lagavulin","floor":8,"turns":6},{"damage":12,"enemies":"Gremlin Nob","floor":11,"turns":5},{"damage":2,"enemies":"Gremlin Gang","floor":12,"turns":4},{"damage":1,"enemies":"Exordium Thugs","floor":13,"turns":7},{"damage":0,"enemies":"3 Louse","floor":14,"turns":3},{"damage":9,"enemies":"Hexaghost","floor":16,"turns":11},{"damage":4,"enemies":"Shell Parasite","floor":18,"turns":4},{"damage":0,"enemies":"Spheric Guardian","floor":20,"turns":3},{"damage":28,"enemies":"Centurion and Healer","floor":21,"turns":8},{"damage":6,"enemies":"Snake Plant","floor":22,"turns":4},{"damage":17,"enemies":"Gremlin Leader","floor":23,"turns":8},{"damage":39,"enemies":"Slavers","floor":25,"turns":7},{"damage":15,"enemies":"Snecko","floor":29,"turns":5},{"damage":10,"enemies":"Cultist and Chosen","floor":31,"turns":6},{"damage":42,"enemies":"Automaton","floor":33,"turns":11},{"damage":3,"enemies":"3 Shapes","floor":35,"turns":7},{"damage":20,"enemies":"3 Darklings","floor":37,"turns":9},{"damage":10,"enemies":"Maw","floor":39,"turns":11},{"damage":26,"enemies":"Giant Head","floor":41,"turns":10},{"damage":7,"enemies":"4 Shapes","floor":42,"turns":9},{"damage":15,"enemies":"Jaw Worm Horde","floor":45,"turns":10},{"damage":26,"enemies":"Donu and Deca","floor":50,"turns":7}],"seed_played":"4409360120262758576","potions_obtained":[{"floor":1,"key":"Fire Potion"},{"floor":11,"key":"Dexterity Potion"},{"floor":12,"key":"SkillPotion"},{"floor":13,"key":"Fire Potion"},{"floor":14,"key":"PowerPotion"},{"floor":18,"key":"Explosive Potion"},{"floor":23,"key":"Dexterity Potion"},{"floor":33,"key":"Block Potion"},{"floor":39,"key":"Energy Potion"},{"floor":41,"key":"Poison Potion"}],"is_trial":false,"path_per_floor":["M","?","$","M","M","E","R","E","T","T","E","M","M","M","R","B",null,"M","$","M","M","M","E","R","E","T","T","R","M","$","M","R","B",null,"M","$","M","?","M","R","E","M","T","T","M","$","R","$","R","B",null],"character_chosen":"IRONCLAD","items_purchased":["Clothesline","Orichalcum","Enlightenment","Inflame","True Grit","Energy Potion","EssenceOfSteel","Carnage","Shrug It Off","Weak Potion","SteroidPotion","Strength Potion","Strength Potion"],"campfire_rested":2,"item_purchase_floors":[3,3,19,19,19,30,30,30,30,30,46,48,48],"current_hp_per_floor":[80,80,80,80,80,78,78,70,70,70,64,68,73,79,79,77,80,80,80,80,58,58,47,47,14,14,14,53,49,49,45,80,44,80,80,80,80,70,75,75,70,69,76,76,78,78,78,78,78,79],"gold":104,"neow_bonus":"HUNDRED_GOLD","is_prod":false,"is_daily":false,"chose_seed":false,"campfire_upgraded":6,"win_rate":1,"timestamp":1556131300,"path_taken":["M","?","$","M","M","E","R","E","T","?","E","?","M","M","R","BOSS","M","$","?","M","M","E","R","E","T","?","R","M","$","M","R","BOSS","M","$","M","?","M","R","E","M","T","?","?","?","R","$","R","BOSS"],"build_version":"2019-01-23","purchased_purges":2,"victory":true,"max_hp_per_floor":[80,80,80,80,80,80,80,80,80,80,80,80,80,80,80,80,80,80,80,80,80,80,80,80,80,80,80,80,80,80,80,80,80,80,80,80,80,80,80,80,80,80,87,87,87,87,87,87,87,87],"card_choices":[{"not_picked":["Sever Soul","Rupture"],"picked":"Armaments","floor":1},{"not_picked":["Entrench","Sword Boomerang","Second Wind"],"picked":"SKIP","floor":4},{"not_picked":["Armaments","Rage"],"picked":"Disarm","floor":5},{"not_picked":["Feel No Pain","Perfected Strike"],"picked":"Spot Weakness","floor":6},{"not_picked":["Warcry","Second Wind","Fire Breathing"],"picked":"SKIP","floor":8},{"not_picked":["Searing Blow","Reckless Charge"],"picked":"Pommel Strike","floor":11},{"not_picked":["Evolve","Body Slam"],"picked":"Seeing Red","floor":12},{"not_picked":["Entrench","Flex","Fire Breathing"],"picked":"SKIP","floor":13},{"not_picked":["Thunderclap","Pommel Strike"],"picked":"Disarm","floor":14},{"not_picked":["Offering","Brutality"],"picked":"Bludgeon","floor":16},{"not_picked":["Clothesline","Infernal Blade+1"],"picked":"Shrug It Off","floor":18},{"not_picked":["Bloodletting","Spot Weakness"],"picked":"Corruption","floor":20},{"not_picked":["Wild Strike+1","Dropkick","Entrench"],"picked":"SKIP","floor":21},{"not_picked":["Evolve","Pommel Strike"],"picked":"Shockwave","floor":22},{"not_picked":["Anger","Sword Boomerang"],"picked":"Ghostly Armor","floor":23},{"not_picked":["Iron Wave","Rage"],"picked":"Reaper","floor":25},{"not_picked":["Perfected Strike+1","Flex"],"picked":"Anger","floor":29},{"not_picked":["Body Slam","Thunderclap+1","Evolve"],"picked":"SKIP","floor":31},{"not_picked":["Barricade","Berserk"],"picked":"Impervious","floor":33},{"not_picked":["Flex","Anger+1"],"picked":"Battle Trance+1","floor":34},{"not_picked":["Warcry","Barricade"],"picked":"Shockwave","floor":34},{"not_picked":["Sword Boomerang+1","Iron Wave"],"picked":"Feel No Pain","floor":34},{"not_picked":["Heavy Blade","Power Through"],"picked":"True Grit+1","floor":34},{"not_picked":["Clothesline","Iron Wave","Warcry"],"picked":"SKIP","floor":35},{"not_picked":["Armaments+1","Power Through"],"picked":"Heavy Blade+1","floor":37},{"not_picked":["Forethought","Good Instincts"],"picked":"Trip","floor":38},{"not_picked":["Deep Breath","Jack Of All Trades"],"picked":"Blind","floor":38},{"not_picked":["Impatience","Sadistic Nature"],"picked":"Secret Weapon","floor":38},{"not_picked":["Rage+1","Rampage","Flex"],"picked":"SKIP","floor":39},{"not_picked":["Clothesline+1","Bloodletting"],"picked":"Headbutt","floor":41},{"not_picked":["Entrench","Heavy Blade","True Grit+1"],"picked":"SKIP","floor":42},{"not_picked":["Entrench","Heavy Blade"],"picked":"True Grit+1","floor":42},{"not_picked":["Seeing Red+1","Sword Boomerang"],"picked":"Whirlwind+1","floor":45}],"player_experience":562391,"relics_obtained":[{"floor":6,"key":"Pantograph"},{"floor":8,"key":"Regal Pillow"},{"floor":9,"key":"Dodecahedron"},{"floor":10,"key":"The Courier"},{"floor":11,"key":"Darkstone Periapt"},{"floor":23,"key":"Kunai"},{"floor":25,"key":"Potion Belt"},{"floor":26,"key":"Tiny Chest"},{"floor":27,"key":"Bag of Marbles"},{"floor":41,"key":"Vajra"},{"floor":43,"key":"Strawberry"},{"floor":44,"key":"Ornamental Fan"}],"event_choices":[{"damage_healed":0,"gold_gain":0,"player_choice":"Grow","damage_taken":0,"max_hp_gain":0,"max_hp_loss":0,"event_name":"Living Wall","floor":2,"gold_loss":0,"cards_upgraded":["Bash"]},{"damage_healed":0,"gold_gain":0,"player_choice":"Memory 3","damage_taken":10,"max_hp_gain":0,"max_hp_loss":0,"event_name":"SensoryStone","floor":38,"gold_loss":0}],"is_beta":false,"boss_relics":[{"not_picked":["Empty Cage","Tiny House"],"picked":"Philosopher\u0027s Stone"},{"not_picked":["Black Blood","Lizard Tail"],"picked":"Orrery"}],"items_purged_floors":[19,30],"is_endless":false,"potions_floor_spawned":[1,11,12,13,14,18,20,23,33,35,39,41,45],"ascension_level":0}