{"gold_per_floor":[114,94,112,132,143,143,171,171,171,171,198,63,74,88,88,165,165,179,179,129,139,155,155,218,218,241,241,241],"floor_reached":28,"playtime":5140,"items_purged":["Strike_B","Strike_B"],"score":546,"play_id":"be508e9c-5beb-4d6d-a560-7ec9b72cc70e","local_time":"20190315233059","is_ascension_mode":true,"campfire_choices":[{"floor":6.0,"key":"REST"},{"data":"Static Discharge","floor":8.0,"key":"SMITH"},{"data":"Zap","floor":10.0,"key":"SMITH"},{"floor":15.0,"key":"REST"},{"data":"Skim","floor":23,"key":"SMITH"},{"data":"Defragment","floor":25,"key":"SMITH"}],"neow_cost":"PERCENT_DAMAGE","seed_source_timestamp":179794611485629,"circlet_count":0,"master_deck":["AscendersBane","Strike_B","Strike_B","Defend_B","Defend_B","Defend_B","Defend_B","Zap+1","Dualcast","Static Discharge+1","Turbo","Genetic Algorithm","Ball Lightning","Cold Snap","Hologram","Cold Snap","Conserve Battery","Defragment+1","Creative AI","Skim+1","Ghostly","Ghostly","Ghostly","Chill","Auto Shields"],"special_seed":0,"relics":["Cracked Core","Ice Cream","PreservedInsect","Smiling Mask","Dodecahedron","Nuclear Battery","Tiny Chest","Art of War"],"potions_floor_usage":[24],"damage_taken":[{"damage":0.0,"enemies":"2 Louse","floor":1.0,"turns":2.0},{"damage":1.0,"enemies":"Cultist","floor":3.0,"turns":3.0},{"damage":11.0,"enemies":"Small Slimes","floor":4.0,"turns":3.0},{"damage":7.0,"enemies":"2 Fungi Beasts","floor":5.0,"turns":3.0},{"damage":14.0,"enemies":"Gremlin Nob","floor":7.0,"turns":3.0},{"damage":15.0,"enemies":"3 Sentries","floor":11.0,"turns":4.0},{"damage":12.0,"enemies":"Lots of Slimes","floor":13.0,"turns":4.0},{"damage":6.0,"enemies":"Blue Slaver","floor":14.0,"turns":2.0},{"damage":14.0,"enemies":"The Guardian","floor":16.0,"turns":10.0},{"damage":13.0,"enemies":"Spheric Guardian","floor":18.0,"turns":4.0},{"damage":19,"enemies":"3 Byrds","floor":21,"turns":5},{"damage":11,"enemies":"Cultist and Chosen","floor":22,"turns":7},{"damage":0,"enemies":"Book of Stabbing","floor":24,"turns":7},{"damage":11,"enemies":"Slavers","floor":28,"turns":2}],"seed_played":"-4915983336175200755","potions_obtained":[{"floor":1.0,"key":"Fire Potion"},{"floor":2.0,"key":"Dexterity Potion"},{"floor":3.0,"key":"Strength Potion"},{"floor":4.0,"key":"Poison Potion"},{"floor":7.0,"key":"Block Potion"},{"floor":21,"key":"SpeedPotion"},{"floor":24,"key":"Dexterity Potion"}],"is_trial":false,"path_per_floor":["M","?","M","M","M","R","E","R","T","R","E","$","M","M","R","B",null,"M","?","$","M","M","R","E","R","T","?","E"],"character_chosen":"DEFECT","items_purchased":["Hologram","Cold Snap"],"campfire_rested":2,"item_purchase_floors":[12,12],"current_hp_per_floor":[46,46,45,34,27,48,34,34,34,34,19,19,7,1,22,8,55,42,35,35,16,5,5,5,5,5,5,0],"gold":241,"neow_bonus":"ONE_RARE_RELIC","is_prod":false,"is_daily":false,"chose_seed":false,"campfire_upgraded":4,"win_rate":0,"timestamp":1552707059,"path_taken":["M","?","M","M","M","R","E","R","T","R","E","?","M","M","R","BOSS","M","?","$","M","M","R","E","R","T","?","E"],"build_version":"2019-02-06","purchased_purges":2,"victory":false,"max_hp_per_floor":[71,71,71,71,71,71,71,71,71,71,71,71,71,71,71,71,71,71,35,35,35,35,35,35,35,35,35,35],"card_choices":[{"not_picked":["Beam Cell","Stack"],"picked":"Static Discharge","floor":1.0},{"not_picked":["Loop","Fusion"],"picked":"Turbo","floor":3.0},{"not_picked":["Ball Lightning","Tempest"],"picked":"Genetic Algorithm","floor":4.0},{"not_picked":["Static Discharge","Barrage","Turbo"],"picked":"SKIP","floor":5.0},{"not_picked":["Genetic Algorithm","Heatsinks"],"picked":"Ball Lightning","floor":7.0},{"not_picked":["Loop","Leap"],"picked":"Cold Snap","floor":11.0},{"not_picked":["Steam","Coolheaded"],"picked":"Conserve Battery","floor":13.0},{"not_picked":["Sweeping Beam","Loop"],"picked":"Defragment","floor":14.0},{"not_picked":["Meteor Strike","All For One"],"picked":"Creative AI","floor":16.0},{"not_picked":["Streamline","Rebound"],"picked":"Skim","floor":18.0},{"not_picked":["Sweeping Beam","Double Energy"],"picked":"Chill","floor":21},{"not_picked":["Hologram","Stack"],"picked":"Auto Shields","floor":22},{"not_picked":["Cold Snap","Consume","Chaos"],"picked":"SKIP","floor":24}],"player_experience":898856,"relics_obtained":[{"floor":7.0,"key":"PreservedInsect"},{"floor":9.0,"key":"Smiling Mask"},{"floor":11.0,"key":"Dodecahedron"},{"floor":24,"key":"Tiny Chest"},{"floor":26,"key":"Art of War"}],"event_choices":[{"damage_healed":0.0,"max_hp_gain":0.0,"max_hp_loss":0.0,"gold_gain":0.0,"event_name":"The Woman in Blue","player_choice":"Bought 1 Potion","floor":2.0,"gold_loss":0.0,"damage_taken":0.0},{"damage_healed":0.0,"max_hp_gain":0.0,"max_hp_loss":36.0,"gold_gain":0.0,"event_name":"Ghosts","player_choice":"Became a Ghost","floor":19.0,"gold_loss":0.0,"damage_taken":0.0,"cards_obtained":["Ghostly","Ghostly","Ghostly"]},{"damage_healed":0,"gold_gain":0,"player_choice":"Leave","damage_taken":0,"max_hp_gain":0,"max_hp_loss":0,"event_name":"FaceTrader","floor":27,"gold_loss":0}],"is_beta":true,"boss_relics":[{"not_picked":["Orrery","Black Star"],"picked":"Nuclear Battery"}],"items_purged_floors":[12,20],"is_endless":false,"potions_floor_spawned":[1,3,4,7,21,24],"killed_by":"Slavers","ascension_level":20}