{"gold_per_floor":[114,114,170,15,28,28,57,72,140,140,64,94,94,112,112,184,184,202,127,177,177,190,221,221,48,48,48,58,84,102,102,102,102],"floor_reached":33,"playtime":1355,"items_purged":["Strike_R"],"score":632,"play_id":"766129a6-4ba0-4322-a38d-24557e225b62","local_time":"20190930190127","is_ascension_mode":true,"campfire_choices":[{"data":"Fire Breathing","floor":6,"key":"SMITH"},{"data":"Anger","floor":10,"key":"SMITH"},{"data":"Combust","floor":15,"key":"SMITH"},{"data":"Clothesline","floor":24,"key":"SMITH"},{"floor":32,"key":"REST"}],"neow_cost":"NONE","seed_source_timestamp":263690723554799,"circlet_count":0,"master_deck":["AscendersBane","Strike_R+1","Strike_R+1","Strike_R+1","Defend_R+1","Defend_R+1","Defend_R+1","Defend_R+1","Bash+1","Fire Breathing+1","Sword Boomerang","Anger+1","Combust+1","Dual Wield+1","Clothesline+1","Impervious+1","CurseOfTheBell","Warcry+1","Metallicize+1","Reaper","Havoc+1","Shrug It Off+1","Writhe"],"special_seed":0,"relics":["Burning Blood","NeowsBlessing","Tiny Chest","Happy Flower","Toxic Egg 2","Toy Ornithopter","Calling Bell","Bag of Marbles","Mercury Hourglass","CaptainsWheel","Turnip","Orichalcum","InkBottle","Question Card"],"potions_floor_usage":[12,23,23,29],"damage_taken":[{"damage":0,"enemies":"Small Slimes","floor":1,"turns":1},{"damage":0,"enemies":"Jaw Worm","floor":5,"turns":1},{"damage":0,"enemies":"Lagavulin","floor":7,"turns":1},{"damage":3,"enemies":"2 Louse","floor":8,"turns":4},{"damage":11,"enemies":"3 Sentries","floor":12,"turns":5},{"damage":6,"enemies":"2 Fungi Beasts","floor":14,"turns":4},{"damage":41,"enemies":"Slime Boss","floor":16,"turns":5},{"damage":22,"enemies":"3 Byrds","floor":18,"turns":3},{"damage":35,"enemies":"2 Thieves","floor":22,"turns":3},{"damage":35,"enemies":"Book of Stabbing","floor":23,"turns":5},{"damage":8,"enemies":"Snake Plant","floor":28,"turns":6},{"damage":10,"enemies":"Gremlin Leader","floor":29,"turns":7},{"damage":7,"enemies":"Snecko","floor":30,"turns":5},{"damage":57,"enemies":"Champ","floor":33,"turns":10}],"seed_played":"6866476755114820776","potions_obtained":[{"floor":8,"key":"Block Potion"},{"floor":12,"key":"Strength Potion"},{"floor":18,"key":"SkillPotion"},{"floor":22,"key":"BloodPotion"},{"floor":28,"key":"SkillPotion"}],"is_trial":false,"path_per_floor":["M","?","T","$","M","R","E","M","T","R","$","E","?","M","R","B",null,"M","?","?","?","M","E","R","$","T","?","M","E","M","?","R","B"],"character_chosen":"IRONCLAD","items_purchased":["Fire Breathing","Combust","Reaper"],"campfire_rested":1,"item_purchase_floors":[4,11,25],"current_hp_per_floor":[74,74,74,74,75,75,75,75,75,75,75,70,75,75,75,40,70,54,54,54,54,25,22,22,22,22,22,23,24,23,23,47,0],"gold":102,"neow_bonus":"THREE_ENEMY_KILL","is_prod":false,"is_daily":false,"chose_seed":false,"campfire_upgraded":4,"win_rate":0,"timestamp":1569837687,"path_taken":["M","?","?","$","M","R","E","M","T","R","?","E","?","M","R","BOSS","M","?","?","?","M","E","R","$","T","?","?","E","?","?","R","BOSS"],"build_version":"2019-09-27","purchased_purges":1,"victory":false,"max_hp_per_floor":[75,75,75,75,75,75,75,75,75,75,75,75,80,80,80,80,80,80,80,80,80,80,80,80,80,80,80,80,80,80,80,80,80],"card_choices":[{"not_picked":["Body Slam","Searing Blow","Blood for Blood"],"picked":"SKIP","floor":1},{"not_picked":["Warcry","Thunderclap"],"picked":"Sword Boomerang","floor":5},{"not_picked":["Iron Wave","Dual Wield"],"picked":"Anger","floor":7},{"not_picked":["Pommel Strike","Pummel","Rage"],"picked":"SKIP","floor":8},{"not_picked":["Ghostly Armor+1","Corruption"],"picked":"Dual Wield+1","floor":12},{"not_picked":["Perfected Strike","Thunderclap"],"picked":"Clothesline","floor":14},{"not_picked":["Dark Embrace","Limit Break+1"],"picked":"Impervious+1","floor":16},{"not_picked":["Pummel","Clothesline","Pommel Strike"],"picked":"SKIP","floor":18},{"not_picked":["Rupture","Burning Pact+1"],"picked":"Warcry+1","floor":22},{"not_picked":["Heavy Blade","Iron Wave"],"picked":"Metallicize+1","floor":23},{"not_picked":["Juggernaut","Flex+1"],"picked":"Havoc+1","floor":28},{"not_picked":["Headbutt","Rampage"],"picked":"Shrug It Off+1","floor":29},{"not_picked":["Armaments+1","Pummel","Clash"],"picked":"SKIP","floor":30}],"player_experience":894860,"relics_obtained":[{"floor":3,"key":"Tiny Chest"},{"floor":7,"key":"Happy Flower"},{"floor":9,"key":"Toxic Egg 2"},{"floor":12,"key":"Toy Ornithopter"},{"floor":17,"key":"Bag of Marbles"},{"floor":17,"key":"Mercury Hourglass"},{"floor":17,"key":"CaptainsWheel"},{"floor":23,"key":"Turnip"},{"floor":26,"key":"Orichalcum"},{"floor":29,"key":"InkBottle"}],"event_choices":[{"damage_healed":0,"gold_gain":0,"player_choice":"Grow","damage_taken":0,"max_hp_gain":0,"max_hp_loss":0,"event_name":"Living Wall","floor":2,"gold_loss":0,"cards_upgraded":["Bash"]},{"damage_healed":0,"gold_gain":0,"player_choice":"Donut","damage_taken":0,"max_hp_gain":5,"max_hp_loss":0,"event_name":"Big Fish","floor":13,"gold_loss":0},{"cards_removed":["Strike_R"],"damage_healed":0,"gold_gain":0,"player_choice":"Gave Gold","damage_taken":0,"max_hp_gain":0,"max_hp_loss":0,"event_name":"Beggar","floor":19,"gold_loss":75},{"damage_healed":0,"gold_gain":50,"player_choice":"Stole From Cult","damage_taken":0,"max_hp_gain":0,"max_hp_loss":0,"event_name":"Nest","floor":20,"gold_loss":0},{"damage_healed":0,"gold_gain":0,"player_choice":"Simplicity","damage_taken":0,"max_hp_gain":0,"max_hp_loss":0,"event_name":"Back to Basics","floor":21,"gold_loss":0,"cards_upgraded":["Strike_R","Strike_R","Strike_R","Defend_R","Defend_R","Defend_R","Defend_R"]},{"damage_healed":0,"gold_gain":0,"player_choice":"Ignored","damage_taken":0,"max_hp_gain":0,"max_hp_loss":0,"event_name":"WeMeetAgain","floor":27,"gold_loss":0},{"damage_healed":0,"gold_gain":0,"player_choice":"Opened","damage_taken":0,"relics_obtained":["Question Card"],"max_hp_gain":0,"max_hp_loss":0,"event_name":"The Mausoleum","floor":31,"gold_loss":0,"cards_obtained":["Writhe"]}],"is_beta":true,"boss_relics":[{"not_picked":["SacredBark","Black Blood"],"picked":"Calling Bell"}],"items_purged_floors":[4],"is_endless":false,"potions_floor_spawned":[8,12,18,22,28],"killed_by":"Champ","ascension_level":20}