{"gold_per_floor":[112,127,137,148,168,199,199,228,228,228,228,257,257,257,257,354,354,354,176,176,176,176,176,126,126,126,126,126,126,126,126,126,126,126,126,76,76,76,26,26,26,26,26,26,26,26,26,26,26,26],"floor_reached":51,"playtime":8157,"items_purged":["Defend_G","Strike_G","Strike_G","Strike_G"],"score":1144,"play_id":"ce0f9daa-e312-416e-98a8-b99ec873ea31","local_time":"20191001204213","is_ascension_mode":true,"campfire_choices":[{"floor":7.0,"key":"REST"},{"floor":10.0,"key":"REST"},{"data":"Neutralize","floor":13.0,"key":"SMITH"},{"data":"Tactician","floor":15.0,"key":"SMITH"},{"data":"Catalyst","floor":25.0,"key":"SMITH"},{"data":"Poisoned Stab","floor":28.0,"key":"SMITH"},{"data":"Grand Finale","floor":30.0,"key":"SMITH"},{"floor":32.0,"key":"REST"},{"data":"Backflip","floor":41.0,"key":"SMITH"},{"data":"Adrenaline","floor":46.0,"key":"SMITH"},{"floor":49.0,"key":"REST"}],"neow_cost":"NONE","seed_source_timestamp":0,"circlet_count":0,"master_deck":["Strike_G","Strike_G","Defend_G","Defend_G","Defend_G","Defend_G","Survivor","Neutralize+1","PiercingWail","Poisoned Stab+1","Crippling Poison","Catalyst+1","Deflect","Underhanded Strike","After Image+1","Tactician+1","After Image+1","Concentrate+1","Dagger Throw+1","Poisoned Stab+1","Grand Finale+1","Backflip+1","Adrenaline+1","Acrobatics+1","Dodge and Roll+1","Deflect+1","Terror","Escape Plan+1","Sucker Punch+1"],"special_seed":0,"relics":["Runic Pyramid","Frozen Egg 2","Shuriken","Bottled Tornado","The Courier","Ectoplasm","Art of War","Smiling Mask","Anchor","Sozu","PreservedInsect","Boot","Blood Vial","Mango"],"potions_floor_usage":[50],"damage_taken":[{"damage":4.0,"enemies":"Small Slimes","floor":1.0,"turns":5.0},{"damage":4.0,"enemies":"Jaw Worm","floor":2.0,"turns":5.0},{"damage":0.0,"enemies":"Cultist","floor":3.0,"turns":4.0},{"damage":7.0,"enemies":"Exordium Wildlife","floor":4.0,"turns":5.0},{"damage":4.0,"enemies":"Large Slime","floor":5.0,"turns":9.0},{"damage":20.0,"enemies":"3 Sentries","floor":6.0,"turns":12.0},{"damage":15.0,"enemies":"Gremlin Nob","floor":8.0,"turns":4.0},{"damage":5.0,"enemies":"Lagavulin","floor":12.0,"turns":8.0},{"damage":0.0,"enemies":"The Guardian","floor":16.0,"turns":12.0},{"damage":0.0,"enemies":"Spheric Guardian","floor":18.0,"turns":6.0},{"damage":5.0,"enemies":"Shell Parasite","floor":21.0,"turns":8.0},{"damage":16.0,"enemies":"Centurion and Healer","floor":22.0,"turns":8.0},{"damage":6.0,"enemies":"Gremlin Leader","floor":23.0,"turns":8.0},{"damage":1.0,"enemies":"3 Cultists","floor":29.0,"turns":6.0},{"damage":6.0,"enemies":"Shelled Parasite and Fungi","floor":31.0,"turns":5.0},{"damage":10.0,"enemies":"Collector","floor":33.0,"turns":12.0},{"damage":0.0,"enemies":"3 Darklings","floor":35.0,"turns":4.0},{"damage":0.0,"enemies":"3 Shapes","floor":37.0,"turns":5.0},{"damage":7.0,"enemies":"Sphere and 2 Shapes","floor":38.0,"turns":7.0},{"damage":0.0,"enemies":"Nemesis","floor":40.0,"turns":7.0},{"damage":1.0,"enemies":"Giant Head","floor":42.0,"turns":8.0},{"damage":11.0,"enemies":"Jaw Worm Horde","floor":44.0,"turns":5.0},{"damage":0.0,"enemies":"Writhing Mass","floor":45.0,"turns":7.0},{"damage":40.0,"enemies":"2 Orb Walkers","floor":47.0,"turns":8.0},{"damage":0.0,"enemies":"Sphere and 2 Shapes","floor":48.0,"turns":4.0},{"damage":7,"enemies":"Time Eater","floor":50,"turns":12}],"seed_played":"-6648944132005875157","potions_obtained":[{"floor":1.0,"key":"Poison Potion"},{"floor":8.0,"key":"Explosive Potion"},{"floor":12.0,"key":"SpeedPotion"},{"floor":16.0,"key":"FearPotion"},{"floor":22.0,"key":"SkillPotion"},{"floor":27.0,"key":"GhostInAJar"},{"floor":27.0,"key":"EntropicBrew"},{"floor":31.0,"key":"GamblersBrew"},{"floor":33.0,"key":"Swift Potion"}],"is_trial":false,"path_per_floor":["M","M","M","M","M","E","R","E","T","R","?","E","R","?","R","B",null,"M","$","?","M","M","E","$","R","T","?","R","M","R","M","R","B",null,"M","$","M","M","$","E","R","E","T","M","M","R","?","M","R","B",null],"character_chosen":"THE_SILENT","items_purchased":["Art of War"],"campfire_rested":4,"item_purchase_floors":[19],"current_hp_per_floor":[59,55,55,48,44,24,45,30,30,51,56,51,51,51,51,51,69,69,69,69,64,48,42,42,42,42,42,42,41,41,35,57,47,68,68,68,68,61,61,61,61,60,60,51,53,53,29,31,57,52],"gold":26,"neow_bonus":"BOSS_RELIC","is_prod":false,"is_daily":false,"chose_seed":false,"campfire_upgraded":7,"win_rate":0,"timestamp":1569976933,"path_taken":["M","M","M","M","M","E","R","E","T","R","?","E","R","?","R","BOSS","M","$","?","M","M","E","$","R","T","?","R","M","R","M","R","BOSS","M","$","?","M","$","E","R","E","T","M","M","R","?","M","R","BOSS"],"build_version":"2019-07-17","purchased_purges":4,"victory":true,"max_hp_per_floor":[70,70,70,70,70,70,70,70,70,70,75,75,75,75,75,75,75,75,75,75,75,75,75,75,75,75,75,75,75,75,75,75,75,75,75,75,75,75,75,75,75,75,75,75,75,75,89,89,89,89],"card_choices":[{"not_picked":["Terror","Blade Dance"],"picked":"PiercingWail","floor":1.0},{"not_picked":["Accuracy","Quick Slash"],"picked":"Poisoned Stab","floor":2.0},{"not_picked":["Eviscerate","Distraction"],"picked":"Crippling Poison","floor":3.0},{"not_picked":["Unload","Accuracy"],"picked":"Catalyst","floor":4.0},{"not_picked":["Acrobatics","Cloak And Dagger"],"picked":"Deflect","floor":5.0},{"not_picked":["Backflip","Poisoned Stab"],"picked":"Underhanded Strike","floor":6.0},{"not_picked":["Sucker Punch","Expertise"],"picked":"After Image+1","floor":8.0},{"not_picked":["Sucker Punch","Poisoned Stab"],"picked":"Tactician","floor":12.0},{"not_picked":["Bullet Time","Tools of the Trade+1"],"picked":"After Image+1","floor":16.0},{"not_picked":["Blur","Deadly Poison"],"picked":"Concentrate+1","floor":18.0},{"not_picked":["Heel Hook+1","Acrobatics"],"picked":"Dagger Throw+1","floor":21.0},{"not_picked":["Dagger Spray","Quick Slash"],"picked":"Poisoned Stab+1","floor":22.0},{"not_picked":["Masterful Stab","Blade Dance+1","Cloak And Dagger"],"picked":"SKIP","floor":23.0},{"not_picked":["Backstab+1","Quick Slash"],"picked":"Grand Finale","floor":29.0},{"not_picked":["Dagger Spray","Finisher"],"picked":"Backflip","floor":31.0},{"not_picked":["Grand Finale","Storm of Steel"],"picked":"Adrenaline","floor":33.0},{"not_picked":["Cloak And Dagger+1","Flying Knee"],"picked":"Acrobatics+1","floor":35.0},{"not_picked":["Sucker Punch","Well Laid Plans+1"],"picked":"Dodge and Roll+1","floor":37.0},{"not_picked":["Prepared","Poisoned Stab","Grand Finale"],"picked":"SKIP","floor":38.0},{"not_picked":["PiercingWail+1","Dodge and Roll"],"picked":"Deflect+1","floor":40.0},{"not_picked":["Blade Dance","Accuracy+1"],"picked":"Terror","floor":42.0},{"not_picked":["Deflect+1","Crippling Poison","Slice"],"picked":"SKIP","floor":44.0},{"not_picked":["Deflect+1","PiercingWail","Backflip+1"],"picked":"SKIP","floor":45.0},{"not_picked":["Deflect+1","Predator+1"],"picked":"Escape Plan+1","floor":47.0},{"not_picked":["Quick Slash","Tactician+1"],"picked":"Sucker Punch+1","floor":48.0}],"player_experience":590898,"relics_obtained":[{"floor":6.0,"key":"Frozen Egg 2"},{"floor":8.0,"key":"Shuriken"},{"floor":9.0,"key":"Bottled Tornado"},{"floor":12.0,"key":"The Courier"},{"floor":23.0,"key":"Smiling Mask"},{"floor":26.0,"key":"Anchor"},{"floor":40.0,"key":"PreservedInsect"},{"floor":42.0,"key":"Boot"},{"floor":43.0,"key":"Blood Vial"},{"floor":47.0,"key":"Mango"}],"event_choices":[{"damage_healed":0.0,"max_hp_gain":5.0,"max_hp_loss":0.0,"gold_gain":0.0,"event_name":"Big Fish","player_choice":"Donut","floor":11.0,"gold_loss":0.0,"damage_taken":0.0},{"damage_healed":0.0,"max_hp_gain":0.0,"max_hp_loss":0.0,"gold_gain":0.0,"event_name":"Liars Game","player_choice":"Ignored","floor":14.0,"gold_loss":0.0,"damage_taken":0.0},{"damage_healed":0.0,"max_hp_gain":0.0,"max_hp_loss":0.0,"gold_gain":0.0,"event_name":"The Mausoleum","player_choice":"Ignored","floor":20.0,"gold_loss":0.0,"damage_taken":0.0},{"damage_healed":0.0,"max_hp_gain":0.0,"max_hp_loss":0.0,"gold_gain":0.0,"event_name":"Lab","player_choice":"Got Potions","floor":27.0,"gold_loss":0.0,"damage_taken":0.0},{"damage_healed":0.0,"max_hp_gain":0.0,"max_hp_loss":0.0,"gold_gain":0.0,"event_name":"Mysterious Sphere","player_choice":"Fight","floor":47.0,"gold_loss":0.0,"damage_taken":0.0}],"is_beta":false,"boss_relics":[{"not_picked":["Orrery","HoveringKite"],"picked":"Ectoplasm"},{"not_picked":["Empty Cage","WristBlade"],"picked":"Sozu"}],"items_purged_floors":[19,24,36,39],"is_endless":false,"potions_floor_spawned":[1,8,12,16,22,29,31,33,37,38,40,44],"ascension_level":9}