{"gold_per_floor":[114,127,52,64,79,109,109],"floor_reached":7,"playtime":200,"items_purged":[],"score":106,"play_id":"56b921fd-0062-4eef-b509-bf55f363c040","local_time":"20190822143004","is_ascension_mode":true,"campfire_choices":[],"neow_cost":"NONE","seed_source_timestamp":1909033009782333,"circlet_count":0,"master_deck":["AscendersBane","Strike_G","Strike_G","Strike_G","Strike_G","Strike_G","Defend_G","Defend_G","Defend_G","Defend_G","Survivor","Neutralize","Dagger Throw","Well Laid Plans","Underhanded Strike"],"relics":["Ring of the Snake","NeowsBlessing","Mercury Hourglass"],"potions_floor_usage":[6],"damage_taken":[{"damage":0,"enemies":"Small Slimes","floor":1,"turns":1},{"damage":0,"enemies":"2 Louse","floor":2,"turns":1},{"damage":0,"enemies":"Jaw Worm","floor":4,"turns":1},{"damage":12,"enemies":"Large Slime","floor":5,"turns":6},{"damage":43,"enemies":"Gremlin Nob","floor":6,"turns":5},{"damage":25,"enemies":"Gremlin Nob","floor":7,"turns":3}],"seed_played":"-3487906846224659013","potions_obtained":[{"floor":2,"key":"LiquidBronze"},{"floor":4,"key":"Weak Potion"}],"is_trial":false,"path_per_floor":["M","M","?","M","M","E","?"],"character_chosen":"THE_SILENT","items_purchased":[],"campfire_rested":0,"item_purchase_floors":[],"current_hp_per_floor":[59,59,59,59,47,4,0],"gold":109,"neow_bonus":"THREE_ENEMY_KILL","is_prod":false,"is_daily":false,"chose_seed":false,"campfire_upgraded":0,"win_rate":0,"timestamp":1566462604,"path_taken":["M","M","?","M","M","E","?"],"build_version":"2019-07-17","purchased_purges":0,"victory":false,"max_hp_per_floor":[66,66,66,66,66,66,66],"card_choices":[{"not_picked":["Prepared","Bane","Acrobatics"],"picked":"SKIP","floor":1},{"not_picked":["Blade Dance","Distraction"],"picked":"Dagger Throw","floor":2},{"not_picked":["Outmaneuver","Flying Knee"],"picked":"Well Laid Plans","floor":4},{"not_picked":["Backflip","Dodge and Roll","Prepared"],"picked":"SKIP","floor":5},{"not_picked":["Endless Agony","Masterful Stab"],"picked":"Underhanded Strike","floor":6}],"player_experience":1668977,"relics_obtained":[{"floor":6,"key":"Mercury Hourglass"}],"event_choices":[{"cards_removed":["Defend_G"],"damage_healed":0,"gold_gain":0,"player_choice":"Card Removal","damage_taken":0,"max_hp_gain":0,"max_hp_loss":0,"event_name":"The Cleric","floor":3,"gold_loss":75},{"damage_healed":0,"gold_gain":0,"player_choice":"Searched \u00271\u0027 times","damage_taken":0,"max_hp_gain":0,"max_hp_loss":0,"event_name":"Dead Adventurer","floor":7,"gold_loss":0}],"is_beta":false,"boss_relics":[],"items_purged_floors":[],"is_endless":false,"potions_floor_spawned":[2,4],"killed_by":"Gremlin Nob","ascension_level":20}