{"gold_per_floor":[119,194,211,211,228,228,71,96,96,112,128,53,88,104,104,202,202,219,229,129,129,228,228,254,270,270,305,325,325],"floor_reached":29,"playtime":1325,"items_purged":["Strike_G","Defend_G"],"score":345,"play_id":"08fe68fc-c912-4ffd-80e4-79942ce49b4c","local_time":"20190915164952","is_ascension_mode":true,"campfire_choices":[{"data":"Glass Knife","floor":6,"key":"SMITH"},{"floor":15,"key":"REST"},{"floor":23,"key":"RECALL"}],"neow_cost":"CURSE","seed_source_timestamp":277202793057548,"circlet_count":0,"master_deck":["Strike_G","Strike_G","Strike_G","Strike_G","Defend_G","Defend_G","Defend_G","Defend_G","Survivor","Neutralize","Glass Knife+1","Blur","Finisher","Footwork","Riddle With Holes","Backstab","PiercingWail+1","Dagger Spray","Adrenaline+1","Cloak And Dagger+1","PiercingWail+1"],"relics":["Ring of the Snake","Vajra","Toxic Egg 2","Shuriken","Snake Skull","Fusion Hammer","Enchiridion","Singing Bowl","Regal Pillow"],"potions_floor_usage":[8,13,16,24,24,25,29,29],"damage_taken":[{"damage":0,"enemies":"2 Louse","floor":1,"turns":2},{"damage":0,"enemies":"Cultist","floor":3,"turns":3},{"damage":0,"enemies":"Jaw Worm","floor":5,"turns":4},{"damage":17,"enemies":"Lagavulin","floor":8,"turns":5},{"damage":0,"enemies":"Blue Slaver","floor":10,"turns":4},{"damage":10,"enemies":"Lots of Slimes","floor":11,"turns":4},{"damage":10,"enemies":"3 Sentries","floor":13,"turns":5},{"damage":0,"enemies":"Exordium Wildlife","floor":14,"turns":3},{"damage":8,"enemies":"Slime Boss","floor":16,"turns":8},{"damage":3,"enemies":"Shell Parasite","floor":18,"turns":5},{"damage":0,"enemies":"3 Byrds","floor":19,"turns":4},{"damage":0,"enemies":"Gremlin Leader","floor":24,"turns":1},{"damage":23,"enemies":"Snecko","floor":25,"turns":5},{"damage":10,"enemies":"Book of Stabbing","floor":27,"turns":4},{"damage":4,"enemies":"Shelled Parasite and Fungi","floor":28,"turns":3},{"damage":26,"enemies":"Gremlin Leader","floor":29,"turns":4}],"seed_played":"5326555434525854603","potions_obtained":[{"floor":3,"key":"Energy Potion"},{"floor":8,"key":"FearPotion"},{"floor":10,"key":"Energy Potion"},{"floor":13,"key":"SteroidPotion"},{"floor":18,"key":"FearPotion"},{"floor":19,"key":"Swift Potion"},{"floor":25,"key":"SkillPotion"},{"floor":28,"key":"Block Potion"}],"is_trial":false,"path_per_floor":["M","?","M","?","M","R","$","E","T","M","M","$","E","M","R","B",null,"M","M","$","?","?","R","E","M","T","E","M","E"],"character_chosen":"THE_SILENT","items_purchased":["Vajra"],"campfire_rested":1,"item_purchase_floors":[7],"current_hp_per_floor":[70,59,59,59,59,59,59,42,42,42,32,32,22,22,43,35,70,67,67,67,51,51,51,53,32,32,22,18,0],"gold":325,"neow_bonus":"THREE_RARE_CARDS","is_prod":false,"is_daily":false,"chose_seed":false,"campfire_upgraded":1,"win_rate":0,"timestamp":1568580592,"path_taken":["M","?","M","?","M","R","$","E","T","M","M","$","E","M","R","BOSS","M","M","$","?","?","R","E","M","T","E","M","E"],"build_version":"2019-07-17","purchased_purges":2,"victory":false,"max_hp_per_floor":[70,70,70,70,70,70,70,70,70,70,70,70,70,70,70,70,70,70,70,70,70,70,70,72,74,74,74,74,74],"card_choices":[{"not_picked":["Tools of the Trade","Doppelganger"],"picked":"Glass Knife","floor":0},{"not_picked":["Caltrops","Poisoned Stab"],"picked":"Blur","floor":1},{"not_picked":["Underhanded Strike","Caltrops"],"picked":"Finisher","floor":3},{"not_picked":["Underhanded Strike","Quick Slash","Deflect"],"picked":"SKIP","floor":5},{"not_picked":["Unload","Prepared"],"picked":"Footwork","floor":8},{"not_picked":["Dodge and Roll+1","Outmaneuver+1"],"picked":"Riddle With Holes","floor":10},{"not_picked":["Bane","Dodge and Roll+1"],"picked":"Backstab","floor":11},{"not_picked":["Burst+1","Expertise+1"],"picked":"PiercingWail+1","floor":13},{"not_picked":["Deflect+1","Dagger Throw"],"picked":"Dagger Spray","floor":14},{"not_picked":["Phantasmal Killer+1","Tools of the Trade"],"picked":"Adrenaline+1","floor":16},{"not_picked":["Outmaneuver+1","Quick Slash","Flechettes"],"picked":"SKIP","floor":18},{"not_picked":["Dodge and Roll+1","Poisoned Stab","Setup+1"],"picked":"SKIP","floor":19},{"not_picked":["Concentrate+1","Prepared+1","Poisoned Stab+1"],"picked":"Singing Bowl","floor":24},{"not_picked":["Flechettes","Flying Knee","Crippling Poison+1"],"picked":"Singing Bowl","floor":25},{"not_picked":["Dash","Slice"],"picked":"Cloak And Dagger+1","floor":27},{"not_picked":["Deadly Poison+1","Riddle With Holes"],"picked":"PiercingWail+1","floor":28}],"player_experience":206593,"relics_obtained":[{"floor":8,"key":"Toxic Egg 2"},{"floor":9,"key":"Shuriken"},{"floor":13,"key":"Snake Skull"},{"floor":21,"key":"Enchiridion"},{"floor":24,"key":"Singing Bowl"},{"floor":27,"key":"Regal Pillow"}],"event_choices":[{"damage_healed":0,"gold_gain":75,"player_choice":"Gather Gold","damage_taken":11,"max_hp_gain":0,"max_hp_loss":0,"event_name":"World of Goop","floor":2,"gold_loss":0},{"cards_removed":["Clumsy"],"damage_healed":0,"gold_gain":0,"player_choice":"Purged","damage_taken":0,"max_hp_gain":0,"max_hp_loss":0,"event_name":"Purifier","floor":4,"gold_loss":0},{"damage_healed":0,"gold_gain":0,"player_choice":"Obtained Book","damage_taken":16,"max_hp_gain":0,"max_hp_loss":0,"event_name":"Cursed Tome","floor":21,"gold_loss":0},{"damage_healed":0,"gold_gain":99,"player_choice":"Stole From Cult","damage_taken":0,"max_hp_gain":0,"max_hp_loss":0,"event_name":"Nest","floor":22,"gold_loss":0}],"is_beta":false,"boss_relics":[{"not_picked":["Empty Cage","Velvet Choker"],"picked":"Fusion Hammer"}],"items_purged_floors":[12,20],"is_endless":false,"potions_floor_spawned":[3,8,10,13,18,19,25,28],"killed_by":"Gremlin Leader","ascension_level":3}