{"gold_per_floor":[213,288,288,304,318,318,344,344,368,368,404,404,427,447,447,545,545,563,563],"floor_reached":19,"playtime":1097,"items_purged":[],"score":284,"play_id":"97dfe7be-fc2b-4849-b633-b10fb96fb9ae","local_time":"20190922175328","is_ascension_mode":true,"campfire_choices":[{"data":"Deadly Poison","floor":6,"key":"SMITH"},{"floor":8,"key":"REST"},{"floor":12,"key":"REST"},{"data":"Footwork","floor":15,"key":"SMITH"}],"neow_cost":"NONE","seed_source_timestamp":73151750440200,"circlet_count":0,"master_deck":["AscendersBane","Strike_G","Strike_G","Strike_G","Strike_G","Strike_G","Defend_G","Defend_G","Defend_G","Defend_G","Defend_G","Survivor","Neutralize","Deadly Poison+1","Dagger Throw","Leg Sweep","Deflect","PiercingWail","Footwork+1","Wraith Form v2","Backflip"],"relics":["Ring of the Snake","Orichalcum","Juzu Bracelet","Golden Idol","Odd Mushroom","Snecko Eye"],"potions_floor_usage":[11,11],"damage_taken":[{"damage":0,"enemies":"Cultist","floor":1,"turns":4},{"damage":7,"enemies":"Small Slimes","floor":4,"turns":4},{"damage":0,"enemies":"2 Louse","floor":5,"turns":3},{"damage":27,"enemies":"Lagavulin","floor":7,"turns":7},{"damage":29,"enemies":"The Mushroom Lair","floor":11,"turns":7},{"damage":5,"enemies":"Blue Slaver","floor":13,"turns":4},{"damage":0,"enemies":"Exordium Wildlife","floor":14,"turns":6},{"damage":12,"enemies":"The Guardian","floor":16,"turns":15},{"damage":1,"enemies":"Shell Parasite","floor":18,"turns":9},{"damage":51,"enemies":"Masked Bandits","floor":19,"turns":5}],"seed_played":"-4836283789625833463","potions_obtained":[{"floor":4,"key":"SpeedPotion"},{"floor":5,"key":"EssenceOfSteel"},{"floor":11,"key":"EssenceOfSteel"}],"is_trial":false,"path_per_floor":["M","?","?","M","M","R","E","R","T","?","?","R","M","M","R","B",null,"M","?"],"character_chosen":"THE_SILENT","items_purchased":[],"campfire_rested":2,"item_purchase_floors":[],"current_hp_per_floor":[59,48,48,41,41,41,14,33,33,33,4,22,17,17,17,5,47,46,0],"gold":563,"neow_bonus":"HUNDRED_GOLD","is_prod":false,"is_daily":false,"chose_seed":false,"campfire_upgraded":2,"win_rate":0,"timestamp":1569142408,"path_taken":["M","?","?","M","M","R","E","R","T","?","?","R","M","M","R","BOSS","M","?"],"build_version":"2019-09-20","purchased_purges":0,"victory":false,"max_hp_per_floor":[66,66,66,66,66,66,66,66,66,61,61,61,61,61,61,61,61,61,61],"card_choices":[{"not_picked":["Leg Sweep","Distraction"],"picked":"Deadly Poison","floor":1},{"not_picked":["Dodge and Roll","Calculated Gamble"],"picked":"Dagger Throw","floor":4},{"not_picked":["Sucker Punch","Dagger Throw"],"picked":"Leg Sweep","floor":5},{"not_picked":["Deadly Poison","Dagger Throw"],"picked":"Deflect","floor":7},{"not_picked":["Quick Slash","Sucker Punch"],"picked":"PiercingWail","floor":11},{"not_picked":["Blur","Blade Dance"],"picked":"Footwork","floor":13},{"not_picked":["Tactician","Dagger Throw","Predator"],"picked":"SKIP","floor":14},{"not_picked":["Grand Finale","Malaise"],"picked":"Wraith Form v2","floor":16},{"not_picked":["Skewer","Poisoned Stab"],"picked":"Backflip","floor":18}],"player_experience":827313,"relics_obtained":[{"floor":7,"key":"Orichalcum"},{"floor":9,"key":"Juzu Bracelet"},{"floor":11,"key":"Odd Mushroom"}],"event_choices":[{"damage_healed":0,"gold_gain":75,"player_choice":"Gather Gold","damage_taken":11,"max_hp_gain":0,"max_hp_loss":0,"event_name":"World of Goop","floor":2,"gold_loss":0},{"damage_healed":0,"gold_gain":0,"player_choice":"Ignored","damage_taken":0,"max_hp_gain":0,"max_hp_loss":0,"event_name":"Liars Game","floor":3,"gold_loss":0},{"damage_healed":0,"gold_gain":0,"player_choice":"Lose Max HP","damage_taken":0,"relics_obtained":["Golden Idol"],"max_hp_gain":0,"max_hp_loss":5,"event_name":"Golden Idol","floor":10,"gold_loss":0},{"damage_healed":0,"gold_gain":0,"player_choice":"Fought Mushrooms","damage_taken":0,"max_hp_gain":0,"max_hp_loss":0,"event_name":"Mushrooms","floor":11,"gold_loss":0},{"damage_healed":0,"gold_gain":0,"player_choice":"Fought Bandits","damage_taken":0,"max_hp_gain":0,"max_hp_loss":0,"event_name":"Masked Bandits","floor":19,"gold_loss":0}],"is_beta":true,"boss_relics":[{"not_picked":["Astrolabe","Fusion Hammer"],"picked":"Snecko Eye"}],"items_purged_floors":[],"is_endless":false,"potions_floor_spawned":[4,5,7,11],"killed_by":"Masked Bandits","ascension_level":14}