{"gold_per_floor":[111,111,125,125,136,136,198,198,228,275,275,200,221,121,121,227,227,249,276,296,296,296,296,309,309,309,331,50,125,125,147,147,258,258,268,268,268,268,278,316,316,334,334,352,352,62,72,72,72,72],"floor_reached":51,"playtime":1011,"items_purged":["Strike_R","Strike_R","Strike_R","Strike_R"],"score":815,"play_id":"47a8f435-a14a-43f4-8dbb-9e44c521ac84","local_time":"20190922004346","is_ascension_mode":false,"campfire_choices":[{"data":"Clothesline","floor":6,"key":"SMITH"},{"data":"Inflame","floor":8,"key":"SMITH"},{"data":"Twin Strike","floor":11,"key":"SMITH"},{"data":"Iron Wave","floor":15,"key":"SMITH"},{"data":"Bludgeon","floor":23,"key":"SMITH"},{"data":"Whirlwind","floor":25,"key":"SMITH"},{"data":"Demon Form","floor":30,"key":"SMITH"},{"data":"Flame Barrier","floor":32,"key":"SMITH"},{"floor":49,"key":"REST"}],"neow_cost":"NONE","seed_source_timestamp":11445958834400,"circlet_count":0,"master_deck":["Strike_R","Defend_R","Defend_R","Defend_R","Bash+1","Clothesline+1","Twin Strike+1","Inflame+1","Iron Wave+1","Bludgeon+1","Flame Barrier+1","Whirlwind+1","True Grit+1","Demon Form+1","Disarm+1","Offering+1","Shrug It Off+1","Limit Break+1"],"relics":["Burning Blood","NeowsBlessing","Pantograph","CeramicFish","Tiny Chest","Vajra","Sozu","Toxic Egg 2","Torii","Cursed Key","Dodecahedron"],"potions_floor_usage":[33,33,50],"damage_taken":[{"damage":0,"enemies":"Jaw Worm","floor":1,"turns":1},{"damage":0,"enemies":"Small Slimes","floor":3,"turns":1},{"damage":0,"enemies":"Cultist","floor":5,"turns":1},{"damage":43,"enemies":"3 Sentries","floor":7,"turns":10},{"damage":1,"enemies":"3 Louse","floor":13,"turns":2},{"damage":10,"enemies":"Slime Boss","floor":16,"turns":6},{"damage":0,"enemies":"Shell Parasite","floor":18,"turns":4},{"damage":0,"enemies":"Chosen","floor":19,"turns":3},{"damage":25,"enemies":"3 Cultists","floor":20,"turns":4},{"damage":3,"enemies":"Centurion and Healer","floor":24,"turns":4},{"damage":0,"enemies":"Snecko","floor":27,"turns":3},{"damage":0,"enemies":"3 Cultists","floor":31,"turns":4},{"damage":96,"enemies":"Collector","floor":33,"turns":8},{"damage":19,"enemies":"3 Darklings","floor":35,"turns":3},{"damage":7,"enemies":"3 Shapes","floor":39,"turns":5},{"damage":27,"enemies":"Reptomancer","floor":40,"turns":5},{"damage":13,"enemies":"Maw","floor":42,"turns":6},{"damage":6,"enemies":"3 Darklings","floor":44,"turns":1},{"damage":6,"enemies":"Jaw Worm Horde","floor":47,"turns":1},{"damage":54,"enemies":"Awakened One","floor":50,"turns":8}],"seed_played":"-4937189080593231220","potions_obtained":[{"floor":1,"key":"LiquidBronze"},{"floor":7,"key":"Regen Potion"},{"floor":13,"key":"ElixirPotion"},{"floor":16,"key":"BloodPotion"}],"is_trial":false,"path_per_floor":["M","?","M","?","M","R","?","R","T","T","R","$","M","$","R","B",null,"M","M","M","?","?","R","M","R","T","M","$","?","R","M","R","B",null,"M","?","?","?","M","E","?","M","T","M","T","$","M","?","R","B",null],"character_chosen":"IRONCLAD","items_purchased":["Demon Form","Limit Break+1"],"campfire_rested":1,"item_purchase_floors":[28,46],"current_hp_per_floor":[80,62,68,68,74,74,37,37,37,37,37,37,42,42,42,63,80,80,80,61,61,53,53,56,56,56,62,62,54,54,60,60,20,80,67,67,67,67,66,45,45,38,38,38,38,38,38,38,60,28],"gold":72,"neow_bonus":"THREE_ENEMY_KILL","is_prod":false,"is_daily":false,"chose_seed":false,"campfire_upgraded":8,"win_rate":0,"timestamp":1569080626,"path_taken":["M","?","M","?","?","R","?","R","T","?","R","$","M","$","R","BOSS","M","M","M","?","?","R","M","R","T","?","?","?","R","?","R","BOSS","M","?","?","?","M","E","?","?","T","M","?","?","M","?","R","BOSS"],"build_version":"2019-09-20","purchased_purges":4,"victory":true,"max_hp_per_floor":[80,80,80,80,80,80,80,80,80,80,80,80,80,80,80,80,80,80,80,80,80,80,80,80,80,80,80,80,80,80,80,80,80,80,80,76,76,76,76,76,76,76,76,76,76,76,76,76,76,76],"card_choices":[{"not_picked":["Rage","Perfected Strike"],"picked":"Clothesline","floor":1},{"not_picked":["Bloodletting","Flex"],"picked":"Twin Strike","floor":3},{"not_picked":["Armaments","Twin Strike","Warcry"],"picked":"SKIP","floor":5},{"not_picked":["Exhume","Heavy Blade"],"picked":"Inflame","floor":7},{"not_picked":["Havoc","Headbutt"],"picked":"Iron Wave","floor":13},{"not_picked":["Feed","Dark Embrace"],"picked":"Bludgeon","floor":16},{"not_picked":["Corruption","Pummel"],"picked":"Flame Barrier","floor":18},{"not_picked":["Rage","Pommel Strike"],"picked":"Whirlwind","floor":19},{"not_picked":["Headbutt","Hemokinesis+1","Perfected Strike"],"picked":"SKIP","floor":20},{"not_picked":["Rage+1","Carnage","Blood for Blood"],"picked":"SKIP","floor":24},{"not_picked":["Clothesline","Warcry+1"],"picked":"True Grit+1","floor":27},{"not_picked":["Headbutt","Havoc+1"],"picked":"Disarm+1","floor":31},{"not_picked":["Fiend Fire","Immolate"],"picked":"Offering+1","floor":33},{"not_picked":["Headbutt","Rage+1","Armaments+1"],"picked":"SKIP","floor":35},{"not_picked":["Reckless Charge","Headbutt+1","Sword Boomerang"],"picked":"SKIP","floor":39},{"not_picked":["Brutality","Clash+1"],"picked":"Shrug It Off+1","floor":40},{"not_picked":["Armaments+1","Dual Wield+1","Perfected Strike+1"],"picked":"SKIP","floor":42},{"not_picked":["Clash+1","Perfected Strike","Body Slam"],"picked":"SKIP","floor":44},{"not_picked":["Infernal Blade+1","Headbutt+1","Shrug It Off+1"],"picked":"SKIP","floor":47}],"player_experience":815070,"relics_obtained":[{"floor":9,"key":"Tiny Chest"},{"floor":10,"key":"Vajra"},{"floor":26,"key":"Torii"},{"floor":40,"key":"Dodecahedron"}],"event_choices":[{"damage_healed":0,"gold_gain":0,"player_choice":"Success","damage_taken":18,"relics_obtained":["Pantograph"],"max_hp_gain":0,"max_hp_loss":0,"event_name":"Scrap Ooze","floor":2,"gold_loss":0},{"damage_healed":0,"gold_gain":0,"player_choice":"Upgraded","damage_taken":0,"max_hp_gain":0,"max_hp_loss":0,"event_name":"Upgrade Shrine","floor":4,"gold_loss":0,"cards_upgraded":["Bash"]},{"damage_healed":0,"gold_gain":30,"player_choice":"Searched \u00273\u0027 times","damage_taken":0,"relics_obtained":["CeramicFish"],"max_hp_gain":0,"max_hp_loss":0,"event_name":"Dead Adventurer","floor":7,"gold_loss":0},{"damage_healed":0,"gold_gain":0,"player_choice":"Opened","damage_taken":0,"relics_obtained":["Toxic Egg 2"],"max_hp_gain":0,"max_hp_loss":0,"event_name":"The Mausoleum","floor":21,"gold_loss":0},{"damage_healed":0,"gold_gain":0,"player_choice":"","damage_taken":8,"max_hp_gain":0,"max_hp_loss":0,"event_name":"Knowing Skull","floor":22,"potions_obtained":[],"gold_loss":0,"cards_obtained":[]},{"damage_healed":0,"gold_gain":75,"player_choice":"Touch","damage_taken":8,"max_hp_gain":0,"max_hp_loss":0,"event_name":"FaceTrader","floor":29,"gold_loss":0},{"damage_healed":0,"gold_gain":0,"player_choice":"Max HP","damage_taken":0,"max_hp_gain":0,"max_hp_loss":4,"event_name":"Winding Halls","floor":36,"gold_loss":0},{"damage_healed":0,"gold_gain":0,"player_choice":"Memory 1","damage_taken":0,"max_hp_gain":0,"max_hp_loss":0,"event_name":"SensoryStone","floor":37,"gold_loss":0},{"cards_removed":["Defend_R"],"damage_healed":0,"gold_gain":0,"player_choice":"Removed Skill","damage_taken":0,"max_hp_gain":0,"max_hp_loss":0,"event_name":"Falling","floor":38,"gold_loss":0},{"damage_healed":0,"gold_gain":0,"player_choice":"Ignored","damage_taken":0,"max_hp_gain":0,"max_hp_loss":0,"event_name":"Tomb of Lord Red Mask","floor":41,"gold_loss":0},{"damage_healed":0,"gold_gain":0,"player_choice":"Ignored","damage_taken":0,"max_hp_gain":0,"max_hp_loss":0,"event_name":"The Moai Head","floor":48,"gold_loss":0}],"is_beta":true,"boss_relics":[{"not_picked":["Mark of Pain","SlaversCollar"],"picked":"Sozu"},{"not_picked":["Busted Crown","Velvet Choker"],"picked":"Cursed Key"}],"items_purged_floors":[12,14,28,46],"is_endless":false,"potions_floor_spawned":[1,7,13,16,20,24,33,35,39,40,47],"ascension_level":0}