{"gold_per_floor":[114,64,132,44,59,89,89,104,179,179,209,224,254,269,269,369,369,384,384,399,399,414,444,459,489,514,544,319,334,349,349,349,449,449,464,464,64,107,122,152,152,182,207,20,50,65,95,110,110,110],"floor_reached":51,"playtime":3999,"items_purged":["Leap","Streamline"],"score":1020,"play_id":"6a6b1c4f-6386-4130-af16-a961988804da","local_time":"20190921102536","daily_mods":["Draft","Red Cards","DeadlyEvents"],"is_ascension_mode":false,"campfire_choices":[{"data":"Armaments","floor":7,"key":"SMITH"},{"data":"Defragment","floor":10,"key":"SMITH"},{"data":"Go for the Eyes","floor":15,"key":"SMITH"},{"data":"Pommel Strike","floor":32,"key":"SMITH"},{"data":"Flex","floor":41,"key":"SMITH"},{"data":"Panacea","floor":49,"key":"SMITH"}],"neow_cost":"","seed_source_timestamp":0,"circlet_count":0,"master_deck":["Gash","Armaments+1","Gash","Rage","Gash","Flame Barrier","Go for the Eyes+1","Cold Snap+1","Whirlwind","Pommel Strike+1","Flex+1","Conserve Battery","Flash of Steel","Defragment+1","Shrug It Off","Shrug It Off","FTL","Core Surge","Thunderclap+1","Streamline","Shrug It Off","Panacea+1","White Noise"],"special_seed":18160,"relics":["Cracked Core","Whetstone","Mercury Hourglass","White Beast Statue","Art of War","Busted Crown","MutagenicStrength","Strawberry","Pen Nib","Omamori","StrikeDummy","InkBottle","Calling Bell","Lantern","Meat on the Bone","Unceasing Top","Medical Kit","Sundial","Turnip","HornCleat","Bag of Preparation","Anchor","Vajra","Regal Pillow"],"potions_floor_usage":[11,16,16,22,23,23,27,33,33,42,45,48,50,50],"damage_taken":[{"damage":0,"enemies":"Jaw Worm","floor":1,"turns":2},{"damage":0,"enemies":"2 Louse","floor":5,"turns":2},{"damage":9,"enemies":"Lagavulin","floor":6,"turns":5},{"damage":0,"enemies":"Cultist","floor":8,"turns":3},{"damage":0,"enemies":"Gremlin Nob","floor":11,"turns":3},{"damage":0,"enemies":"Gremlin Gang","floor":12,"turns":3},{"damage":9,"enemies":"Lagavulin","floor":13,"turns":5},{"damage":0,"enemies":"Blue Slaver","floor":14,"turns":3},{"damage":0,"enemies":"Slime Boss","floor":16,"turns":5},{"damage":12,"enemies":"2 Thieves","floor":18,"turns":3},{"damage":0,"enemies":"Chosen","floor":20,"turns":3},{"damage":2,"enemies":"Snake Plant","floor":22,"turns":3},{"damage":0,"enemies":"Gremlin Leader","floor":23,"turns":3},{"damage":5,"enemies":"Shelled Parasite and Fungi","floor":24,"turns":3},{"damage":0,"enemies":"Book of Stabbing","floor":25,"turns":4},{"damage":0,"enemies":"Slavers","floor":27,"turns":1},{"damage":0,"enemies":"Cultist and Chosen","floor":29,"turns":3},{"damage":0,"enemies":"Snake Plant","floor":30,"turns":3},{"damage":5,"enemies":"Collector","floor":33,"turns":5},{"damage":0,"enemies":"Orb Walker","floor":35,"turns":2},{"damage":3,"enemies":"2 Orb Walkers","floor":38,"turns":4},{"damage":7,"enemies":"3 Darklings","floor":39,"turns":3},{"damage":1,"enemies":"Nemesis","floor":40,"turns":3},{"damage":0,"enemies":"Giant Head","floor":42,"turns":4},{"damage":26,"enemies":"Nemesis","floor":45,"turns":5},{"damage":0,"enemies":"Writhing Mass","floor":46,"turns":3},{"damage":0,"enemies":"Giant Head","floor":47,"turns":3},{"damage":0,"enemies":"Maw","floor":48,"turns":5},{"damage":14,"enemies":"Donu and Deca","floor":50,"turns":5}],"seed_played":"-2362599668096009378","potions_obtained":[{"floor":5,"key":"Block Potion"},{"floor":6,"key":"SteroidPotion"},{"floor":12,"key":"Strength Potion"},{"floor":13,"key":"Dexterity Potion"},{"floor":16,"key":"Explosive Potion"},{"floor":18,"key":"Dexterity Potion"},{"floor":20,"key":"AttackPotion"},{"floor":22,"key":"FearPotion"},{"floor":23,"key":"Weak Potion"},{"floor":24,"key":"DuplicationPotion"},{"floor":25,"key":"Swift Potion"},{"floor":27,"key":"Ancient Potion"},{"floor":33,"key":"EssenceOfSteel"},{"floor":35,"key":"Regen Potion"},{"floor":38,"key":"DuplicationPotion"},{"floor":42,"key":"Swift Potion"},{"floor":45,"key":"SkillPotion"},{"floor":48,"key":"Fruit Juice"}],"is_trial":false,"path_per_floor":["M","?","?","$","M","E","R","M","T","R","E","M","E","M","R","B",null,"M","?","M","?","M","E","M","E","T","E","$","M","M","?","R","B",null,"M","?","$","?","M","E","R","E","T","$","E","M","E","M","R","B",null],"character_chosen":"DEFECT","items_purchased":["Flash of Steel","InkBottle","Medical Kit","Sundial","Panacea"],"campfire_rested":0,"item_purchase_floors":[4,28,37,37,44],"current_hp_per_floor":[75,75,75,75,75,66,66,66,66,66,66,66,57,57,57,57,75,63,63,63,63,61,68,63,63,63,63,63,63,63,63,63,58,82,82,82,82,79,72,71,71,71,71,71,45,45,45,50,50,48],"gold":110,"neow_bonus":"","is_prod":false,"is_daily":true,"chose_seed":false,"campfire_upgraded":6,"win_rate":0,"timestamp":1569086736,"path_taken":["M","?","?","?","?","E","R","M","T","R","?","M","E","M","R","BOSS","M","?","M","?","M","E","M","E","T","E","$","M","M","?","R","BOSS","M","?","$","?","?","E","R","E","T","$","E","M","?","M","R","BOSS"],"build_version":"2019-09-20","purchased_purges":2,"victory":true,"max_hp_per_floor":[75,75,75,75,75,75,75,75,75,75,75,75,75,75,75,75,75,75,75,75,75,75,82,82,82,82,82,82,82,82,82,82,82,82,82,82,82,82,82,82,82,82,82,82,82,82,82,87,87,87],"card_choices":[{"not_picked":["Cleave","Static Discharge"],"picked":"Gash","floor":0},{"not_picked":["Consume","Twin Strike"],"picked":"Armaments","floor":0},{"not_picked":["Heavy Blade","Chaos"],"picked":"Sweeping Beam","floor":0},{"not_picked":["Bloodletting","Twin Strike"],"picked":"Gash","floor":0},{"not_picked":["Force Field","Reprogram"],"picked":"Rage","floor":0},{"not_picked":["Whirlwind","Body Slam"],"picked":"Leap","floor":0},{"not_picked":["Static Discharge","Clash"],"picked":"Gash","floor":0},{"not_picked":["Reckless Charge","Sever Soul"],"picked":"Flame Barrier","floor":0},{"not_picked":["Bloodletting","Sword Boomerang"],"picked":"Go for the Eyes","floor":0},{"not_picked":["Heavy Blade","Armaments"],"picked":"Cold Snap","floor":0},{"not_picked":["Pommel Strike","Reinforced Body"],"picked":"Whirlwind","floor":0},{"not_picked":["Clash","Reprogram"],"picked":"Pommel Strike","floor":0},{"not_picked":["Clothesline","Self Repair"],"picked":"Streamline","floor":0},{"not_picked":["Barrage","Sunder"],"picked":"Hologram","floor":0},{"not_picked":["Doom and Gloom","Iron Wave"],"picked":"Flex","floor":0},{"not_picked":["Body Slam","Go for the Eyes"],"picked":"Conserve Battery","floor":1},{"not_picked":["Double Energy","Wild Strike"],"picked":"Cold Snap","floor":5},{"not_picked":["Iron Wave","Redo"],"picked":"Defragment","floor":6},{"not_picked":["Sword Boomerang","Headbutt"],"picked":"Shrug It Off","floor":8},{"not_picked":["Compile Driver","Sweeping Beam","Pommel Strike"],"picked":"SKIP","floor":11},{"not_picked":["Heatsinks","Compile Driver","Steam"],"picked":"SKIP","floor":12},{"not_picked":["Infernal Blade","Uppercut"],"picked":"Shrug It Off","floor":13},{"not_picked":["Force Field","Shrug It Off"],"picked":"FTL","floor":14},{"not_picked":["Fission","Rainbow"],"picked":"Core Surge","floor":16},{"not_picked":[],"picked":"Thunderclap+1","floor":18},{"not_picked":[],"picked":"Streamline","floor":20},{"not_picked":["Rage"],"picked":"SKIP","floor":22},{"not_picked":["Body Slam"],"picked":"SKIP","floor":23},{"not_picked":["Recycle"],"picked":"SKIP","floor":24},{"not_picked":["Steam"],"picked":"SKIP","floor":25},{"not_picked":[],"picked":"Shrug It Off","floor":27},{"not_picked":["Bludgeon"],"picked":"SKIP","floor":29},{"not_picked":["Seeing Red"],"picked":"SKIP","floor":30},{"not_picked":["Whirlwind+1"],"picked":"SKIP","floor":35},{"not_picked":["Perfected Strike"],"picked":"SKIP","floor":39},{"not_picked":["Armaments+1"],"picked":"SKIP","floor":40},{"not_picked":["Sunder"],"picked":"SKIP","floor":42},{"not_picked":["Armaments"],"picked":"SKIP","floor":45},{"not_picked":["Battle Trance+1"],"picked":"SKIP","floor":46},{"not_picked":["Battle Trance"],"picked":"SKIP","floor":47},{"not_picked":[],"picked":"White Noise","floor":48}],"player_experience":739796,"relics_obtained":[{"floor":6,"key":"Whetstone"},{"floor":9,"key":"Mercury Hourglass"},{"floor":11,"key":"White Beast Statue"},{"floor":13,"key":"Art of War"},{"floor":23,"key":"Strawberry"},{"floor":25,"key":"Pen Nib"},{"floor":26,"key":"Omamori"},{"floor":27,"key":"StrikeDummy"},{"floor":34,"key":"Lantern"},{"floor":34,"key":"Meat on the Bone"},{"floor":34,"key":"Unceasing Top"},{"floor":38,"key":"Turnip"},{"floor":40,"key":"HornCleat"},{"floor":42,"key":"Bag of Preparation"},{"floor":43,"key":"Anchor"},{"floor":45,"key":"Vajra"},{"floor":47,"key":"Regal Pillow"}],"event_choices":[{"cards_removed":["Hologram"],"damage_healed":0,"gold_gain":0,"player_choice":"Card Removal","damage_taken":0,"max_hp_gain":0,"max_hp_loss":0,"event_name":"The Cleric","floor":2,"gold_loss":50},{"damage_healed":0,"gold_gain":68,"player_choice":"Gained Gold","damage_taken":0,"max_hp_gain":0,"max_hp_loss":0,"event_name":"Golden Wing","floor":3,"gold_loss":0},{"cards_removed":["Sweeping Beam"],"damage_healed":0,"gold_gain":0,"player_choice":"Elegance","damage_taken":0,"max_hp_gain":0,"max_hp_loss":0,"event_name":"Back to Basics","floor":19,"gold_loss":0},{"damage_healed":0,"gold_gain":0,"player_choice":"Inject Mutagens","damage_taken":0,"relics_obtained":["MutagenicStrength"],"max_hp_gain":0,"max_hp_loss":0,"event_name":"Drug Dealer","floor":21,"gold_loss":0},{"damage_healed":0,"gold_gain":0,"player_choice":"Ignored","damage_taken":0,"max_hp_gain":0,"max_hp_loss":0,"event_name":"Vampires","floor":31,"gold_loss":0},{"cards_removed":["Cold Snap"],"damage_healed":0,"gold_gain":0,"player_choice":"Removed Attack","damage_taken":0,"max_hp_gain":0,"max_hp_loss":0,"event_name":"Falling","floor":36,"gold_loss":0},{"damage_healed":0,"gold_gain":0,"player_choice":"Fight","damage_taken":0,"max_hp_gain":0,"max_hp_loss":0,"event_name":"Mysterious Sphere","floor":38,"gold_loss":0}],"is_beta":true,"boss_relics":[{"not_picked":["Snecko Eye","Astrolabe"],"picked":"Busted Crown"},{"not_picked":["Coffee Dripper","Runic Dome"],"picked":"Calling Bell"}],"items_purged_floors":[28,44],"is_endless":false,"potions_floor_spawned":[5,6,12,13,14,16,18,20,22,23,24,25,27,29,30,33,35,38,39,40,42,45,46,47,48],"ascension_level":0}