{"gold_per_floor":[113,288,288,288,288,329,254,269,348,348,348,363,378,412,412,540,603,603,553,576,576],"floor_reached":21,"playtime":885,"items_purged":["Doubt"],"score":233,"play_id":"e2f1735a-af07-4591-b16f-a2b11ad94dd1","local_time":"20190912221250","is_ascension_mode":true,"campfire_choices":[{"data":"Armaments","floor":10,"key":"SMITH"},{"data":"Reaper","floor":15,"key":"SMITH"}],"neow_cost":"NONE","seed_source_timestamp":191978494339809,"circlet_count":0,"master_deck":["Strike_R","Strike_R","Strike_R","Strike_R","Defend_R","Defend_R","Defend_R","Defend_R","Bash+1","Anger+1","Rampage","Armaments+1","Reaper+1","Evolve+1","Fiend Fire","Searing Blow","Power Through"],"relics":["Burning Blood","NeowsBlessing","Golden Idol","Omamori","Dream Catcher","Tiny House"],"potions_floor_usage":[13,14,18,20],"damage_taken":[{"damage":0,"enemies":"2 Louse","floor":1,"turns":1},{"damage":0,"enemies":"3 Sentries","floor":6,"turns":1},{"damage":0,"enemies":"Jaw Worm","floor":8,"turns":1},{"damage":9,"enemies":"Small Slimes","floor":12,"turns":4},{"damage":12,"enemies":"Gremlin Gang","floor":13,"turns":4},{"damage":28,"enemies":"Gremlin Nob","floor":14,"turns":4},{"damage":53,"enemies":"Slime Boss","floor":16,"turns":9},{"damage":0,"enemies":"2 Thieves","floor":18,"turns":1},{"damage":55,"enemies":"Shell Parasite","floor":20,"turns":8},{"damage":45,"enemies":"Sentry and Sphere","floor":21,"turns":7}],"seed_played":"752047258488095674","potions_obtained":[{"floor":6,"key":"SmokeBomb"},{"floor":12,"key":"AttackPotion"},{"floor":13,"key":"FearPotion"},{"floor":16,"key":"Weak Potion"},{"floor":17,"key":"SmokeBomb"}],"is_trial":false,"path_per_floor":["M","?","?","?","?","E","$","M","T","R","?","M","M","E","R","B",null,"M","?","M","M"],"character_chosen":"IRONCLAD","items_purchased":[],"campfire_rested":0,"item_purchase_floors":[],"current_hp_per_floor":[80,80,80,60,60,66,66,72,72,72,72,73,74,58,58,26,85,85,85,36,0],"gold":576,"neow_bonus":"THREE_ENEMY_KILL","is_prod":false,"is_daily":false,"chose_seed":false,"campfire_upgraded":2,"win_rate":0,"timestamp":1568340770,"path_taken":["M","?","?","?","?","E","$","?","T","R","?","?","M","E","R","BOSS","M","?","M","?"],"build_version":"2019-07-17","purchased_purges":1,"victory":false,"max_hp_per_floor":[80,80,80,80,80,80,80,80,80,80,80,80,80,80,80,80,85,85,85,85,85],"card_choices":[{"not_picked":["Flex","Heavy Blade"],"picked":"Anger","floor":1},{"not_picked":["Clash","Flame Barrier"],"picked":"Rampage","floor":6},{"not_picked":["Combust","Bloodletting"],"picked":"Armaments","floor":8},{"not_picked":["Combust","Ghostly Armor","Clash"],"picked":"SKIP","floor":12},{"not_picked":["Wild Strike","Heavy Blade","Anger"],"picked":"SKIP","floor":13},{"not_picked":["Rupture","Blood for Blood"],"picked":"Evolve","floor":14},{"not_picked":["Juggernaut","Dark Embrace"],"picked":"Fiend Fire","floor":16},{"not_picked":["Warcry","Headbutt"],"picked":"Searing Blow","floor":17},{"not_picked":["Perfected Strike","Twin Strike"],"picked":"Power Through","floor":20}],"player_experience":184258,"relics_obtained":[{"floor":6,"key":"Omamori"},{"floor":14,"key":"Dream Catcher"}],"event_choices":[{"damage_healed":0,"gold_gain":175,"player_choice":"AGREE","damage_taken":0,"max_hp_gain":0,"max_hp_loss":0,"event_name":"Liars Game","floor":2,"gold_loss":0,"cards_obtained":["Doubt"]},{"damage_healed":0,"gold_gain":0,"player_choice":"Grow","damage_taken":0,"max_hp_gain":0,"max_hp_loss":0,"event_name":"Living Wall","floor":3,"gold_loss":0,"cards_upgraded":["Bash"]},{"damage_healed":0,"gold_gain":0,"player_choice":"Take Damage","damage_taken":20,"relics_obtained":["Golden Idol"],"max_hp_gain":0,"max_hp_loss":0,"event_name":"Golden Idol","floor":4,"gold_loss":0},{"damage_healed":0,"gold_gain":0,"player_choice":"Upgraded","damage_taken":0,"max_hp_gain":0,"max_hp_loss":0,"event_name":"Upgrade Shrine","floor":5,"gold_loss":0,"cards_upgraded":["Anger"]},{"damage_healed":0,"gold_gain":0,"cards_transformed":["Strike_R"],"player_choice":"Transformed","damage_taken":0,"max_hp_gain":0,"max_hp_loss":0,"event_name":"Transmorgrifier","floor":11,"gold_loss":0,"cards_obtained":["Reaper"]},{"damage_healed":0,"gold_gain":0,"player_choice":"Bet on Murderer","damage_taken":0,"max_hp_gain":0,"max_hp_loss":0,"event_name":"The Joust","floor":19,"gold_loss":50}],"is_beta":false,"boss_relics":[{"not_picked":["Coffee Dripper","Runic Cube"],"picked":"Tiny House"}],"items_purged_floors":[7],"is_endless":false,"potions_floor_spawned":[6,12,13,16,18],"killed_by":"Sentry and Sphere","ascension_level":2}