{"path_per_floor":["M","M","?","?","$","E","R","M","T","?","E","?","M","M","R","B",null,"M","$","?","M","?","E","?","R","T","R","M","R","M","$","R","B",null,"M","$","?","?","M","R","M","M","T","M","R","M","?","M","R","B"],"character_chosen":"IRONCLAD","items_purchased":["Shrug It Off","Pummel","Pen Nib","Inflame","Strength Potion","Bag of Marbles"],"gold_per_floor":[114,129,129,129,54,92,92,111,161,161,199,199,218,237,237,362,362,381,14,14,33,233,271,276,276,276,276,295,295,314,61,61,186,186,205,55,388,388,403,403,418,433,458,473,473,488,488,503,503,503],"floor_reached":51,"campfire_rested":2,"playtime":2719,"current_hp_per_floor":[94,91,87,87,87,73,73,79,79,79,69,74,74,79,79,77,92,85,85,85,88,88,44,46,75,75,75,66,95,101,101,101,32,104,104,104,104,104,104,104,107,93,93,102,102,107,107,110,110,89],"items_purged":["Defend_R","Fire Breathing","Clothesline"],"gold":503,"score":752,"play_id":"d9c2cc2b-23af-4bb8-8f1a-7d8d3f280d17","local_time":"20180413184120","daily_mods":["Heirloom","Lethality","Binary"],"is_prod":false,"is_daily":true,"chose_seed":false,"is_ascension_mode":false,"campfire_upgraded":4,"timestamp":1523670080,"path_taken":["M","M","?","?","$","E","R","M","T","?","E","?","?","M","R","BOSS","M","$","?","M","?","E","?","R","T","R","M","R","M","?","R","BOSS","M","$","?","?","M","R","?","M","T","M","R","M","?","?","R","BOSS"],"build_version":"2018-04-12","seed_source_timestamp":0,"purchased_purges":3,"victory":true,"master_deck":["Bash+1","Flex+1","Reckless Charge","Ghostly Armor+1","Pommel Strike","Seeing Red","Feed","Hemokinesis","Ghostly Armor","Rupture+1","Shrug It Off","Pummel","Inflame+1","Sword Boomerang","Shrug It Off+1","Armaments+1","Heavy Blade+1","Inflame+1","Offering","Iron Wave","Shrug It Off+1","Thunderclap+1","Pummel+1","Flame Barrier+1","Battle Trance+1"],"max_hp_per_floor":[94,94,87,87,87,87,87,87,87,87,87,92,92,92,92,92,92,95,95,95,95,95,98,98,98,98,98,98,98,101,101,101,104,104,104,104,104,104,104,104,107,107,107,110,110,110,110,110,110,110],"relics":["Burning Blood","Mango","Ancient Tea Set","Oddly Smooth Stone","Peace Pipe","Pandora\u0027s Box","Pen Nib","Question Card","Red Mask","Bird Faced Urn","Sozu","Bag of Marbles","War Paint"],"card_choices":[{"not_picked":["Body Slam"],"picked":"Flex","floor":1},{"not_picked":["Cleave"],"picked":"Reckless Charge","floor":2},{"not_picked":["Perfected Strike"],"picked":"Ghostly Armor","floor":6},{"not_picked":["Bloodletting"],"picked":"Dropkick","floor":8},{"not_picked":["Sentinel"],"picked":"Pommel Strike","floor":11},{"not_picked":["Body Slam"],"picked":"Seeing Red","floor":13},{"not_picked":["Demon Form"],"picked":"Feed","floor":16},{"not_picked":["Heavy Blade"],"picked":"Rupture","floor":18},{"not_picked":["Thunderclap"],"picked":"Sword Boomerang","floor":21},{"not_picked":["Rupture"],"picked":"Shrug It Off","floor":23},{"not_picked":["Rupture","Sword Boomerang"],"picked":"Armaments","floor":24},{"not_picked":["Feed","Havoc"],"picked":"Heavy Blade","floor":30},{"not_picked":["Fiend Fire","Impervious"],"picked":"Offering","floor":33},{"not_picked":["Feel No Pain","Sword Boomerang"],"picked":"Iron Wave","floor":35},{"not_picked":["Armaments","Havoc"],"picked":"Shrug It Off","floor":39},{"not_picked":["Armaments","Dropkick"],"picked":"Thunderclap","floor":41},{"not_picked":["True Grit","Entrench"],"picked":"Pummel","floor":42},{"not_picked":["Clash","Shrug It Off"],"picked":"Flame Barrier","floor":44},{"not_picked":["Shrug It Off","Body Slam"],"picked":"Battle Trance","floor":46}],"player_experience":437710,"potions_floor_usage":[6,16,24,24,33,50],"damage_taken":[{"damage":3,"enemies":"Small Slimes","floor":1,"turns":3},{"damage":9,"enemies":"Jaw Worm","floor":2,"turns":2},{"damage":20,"enemies":"Lagavulin","floor":6,"turns":4},{"damage":0,"enemies":"2 Louse","floor":8,"turns":2},{"damage":16,"enemies":"3 Sentries","floor":11,"turns":6},{"damage":6,"enemies":"Lots of Slimes","floor":13,"turns":3},{"damage":1,"enemies":"Looter","floor":14,"turns":2},{"damage":8,"enemies":"Slime Boss","floor":16,"turns":6},{"damage":16,"enemies":"2 Thieves","floor":18,"turns":2},{"damage":3,"enemies":"Spheric Guardian","floor":21,"turns":2},{"damage":53,"enemies":"Slavers","floor":23,"turns":5},{"damage":4,"enemies":"Masked Bandits","floor":24,"turns":3},{"damage":15,"enemies":"Snake Plant","floor":28,"turns":3},{"damage":2,"enemies":"Centurion and Healer","floor":30,"turns":2},{"damage":84,"enemies":"Automaton","floor":33,"turns":7},{"damage":2,"enemies":"Flame Bruiser 1 Orb","floor":35,"turns":3},{"damage":0,"enemies":"Orb Walker","floor":39,"turns":1},{"damage":4,"enemies":"Flame Bruiser 2 Orb","floor":41,"turns":1},{"damage":20,"enemies":"Spire Growth","floor":42,"turns":3},{"damage":4,"enemies":"Maw","floor":44,"turns":1},{"damage":3,"enemies":"Flame Bruiser 2 Orb","floor":46,"turns":2},{"damage":5,"enemies":"Spire Growth","floor":48,"turns":2},{"damage":29,"enemies":"Time Eater","floor":50,"turns":3}],"event_choices":[{"event_name":"Golden Idol","player_choice":"Lose Max HP","floor":3,"damage_taken":0},{"event_name":"Living Wall","player_choice":"Forget","floor":4,"damage_taken":0},{"event_name":"Upgrade Shrine","player_choice":"Upgraded","floor":10,"damage_taken":0},{"event_name":"Big Fish","player_choice":"Donut","floor":12,"damage_taken":0},{"event_name":"The Library","player_choice":"Read","floor":20,"damage_taken":0},{"event_name":"Wheel of Change","player_choice":"Gold","floor":22,"damage_taken":0},{"event_name":"Masked Bandits","player_choice":"Fought over 271 gold","floor":24,"damage_taken":0},{"event_name":"The Moai Head","player_choice":"Gave Idol","floor":37,"damage_taken":0},{"event_name":"Bonfire Elementals","player_choice":"COMMON","floor":38,"damage_taken":0},{"event_name":"SecretPortal","player_choice":"Rejected Portal.","floor":47,"damage_taken":0}],"boss_relics":[{"not_picked":["Ectoplasm","Runic Pyramid"],"picked":"Pandora\u0027s Box"},{"not_picked":["Astrolabe","Velvet Choker"],"picked":"Sozu"}],"potions_floor_spawned":[2,13,18,21,33,35,46,48],"seed_played":"8258766859312975591","ascension_level":0,"is_trial":false}