{"gold_per_floor":[115,126,142,142,64,64,98,98,123,140,159,159,176,176,176,176],"floor_reached":16,"playtime":557,"items_purged":[],"score":204,"play_id":"fb589f35-690b-40a2-874a-9170ceb6a1ea","local_time":"20190829134627","is_ascension_mode":true,"campfire_choices":[{"data":"Crippling Poison","floor":6,"key":"SMITH"},{"data":"Noxious Fumes","floor":8,"key":"SMITH"},{"floor":12,"key":"REST"},{"floor":15,"key":"REST"}],"neow_cost":"NONE","seed_source_timestamp":2510862160761952,"circlet_count":0,"master_deck":["AscendersBane","Strike_G","Strike_G","Strike_G","Strike_G","Strike_G","Defend_G","Defend_G+1","Defend_G","Defend_G+1","Defend_G","Survivor","Neutralize","Dagger Spray","Noxious Fumes+1","Dagger Throw","Crippling Poison+1","Backflip","Deflect"],"relics":["Ring of the Snake","Snake Skull","War Paint","Bag of Marbles","GremlinMask"],"potions_floor_usage":[16],"damage_taken":[{"damage":16,"enemies":"Jaw Worm","floor":1,"turns":8},{"damage":3,"enemies":"Small Slimes","floor":2,"turns":4},{"damage":2,"enemies":"Cultist","floor":3,"turns":4},{"damage":26,"enemies":"3 Sentries","floor":7,"turns":5},{"damage":3,"enemies":"Exordium Thugs","floor":10,"turns":4},{"damage":0,"enemies":"Lots of Slimes","floor":11,"turns":1},{"damage":1,"enemies":"Looter","floor":13,"turns":4},{"damage":56,"enemies":"Slime Boss","floor":16,"turns":10}],"seed_played":"959275738432515805","potions_obtained":[{"floor":1,"key":"GhostInAJar"},{"floor":7,"key":"Explosive Potion"}],"is_trial":false,"path_per_floor":["M","M","M","?","$","R","E","R","T","M","M","R","M","?","R","B"],"character_chosen":"THE_SILENT","items_purchased":["Crippling Poison"],"campfire_rested":2,"item_purchase_floors":[5],"current_hp_per_floor":[43,40,38,43,43,43,17,17,17,14,14,35,34,34,55,0],"gold":176,"neow_bonus":"RANDOM_COMMON_RELIC","is_prod":false,"is_daily":false,"chose_seed":false,"campfire_upgraded":2,"win_rate":0,"timestamp":1567064787,"path_taken":["M","M","M","?","$","R","E","R","T","M","M","R","M","?","R","BOSS"],"build_version":"2019-07-17","purchased_purges":0,"victory":false,"max_hp_per_floor":[66,66,66,71,71,71,71,71,71,71,71,71,71,71,71,71],"card_choices":[{"not_picked":["Calculated Gamble","Blur"],"picked":"Dagger Spray","floor":1},{"not_picked":["Concentrate","PiercingWail"],"picked":"Noxious Fumes","floor":2},{"not_picked":["Leg Sweep","Infinite Blades"],"picked":"Dagger Throw","floor":3},{"not_picked":["Accuracy","Distraction","Expertise"],"picked":"SKIP","floor":7},{"not_picked":["Unload","Slice","Dagger Throw"],"picked":"SKIP","floor":10},{"not_picked":["Underhanded Strike","Dodge and Roll"],"picked":"Backflip","floor":11},{"not_picked":["Endless Agony","Accuracy"],"picked":"Deflect","floor":13}],"player_experience":1711893,"relics_obtained":[{"floor":7,"key":"War Paint"},{"floor":9,"key":"Bag of Marbles"}],"event_choices":[{"damage_healed":0,"gold_gain":0,"player_choice":"Donut","damage_taken":0,"max_hp_gain":5,"max_hp_loss":0,"event_name":"Big Fish","floor":4,"gold_loss":0},{"damage_healed":0,"gold_gain":0,"player_choice":"Trade","damage_taken":0,"relics_obtained":["GremlinMask"],"max_hp_gain":0,"max_hp_loss":0,"event_name":"FaceTrader","floor":14,"gold_loss":0}],"is_beta":false,"boss_relics":[],"items_purged_floors":[],"is_endless":false,"potions_floor_spawned":[1,7,10],"killed_by":"Slime Boss","ascension_level":20}