{"path_per_floor":["M","M","?","?","M","E","M","R","T","?","?","$","M","M","R","B",null,"M","?","M","M","M","R","M","T","T","M","M","$","R","M","R","B",null,"M","M","$","M","M","?","R","M","T","?","M","?","M","M","R","B"],"character_chosen":"THE_SILENT","items_purchased":["Cloak And Dagger","Riddle With Holes","Noxious Fumes","Bag of Preparation","Escape Plan","Strange Spoon","Dodge and Roll"],"gold_per_floor":[114,129,129,204,219,249,264,264,264,264,439,251,270,289,289,414,414,433,433,448,463,478,478,493,493,493,508,523,126,126,141,141,241,241,256,271,23,38,53,0,0,15,65,65,80,80,95,110,110,110],"floor_reached":51,"campfire_rested":1,"playtime":3083,"current_hp_per_floor":[69,69,69,58,58,9,9,65,65,65,65,65,65,65,65,36,65,65,65,65,65,65,65,65,65,65,65,65,65,65,65,65,54,69,69,69,69,69,65,65,65,69,71,71,71,71,71,71,71,42],"items_purged":["Strike_G","Pain"],"gold":110,"score":784,"play_id":"93c57e0d-d66e-4dda-82b8-ce8e88e3343c","local_time":"20180319010535","daily_mods":["Diverse","Night Terrors","Vintage"],"is_prod":false,"is_daily":true,"is_ascension_mode":false,"campfire_upgraded":3,"timestamp":1521446735,"path_taken":["M","?","?","?","M","E","M","R","T","?","?","$","?","M","R","BOSS","M","?","M","M","M","R","M","?","T","M","M","$","R","M","R","BOSS","M","M","$","?","M","?","R","?","T","?","M","?","?","M","R","BOSS"],"build_version":"2018-03-16","purchased_purges":3,"victory":true,"master_deck":["Defend_G+1","Defend_G","Defend_G+1","Defend_G","Defend_G","Strike_G","Strike_G+1","Strike_G","Strike_G","Survivor","Neutralize","Uppercut+1","Corruption+1","Predator+1","Injury","Doubt","Cloak And Dagger+1","Riddle With Holes","Unload+1","Parasite","Noxious Fumes+1","Escape Plan","Die Die Die+1","Dash+1","Bane+1","Flying Knee+1","Dodge and Roll+1","Regret","Dash+1","Neutralize+1","Writhe"],"max_hp_per_floor":[70,70,70,70,70,70,70,65,65,65,65,65,65,65,65,65,65,65,65,65,65,65,65,65,65,65,65,65,65,65,65,65,65,69,69,69,69,69,69,69,69,69,71,71,71,71,71,71,71,71],"relics":["Ring of the Snake","Du-Vu Doll","Bottled Flame","Art of War","Girya","Ancient Tea Set","Gambling Chip","Bloody Idol","Molten Egg 2","Singing Bowl","Kunai","Cursed Key","Letter Opener","Bronze Scales","Mummified Hand","Whetstone","Dream Catcher","Tingsha","Frozen Eye","Anchor","Prayer Wheel","Bag of Preparation","Centennial Puzzle","Toxic Egg 2","Orrery","Frozen Egg 2","Shuriken","Strange Spoon","Orichalcum","Red Mask","Smiling Mask","Blood Vial","Pantograph","Pen Nib","War Paint"],"card_choices":[{"not_picked":["Bane","Underhanded Strike"],"picked":"Predator"},{"not_picked":["Wraith Form","Venomology"],"picked":"Unload"},{"not_picked":["Doppelganger","Tools of the Trade"],"picked":"Die Die Die"},{"not_picked":["Expertise","Terror"],"picked":"Dash"},{"not_picked":["Reflex","Outmaneuver"],"picked":"Bane"},{"not_picked":["Prepared","Slice"],"picked":"Flying Knee"}],"player_experience":369156,"potions_floor_usage":[18,22,22,33,33,47,50,50,50],"damage_taken":[{"damage":1,"enemies":"Cultist","floor":1,"turns":4},{"damage":0,"enemies":"Small Slimes","floor":2,"turns":4},{"damage":0,"enemies":"Jaw Worm","floor":5,"turns":4},{"damage":49,"enemies":"Gremlin Nob","floor":6,"turns":6},{"damage":0,"enemies":"Looter","floor":7,"turns":4},{"damage":0,"enemies":"3 Louse","floor":13,"turns":3},{"damage":0,"enemies":"2 Fungi Beasts","floor":14,"turns":2},{"damage":29,"enemies":"Slime Boss","floor":16,"turns":10},{"damage":0,"enemies":"Spheric Guardian","floor":18,"turns":1},{"damage":2,"enemies":"Shell Parasite","floor":20,"turns":4},{"damage":1,"enemies":"Centurion and Healer","floor":21,"turns":4},{"damage":3,"enemies":"Sentry and Sphere","floor":22,"turns":3},{"damage":0,"enemies":"Snecko","floor":24,"turns":2},{"damage":0,"enemies":"Snake Plant","floor":27,"turns":1},{"damage":1,"enemies":"Centurion and Healer","floor":28,"turns":3},{"damage":0,"enemies":"Cultist and Chosen","floor":31,"turns":2},{"damage":16,"enemies":"Champ","floor":33,"turns":7},{"damage":0,"enemies":"3 Darklings","floor":35,"turns":3},{"damage":0,"enemies":"Orb Walker","floor":36,"turns":2},{"damage":2,"enemies":"Spire Growth","floor":38,"turns":2},{"damage":9,"enemies":"3 Darklings","floor":39,"turns":4},{"damage":0,"enemies":"Flame Bruiser 2 Orb","floor":42,"turns":1},{"damage":3,"enemies":"Maw","floor":45,"turns":5},{"damage":0,"enemies":"Sphere and 2 Shapes","floor":47,"turns":1},{"damage":0,"enemies":"3 Darklings","floor":48,"turns":2},{"damage":35,"enemies":"Time Eater","floor":50,"turns":6}],"event_choices":[{"event_name":"Upgrade Shrine","player_choice":"Upgraded","floor":3,"damage_taken":0},{"event_name":"World of Goop","player_choice":"Gather Gold","floor":4,"damage_taken":0},{"event_name":"Golden Idol","player_choice":"Take Wound","floor":10,"damage_taken":0},{"event_name":"Liars Game","player_choice":"agreed","floor":11,"damage_taken":0},{"event_name":"Forgotten Altar","player_choice":"Gave Idol","floor":19,"damage_taken":0},{"event_name":"Tomb of Lord Red Mask","player_choice":"Paid","floor":40,"damage_taken":0},{"event_name":"Match and Keep!","player_choice":"2 cards matched","floor":44,"damage_taken":0},{"event_name":"Winding Halls","player_choice":"Writhe","floor":46,"damage_taken":0}],"boss_relics":[{"not_picked":["Tiny House","Snecko Eye"],"picked":"Cursed Key"},{"not_picked":["Astrolabe","Eternal Feather"],"picked":"Orrery"}],"potions_floor_spawned":[14,16,20,21,22,35,39,45,47],"seed_played":"4569236457908174948","ascension_level":0,"is_trial":false}