{"gold_per_floor":[213,213,229,243,31,31,59,77,122,146,175,187,199,227,239,323,335,364,26,26,45,45,45,80,80,80,80,92,117,117,135,135,135],"floor_reached":33,"playtime":950,"items_purged":["Strike_R"],"score":586,"play_id":"e91b3452-e3ea-410e-95de-d401749881d9","local_time":"20190930125411","is_ascension_mode":true,"campfire_choices":[{"data":"Hemokinesis","floor":6,"key":"SMITH"},{"floor":15,"key":"REST"},{"floor":23,"key":"REST"},{"data":"Immolate","floor":25,"key":"SMITH"},{"data":"True Grit","floor":27,"key":"SMITH"},{"floor":32,"key":"REST"}],"neow_cost":"NONE","seed_source_timestamp":1168304881924200,"circlet_count":0,"master_deck":["AscendersBane","Strike_R","Strike_R","Strike_R","Defend_R","Defend_R","Defend_R","Defend_R+1","Bash","Second Wind","Disarm+1","Fire Breathing+1","Hemokinesis+1","Offering","Battle Trance","Wild Strike","Sword Boomerang","Immolate+1","Feel No Pain","True Grit+1","Second Wind","True Grit","Spot Weakness+1","Battle Trance","Body Slam+1","Dual Wield"],"relics":["Burning Blood","Dream Catcher","Vajra","Odd Mushroom","MawBank","Mark of Pain","Blood Vial","PreservedInsect","Kunai","Happy Flower"],"potions_floor_usage":[4,7,11,16,16,29,29],"damage_taken":[{"damage":9,"enemies":"2 Louse","floor":1,"turns":4},{"damage":7,"enemies":"Cultist","floor":3,"turns":4},{"damage":7,"enemies":"Small Slimes","floor":4,"turns":4},{"damage":17,"enemies":"Lagavulin","floor":7,"turns":7},{"damage":3,"enemies":"2 Fungi Beasts","floor":8,"turns":3},{"damage":19,"enemies":"The Mushroom Lair","floor":10,"turns":3},{"damage":21,"enemies":"3 Sentries","floor":11,"turns":4},{"damage":8,"enemies":"3 Louse","floor":14,"turns":2},{"damage":23,"enemies":"Hexaghost","floor":16,"turns":6},{"damage":30,"enemies":"Shell Parasite","floor":18,"turns":4},{"damage":11,"enemies":"Chosen","floor":21,"turns":4},{"damage":14,"enemies":"Gremlin Leader","floor":24,"turns":7},{"damage":14,"enemies":"Centurion and Healer","floor":28,"turns":4},{"damage":26,"enemies":"Slavers","floor":29,"turns":2},{"damage":8,"enemies":"3 Cultists","floor":31,"turns":4},{"damage":63,"enemies":"Automaton","floor":33,"turns":6}],"seed_played":"-4819336033778487571","potions_obtained":[{"floor":2,"key":"SpeedPotion"},{"floor":2,"key":"Regen Potion"},{"floor":3,"key":"Block Potion"},{"floor":4,"key":"Explosive Potion"},{"floor":7,"key":"Fire Potion"},{"floor":11,"key":"Strength Potion"},{"floor":14,"key":"Weak Potion"},{"floor":21,"key":"Block Potion"},{"floor":28,"key":"GamblersBrew"}],"is_trial":false,"path_per_floor":["M","?","M","M","$","R","E","M","T","?","E","?","?","M","R","B",null,"M","$","?","M","?","R","E","R","T","R","M","E","?","M","R","B"],"character_chosen":"IRONCLAD","items_purchased":["Hemokinesis","Offering","Feel No Pain","True Grit","Blood Vial"],"campfire_rested":3,"item_purchase_floors":[5,5,19,19,19],"current_hp_per_floor":[65,65,64,75,75,75,64,67,67,54,39,16,16,14,36,19,61,37,37,37,34,34,56,50,50,50,50,44,26,26,26,48,0],"gold":135,"neow_bonus":"HUNDRED_GOLD","is_prod":false,"is_daily":false,"chose_seed":false,"campfire_upgraded":3,"win_rate":0,"timestamp":1569873251,"path_taken":["M","?","M","M","$","R","E","?","T","?","E","?","?","M","R","BOSS","M","$","?","M","?","R","E","R","T","R","?","E","?","M","R","BOSS"],"build_version":"2019-09-27","purchased_purges":1,"victory":false,"max_hp_per_floor":[75,75,75,75,75,75,75,75,75,75,75,75,75,75,75,75,75,75,75,75,75,75,75,75,75,75,75,75,75,75,75,75,75],"card_choices":[{"not_picked":["Iron Wave","Thunderclap"],"picked":"Second Wind","floor":1},{"not_picked":["Pommel Strike","Whirlwind"],"picked":"Disarm","floor":3},{"not_picked":["Rage","Flex"],"picked":"Fire Breathing","floor":4},{"not_picked":["Carnage","Burning Pact"],"picked":"Battle Trance","floor":7},{"not_picked":["Body Slam","Evolve"],"picked":"Wild Strike","floor":8},{"not_picked":["Warcry","Clash"],"picked":"Sword Boomerang","floor":10},{"not_picked":["Flex","Havoc","Heavy Blade"],"picked":"SKIP","floor":11},{"not_picked":["Hemokinesis","Clothesline","Havoc"],"picked":"SKIP","floor":14},{"not_picked":["Exhume","Demon Form"],"picked":"Immolate","floor":16},{"not_picked":["Blood for Blood","Headbutt","Heavy Blade"],"picked":"SKIP","floor":18},{"not_picked":["Havoc","Rupture","Sword Boomerang"],"picked":"SKIP","floor":21},{"not_picked":["Hemokinesis","Perfected Strike"],"picked":"True Grit","floor":23},{"not_picked":["Thunderclap","Clash+1"],"picked":"Spot Weakness+1","floor":24},{"not_picked":["Thunderclap","Anger"],"picked":"Battle Trance","floor":28},{"not_picked":["Perfected Strike","Corruption","Cleave"],"picked":"SKIP","floor":29},{"not_picked":["Clothesline+1","Clash"],"picked":"Body Slam+1","floor":31},{"not_picked":["Clothesline","Sentinel"],"picked":"Dual Wield","floor":32}],"player_experience":1140823,"relics_obtained":[{"floor":7,"key":"Dream Catcher"},{"floor":9,"key":"Vajra"},{"floor":10,"key":"Odd Mushroom"},{"floor":11,"key":"MawBank"},{"floor":24,"key":"PreservedInsect"},{"floor":26,"key":"Kunai"},{"floor":29,"key":"Happy Flower"}],"event_choices":[{"damage_healed":0,"gold_gain":0,"player_choice":"Got Potions","damage_taken":0,"max_hp_gain":0,"max_hp_loss":0,"event_name":"Lab","floor":2,"gold_loss":0},{"damage_healed":0,"gold_gain":0,"player_choice":"Fought Mushrooms","damage_taken":0,"max_hp_gain":0,"max_hp_loss":0,"event_name":"Mushrooms","floor":10,"gold_loss":0},{"damage_healed":0,"gold_gain":0,"player_choice":"Entered Light","damage_taken":23,"max_hp_gain":0,"max_hp_loss":0,"event_name":"Shining Light","floor":12,"gold_loss":0,"cards_upgraded":["Defend_R","Disarm"]},{"damage_healed":0,"gold_gain":0,"player_choice":"Grow","damage_taken":0,"max_hp_gain":0,"max_hp_loss":0,"event_name":"Living Wall","floor":13,"gold_loss":0,"cards_upgraded":["Fire Breathing"]},{"damage_healed":0,"gold_gain":0,"cards_transformed":["Strike_R"],"player_choice":"Transformed","damage_taken":0,"max_hp_gain":0,"max_hp_loss":0,"event_name":"Transmorgrifier","floor":22,"gold_loss":0,"cards_obtained":["Second Wind"]},{"damage_healed":0,"gold_gain":0,"player_choice":"Ignored","damage_taken":0,"max_hp_gain":0,"max_hp_loss":0,"event_name":"The Mausoleum","floor":30,"gold_loss":0}],"is_beta":true,"boss_relics":[{"not_picked":["Astrolabe","Philosopher\u0027s Stone"],"picked":"Mark of Pain"}],"items_purged_floors":[19],"is_endless":false,"potions_floor_spawned":[3,4,7,11,14,21,28],"killed_by":"Automaton","ascension_level":20}