{"gold_per_floor":[119,131,6,6,26,26,59,0,81,81,92,119,119,135,135,135],"floor_reached":16,"playtime":441,"items_purged":["Strike_G"],"score":220,"play_id":"80dcfa75-98aa-418c-95f7-a7d67b23e9fb","local_time":"20190823130754","is_ascension_mode":true,"campfire_choices":[{"floor":10,"key":"REST"},{"floor":15,"key":"REST"}],"neow_cost":"NONE","seed_source_timestamp":1990260960024514,"circlet_count":0,"master_deck":["AscendersBane","Strike_G","Strike_G","Strike_G","Strike_G","Defend_G+1","Defend_G","Defend_G","Defend_G","Defend_G","Survivor","Neutralize","Crippling Poison+1","Dagger Spray","Dash","Backflip","Bane+1","Corpse Explosion","Caltrops"],"relics":["Ring of the Snake","NeowsBlessing","Bag of Marbles","Orichalcum","Molten Egg 2","Potion Belt","PreservedInsect"],"potions_floor_usage":[14],"damage_taken":[{"damage":0,"enemies":"Jaw Worm","floor":1,"turns":1},{"damage":0,"enemies":"Cultist","floor":2,"turns":1},{"damage":0,"enemies":"2 Louse","floor":5,"turns":1},{"damage":31,"enemies":"Gremlin Nob","floor":7,"turns":5},{"damage":14,"enemies":"Large Slime","floor":11,"turns":9},{"damage":12,"enemies":"Lagavulin","floor":12,"turns":7},{"damage":4,"enemies":"Exordium Wildlife","floor":14,"turns":4},{"damage":23,"enemies":"The Guardian","floor":16,"turns":9}],"seed_played":"-6773296225307629045","potions_obtained":[{"floor":7,"key":"Fruit Juice"},{"floor":14,"key":"GamblersBrew"}],"is_trial":false,"path_per_floor":["M","M","$","?","M","?","E","?","T","R","M","E","?","M","R","B"],"character_chosen":"THE_SILENT","items_purchased":["Dagger Spray"],"campfire_rested":2,"item_purchase_floors":[3],"current_hp_per_floor":[59,59,59,59,59,39,8,8,8,27,13,1,1,2,23,0],"gold":135,"neow_bonus":"THREE_ENEMY_KILL","is_prod":false,"is_daily":false,"chose_seed":false,"campfire_upgraded":0,"win_rate":0,"timestamp":1566544074,"path_taken":["M","M","$","?","?","?","E","?","T","R","M","E","?","M","R","BOSS"],"build_version":"2019-07-17","purchased_purges":1,"victory":false,"max_hp_per_floor":[66,66,66,66,66,66,66,66,66,66,66,66,66,71,71,71],"card_choices":[{"not_picked":["Deflect","Cloak And Dagger"],"picked":"Flying Knee","floor":1},{"not_picked":["Dagger Throw","Deadly Poison"],"picked":"Crippling Poison","floor":2},{"not_picked":["Flying Knee","Sucker Punch"],"picked":"Dash","floor":5},{"not_picked":["Flying Knee","Outmaneuver"],"picked":"Backflip","floor":7},{"not_picked":["Setup","Deflect"],"picked":"Bane+1","floor":11},{"not_picked":["Blade Dance","Dagger Spray+1"],"picked":"Corpse Explosion","floor":12},{"not_picked":["Skewer+1","Heel Hook+1"],"picked":"Caltrops","floor":14}],"player_experience":1670761,"relics_obtained":[{"floor":7,"key":"Orichalcum"},{"floor":9,"key":"Molten Egg 2"},{"floor":12,"key":"Potion Belt"}],"event_choices":[{"cards_removed":["Flying Knee"],"damage_healed":0,"gold_gain":0,"player_choice":"Gave Card","damage_taken":0,"relics_obtained":["Bag of Marbles"],"max_hp_gain":0,"max_hp_loss":0,"event_name":"WeMeetAgain","floor":4,"gold_loss":0},{"damage_healed":0,"gold_gain":0,"player_choice":"Entered Light","damage_taken":20,"max_hp_gain":0,"max_hp_loss":0,"event_name":"Shining Light","floor":6,"gold_loss":0,"cards_upgraded":["Crippling Poison","Defend_G"]},{"damage_healed":0,"gold_gain":0,"player_choice":"Left Gold","damage_taken":0,"max_hp_gain":0,"max_hp_loss":0,"event_name":"World of Goop","floor":8,"gold_loss":59},{"damage_healed":0,"gold_gain":0,"player_choice":"Searched \u00271\u0027 times","damage_taken":0,"relics_obtained":["PreservedInsect"],"max_hp_gain":0,"max_hp_loss":0,"event_name":"Dead Adventurer","floor":13,"gold_loss":0}],"is_beta":false,"boss_relics":[],"items_purged_floors":[3],"is_endless":false,"potions_floor_spawned":[7,14],"killed_by":"The Guardian","ascension_level":20}