{"gold_per_floor":[115,131,281,300,300,300,314,314,314,24,24,58,70,89,89,162,162,172,172,6,24,38,38,63,63,63,63,73,105,117,117,117,190,190,210,210,210,210],"floor_reached":38,"playtime":3129,"items_purged":["Strike_R+1"],"score":828,"play_id":"3f6c21f8-fa1e-4ee3-9810-17c7126d5349","local_time":"20190907200031","is_ascension_mode":true,"campfire_choices":[{"data":"Cleave","floor":6,"key":"SMITH"},{"data":"Bash","floor":8,"key":"SMITH"},{"floor":11,"key":"REST"},{"data":"Inflame","floor":15,"key":"SMITH"},{"data":"Sword Boomerang","floor":23,"key":"SMITH"},{"data":"True Grit","floor":25,"key":"SMITH"},{"data":"Barricade","floor":27,"key":"SMITH"},{"data":"Power Through","floor":32,"key":"SMITH"}],"neow_cost":"NONE","seed_source_timestamp":50771959096700,"circlet_count":0,"master_deck":["AscendersBane","Strike_R+1","Strike_R+1","Strike_R+1","Defend_R+1","Defend_R+1","Defend_R+1","Defend_R+1","Bash+1","Exhume","Twin Strike","Cleave+1","True Grit+1","Reckless Charge","Impervious","Inflame+1","Barricade+1","Sword Boomerang+1","Bandage Up","Feel No Pain+1","Power Through+1","Exhume","Metallicize+1","Madness","Madness"],"relics":["Burning Blood","Mercury Hourglass","Membership Card","PreservedInsect","Thread and Needle","Coffee Dripper","Vajra","Blood Vial","Self Forming Clay","Orichalcum","Anchor","Cursed Key"],"potions_floor_usage":[12,29,33],"damage_taken":[{"damage":5,"enemies":"Small Slimes","floor":1,"turns":6},{"damage":19,"enemies":"Jaw Worm","floor":2,"turns":4},{"damage":2,"enemies":"2 Louse","floor":4,"turns":3},{"damage":40,"enemies":"Large Slime","floor":7,"turns":9},{"damage":10,"enemies":"Lagavulin","floor":12,"turns":5},{"damage":15,"enemies":"Exordium Wildlife","floor":13,"turns":4},{"damage":0,"enemies":"Looter","floor":14,"turns":3},{"damage":29,"enemies":"Slime Boss","floor":16,"turns":8},{"damage":11,"enemies":"Shell Parasite","floor":18,"turns":5},{"damage":14,"enemies":"Spheric Guardian","floor":21,"turns":4},{"damage":0,"enemies":"3 Cultists","floor":22,"turns":5},{"damage":17,"enemies":"Slavers","floor":24,"turns":5},{"damage":22,"enemies":"Snake Plant","floor":28,"turns":4},{"damage":14,"enemies":"Gremlin Leader","floor":29,"turns":5},{"damage":0,"enemies":"Centurion and Healer","floor":30,"turns":6},{"damage":67,"enemies":"Automaton","floor":33,"turns":17},{"damage":0,"enemies":"Orb Walker","floor":35,"turns":2},{"damage":82,"enemies":"2 Orb Walkers","floor":38,"turns":6}],"seed_played":"3904890818884736378","potions_obtained":[{"floor":1,"key":"Energy Potion"},{"floor":2,"key":"Swift Potion"},{"floor":4,"key":"Strength Potion"},{"floor":21,"key":"Block Potion"},{"floor":22,"key":"Strength Potion"},{"floor":28,"key":"SpeedPotion"}],"is_trial":false,"path_per_floor":["M","M","?","M","?","R","M","R","T","$","R","E","M","M","R","B",null,"M","?","$","M","M","R","E","R","T","R","M","E","M","T","R","B",null,"M","?","?","?"],"character_chosen":"IRONCLAD","items_purchased":["Membership Card","PreservedInsect","Vajra","Bandage Up"],"campfire_rested":1,"item_purchase_floors":[10,10,20,20],"current_hp_per_floor":[69,56,56,60,53,53,19,19,19,19,41,37,28,34,34,11,59,54,54,54,50,60,60,57,57,57,57,51,49,65,65,65,10,59,67,53,53,0],"gold":210,"neow_bonus":"TRANSFORM_CARD","is_prod":false,"is_daily":false,"chose_seed":false,"campfire_upgraded":7,"win_rate":0,"timestamp":1567854031,"path_taken":["M","M","?","M","?","R","M","R","T","$","R","E","M","M","R","BOSS","M","?","$","M","M","R","E","R","T","R","M","E","M","?","R","BOSS","M","?","?","?"],"build_version":"2019-07-17","purchased_purges":1,"victory":false,"max_hp_per_floor":[75,75,75,75,75,75,75,75,75,75,75,75,75,75,75,75,75,75,75,75,75,75,75,75,75,75,75,75,75,75,75,75,75,75,75,75,75,75],"card_choices":[{"not_picked":["Dual Wield","Thunderclap"],"picked":"Twin Strike","floor":1},{"not_picked":["Warcry","Pommel Strike"],"picked":"Cleave","floor":2},{"not_picked":["Havoc","Heavy Blade"],"picked":"True Grit","floor":4},{"not_picked":["Infernal Blade","Shrug It Off"],"picked":"Reckless Charge","floor":7},{"not_picked":["Ghostly Armor","Rage"],"picked":"Impervious","floor":12},{"not_picked":["Sword Boomerang","Corruption"],"picked":"Inflame","floor":13},{"not_picked":["Flex","Cleave","Pommel Strike"],"picked":"SKIP","floor":14},{"not_picked":["Double Tap","Dark Embrace"],"picked":"Barricade","floor":16},{"not_picked":["Dropkick","Inflame"],"picked":"Sword Boomerang","floor":18},{"not_picked":["Cleave","Clothesline"],"picked":"Feel No Pain+1","floor":21},{"not_picked":["Carnage","Thunderclap+1","Sever Soul+1"],"picked":"SKIP","floor":22},{"not_picked":["Double Tap","Shrug It Off"],"picked":"Power Through","floor":24},{"not_picked":["Warcry","Sentinel","Havoc"],"picked":"SKIP","floor":28},{"not_picked":["Barricade","Intimidate","Sword Boomerang"],"picked":"SKIP","floor":29},{"not_picked":["Rage","Heavy Blade","Flex"],"picked":"SKIP","floor":30},{"not_picked":["Offering","Dark Embrace"],"picked":"Exhume","floor":33},{"not_picked":["Flex+1","Shrug It Off"],"picked":"Metallicize+1","floor":35}],"player_experience":661101,"relics_obtained":[{"floor":9,"key":"Mercury Hourglass"},{"floor":12,"key":"Thread and Needle"},{"floor":24,"key":"Blood Vial"},{"floor":26,"key":"Self Forming Clay"},{"floor":29,"key":"Orichalcum"},{"floor":31,"key":"Anchor"}],"event_choices":[{"damage_healed":0,"gold_gain":150,"player_choice":"AGREE","damage_taken":0,"max_hp_gain":0,"max_hp_loss":0,"event_name":"Liars Game","floor":3,"gold_loss":0,"cards_obtained":["Doubt"]},{"cards_removed":["Doubt"],"damage_healed":0,"gold_gain":0,"player_choice":"Card Removal","damage_taken":7,"max_hp_gain":0,"max_hp_loss":0,"event_name":"Golden Wing","floor":5,"gold_loss":0},{"damage_healed":0,"gold_gain":0,"player_choice":"Simplicity","damage_taken":0,"max_hp_gain":0,"max_hp_loss":0,"event_name":"Back to Basics","floor":19,"gold_loss":0,"cards_upgraded":["Strike_R","Strike_R","Strike_R","Strike_R","Defend_R","Defend_R","Defend_R","Defend_R"]},{"damage_healed":0,"gold_gain":0,"player_choice":"Embrace Madness","damage_taken":14,"max_hp_gain":0,"max_hp_loss":0,"event_name":"Winding Halls","floor":36,"gold_loss":0,"cards_obtained":["Madness","Madness"]},{"damage_healed":0,"gold_gain":0,"player_choice":"Ignored","damage_taken":0,"max_hp_gain":0,"max_hp_loss":0,"event_name":"Tomb of Lord Red Mask","floor":37,"gold_loss":0},{"damage_healed":0,"gold_gain":0,"player_choice":"Fight","damage_taken":0,"max_hp_gain":0,"max_hp_loss":0,"event_name":"Mysterious Sphere","floor":38,"gold_loss":0}],"is_beta":false,"boss_relics":[{"not_picked":["Empty Cage","Orrery"],"picked":"Coffee Dripper"},{"not_picked":["Velvet Choker","Runic Pyramid"],"picked":"Cursed Key"}],"items_purged_floors":[20],"is_endless":false,"potions_floor_spawned":[1,2,4,21,22,28],"killed_by":"2 Orb Walkers","ascension_level":20}