{"gold_per_floor":[111,111,121,46,46,78,92,126,126,158,158,115,47,120,120,120],"floor_reached":16,"playtime":871,"items_purged":[],"score":268,"play_id":"24732c50-5d98-4f1d-a536-6be2d653d9e0","local_time":"20190711130917","is_ascension_mode":true,"campfire_choices":[{"data":"Blade Dance","floor":11,"key":"SMITH"},{"data":"Neutralize","floor":15,"key":"SMITH"}],"neow_cost":"NONE","seed_source_timestamp":8736689797982015,"circlet_count":0,"master_deck":["AscendersBane","Strike_G","Strike_G","Strike_G","Strike_G","Defend_G","Defend_G","Defend_G","Defend_G","Survivor","Neutralize+1","Dash","Blade Dance+1","Well Laid Plans","Endless Agony","Prepared"],"relics":["Ring of the Snake","NeowsBlessing","Centennial Puzzle","Du-Vu Doll","Bottled Lightning","The Courier","Gremlin Horn"],"potions_floor_usage":[8,10,10,16],"damage_taken":[{"damage":0,"enemies":"Jaw Worm","floor":1,"turns":1},{"damage":0,"enemies":"2 Louse","floor":3,"turns":1},{"damage":0,"enemies":"Gremlin Nob","floor":6,"turns":1},{"damage":4,"enemies":"Small Slimes","floor":7,"turns":4},{"damage":29,"enemies":"3 Sentries","floor":8,"turns":13},{"damage":12,"enemies":"Lagavulin","floor":10,"turns":6},{"damage":37,"enemies":"Hexaghost","floor":16,"turns":14}],"seed_played":"9135314234739682999","potions_obtained":[{"floor":1,"key":"Regen Potion"},{"floor":6,"key":"Swift Potion"},{"floor":8,"key":"SteroidPotion"}],"is_trial":false,"path_per_floor":["M","?","M","?","?","E","M","E","T","E","R","?","$","T","R","B"],"character_chosen":"THE_SILENT","items_purchased":["EssenceOfSteel"],"campfire_rested":0,"item_purchase_floors":[13],"current_hp_per_floor":[59,59,59,59,59,59,55,26,26,29,29,29,29,29,29,0],"gold":120,"neow_bonus":"THREE_ENEMY_KILL","is_prod":false,"is_daily":false,"chose_seed":false,"campfire_upgraded":2,"win_rate":0,"timestamp":1562828957,"path_taken":["M","?","M","?","?","E","M","E","T","E","R","?","$","?","R","BOSS"],"build_version":"2019-07-05","purchased_purges":0,"victory":false,"max_hp_per_floor":[66,66,66,66,66,66,66,66,66,66,66,66,66,66,66,66],"card_choices":[{"not_picked":["Expertise","Slice"],"picked":"Dash","floor":1},{"not_picked":["Blade Dance","Deflect","Calculated Gamble"],"picked":"SKIP","floor":3},{"not_picked":["Riddle With Holes","Skewer"],"picked":"Blade Dance","floor":6},{"not_picked":["Bane","Backflip"],"picked":"Well Laid Plans","floor":7},{"not_picked":["Bane","Glass Knife"],"picked":"Endless Agony","floor":8},{"not_picked":["Concentrate","Catalyst"],"picked":"Prepared","floor":10}],"player_experience":1515828,"relics_obtained":[{"floor":6,"key":"Centennial Puzzle"},{"floor":8,"key":"Du-Vu Doll"},{"floor":9,"key":"Bottled Lightning"},{"floor":10,"key":"The Courier"},{"floor":14,"key":"Gremlin Horn"}],"event_choices":[{"damage_healed":0,"gold_gain":0,"player_choice":"Ignored","damage_taken":0,"max_hp_gain":0,"max_hp_loss":0,"event_name":"Liars Game","floor":2,"gold_loss":0},{"cards_removed":["Defend_G"],"damage_healed":0,"gold_gain":0,"player_choice":"Card Removal","damage_taken":0,"max_hp_gain":0,"max_hp_loss":0,"event_name":"The Cleric","floor":4,"gold_loss":75},{"cards_removed":["Strike_G"],"damage_healed":0,"gold_gain":0,"player_choice":"Forget","damage_taken":0,"max_hp_gain":0,"max_hp_loss":0,"event_name":"Living Wall","floor":5,"gold_loss":0},{"damage_healed":0,"gold_gain":0,"player_choice":"Left Gold","damage_taken":0,"max_hp_gain":0,"max_hp_loss":0,"event_name":"World of Goop","floor":12,"gold_loss":43}],"is_beta":false,"boss_relics":[],"items_purged_floors":[],"is_endless":false,"potions_floor_spawned":[1,6,8],"killed_by":"Hexaghost","ascension_level":18}