{"gold_per_floor":[109,128,128,128,148,148,174,191,191,191,58,91,106,125,125,200,200,220,220,220,235,235,235,175,195,221,263,275,27,44,71,71,145,145,160,170,170,270,290,290,290],"floor_reached":41,"playtime":3579,"items_purged":["Strike_R","Strike_R"],"score":888,"play_id":"98080acd-c91c-4479-98d9-5b354dd063be","local_time":"20190902072155","is_ascension_mode":true,"campfire_choices":[{"data":"Iron Wave","floor":6,"key":"SMITH"},{"data":"Whirlwind","floor":10,"key":"SMITH"},{"data":"Metallicize","floor":15,"key":"SMITH"},{"floor":23,"key":"REST"},{"floor":28,"key":"REST"},{"floor":32,"key":"REST"},{"floor":40,"key":"REST"}],"neow_cost":"PERCENT_DAMAGE","seed_source_timestamp":316211773409700,"circlet_count":0,"master_deck":["AscendersBane","Defend_R","Defend_R","Defend_R","Defend_R","Bash+1","Feed","Iron Wave+1","Twin Strike","Metallicize+1","Anger","Whirlwind+1","Bludgeon+1","Spot Weakness","Feed+1","Impervious","Sword Boomerang+1","RitualDagger+1","True Grit+1","Dual Wield","Fiend Fire+1","Clothesline+1","Feel No Pain","Flame Barrier","Limit Break","Fiend Fire+1","Power Through+1","Parasite","Headbutt+1"],"relics":["Burning Blood","The Courier","Molten Egg 2","Calipers","Fusion Hammer","MawBank","Question Card","Bag of Preparation","Sundial","Velvet Choker","StoneCalendar"],"potions_floor_usage":[7,16,33,33,41],"damage_taken":[{"damage":2,"enemies":"Jaw Worm","floor":1,"turns":5},{"damage":1,"enemies":"2 Louse","floor":2,"turns":4},{"damage":2,"enemies":"Small Slimes","floor":5,"turns":4},{"damage":28,"enemies":"3 Sentries","floor":7,"turns":13},{"damage":1,"enemies":"Blue Slaver","floor":8,"turns":3},{"damage":26,"enemies":"Gremlin Nob","floor":12,"turns":4},{"damage":2,"enemies":"Looter","floor":13,"turns":4},{"damage":14,"enemies":"3 Louse","floor":14,"turns":2},{"damage":29,"enemies":"The Guardian","floor":16,"turns":12},{"damage":1,"enemies":"Chosen","floor":18,"turns":5},{"damage":16,"enemies":"Shell Parasite","floor":21,"turns":3},{"damage":14,"enemies":"3 Cultists","floor":25,"turns":5},{"damage":51,"enemies":"Slavers","floor":27,"turns":6},{"damage":16,"enemies":"Centurion and Healer","floor":30,"turns":5},{"damage":48,"enemies":"Book of Stabbing","floor":31,"turns":6},{"damage":64,"enemies":"Champ","floor":33,"turns":12},{"damage":41,"enemies":"3 Darklings","floor":35,"turns":6},{"damage":5,"enemies":"3 Shapes","floor":36,"turns":11},{"damage":1,"enemies":"Mind Bloom Boss Battle","floor":38,"turns":9},{"damage":23,"enemies":"Writhing Mass","floor":39,"turns":8},{"damage":93,"enemies":"Reptomancer","floor":41,"turns":6}],"seed_played":"3394885168262576021","potions_obtained":[{"floor":5,"key":"FearPotion"},{"floor":13,"key":"Strength Potion"},{"floor":14,"key":"Regen Potion"},{"floor":18,"key":"Swift Potion"},{"floor":25,"key":"Energy Potion"},{"floor":36,"key":"Ancient Potion"},{"floor":38,"key":"EssenceOfSteel"}],"is_trial":false,"path_per_floor":["M","M","?","?","M","R","E","M","T","R","$","E","M","M","R","B",null,"M","?","?","M","?","R","$","M","T","E","R","$","M","E","R","B",null,"M","M","$","?","M","R","E"],"character_chosen":"IRONCLAD","items_purchased":["Bludgeon+1","Bag of Preparation","Clothesline+1"],"campfire_rested":4,"item_purchase_floors":[11,29,29],"current_hp_per_floor":[54,62,55,55,62,62,43,51,51,51,51,34,41,33,33,25,76,85,85,79,69,69,97,97,89,89,51,82,82,79,40,74,16,90,55,60,60,68,54,91,0],"gold":290,"neow_bonus":"THREE_RARE_CARDS","is_prod":false,"is_daily":false,"chose_seed":false,"campfire_upgraded":3,"win_rate":0,"timestamp":1567376515,"path_taken":["M","M","?","?","M","R","E","M","T","R","$","E","M","M","R","BOSS","M","?","?","M","?","R","$","M","T","E","R","$","M","E","R","BOSS","M","M","$","?","M","R","E"],"build_version":"2019-07-17","purchased_purges":2,"victory":false,"max_hp_per_floor":[75,78,78,78,81,81,84,87,87,87,87,90,93,93,93,93,93,97,97,97,97,97,97,97,97,97,104,104,104,111,114,114,114,114,114,118,118,121,124,124,124],"card_choices":[{"not_picked":["Demon Form","Limit Break"],"picked":"Feed","floor":0},{"not_picked":["Shrug It Off","Thunderclap"],"picked":"Iron Wave","floor":1},{"not_picked":["Clash","Heavy Blade"],"picked":"Twin Strike","floor":2},{"not_picked":["Wild Strike","Clothesline"],"picked":"Metallicize","floor":5},{"not_picked":["Pummel","Evolve"],"picked":"Anger","floor":7},{"not_picked":["Cleave","Headbutt"],"picked":"Whirlwind","floor":8},{"not_picked":["Sever Soul+1","Sentinel","Power Through"],"picked":"SKIP","floor":12},{"not_picked":["Evolve","Thunderclap+1"],"picked":"Spot Weakness","floor":13},{"not_picked":["True Grit","Bloodletting"],"picked":"Feed+1","floor":14},{"not_picked":["Double Tap","Offering"],"picked":"Impervious","floor":16},{"not_picked":["Body Slam+1","Clash+1"],"picked":"Sword Boomerang+1","floor":18},{"not_picked":["Sever Soul+1","Clash+1"],"picked":"True Grit+1","floor":21},{"not_picked":["Fire Breathing","Armaments","Sentinel"],"picked":"SKIP","floor":25},{"not_picked":["Havoc","Pommel Strike+1","Twin Strike+1"],"picked":"SKIP","floor":27},{"not_picked":["Sword Boomerang+1","Shrug It Off","Heavy Blade+1"],"picked":"Feel No Pain","floor":30},{"not_picked":["Feel No Pain","Headbutt+1","Fiend Fire+1"],"picked":"Flame Barrier","floor":31},{"not_picked":["Brutality","Exhume","Double Tap"],"picked":"Limit Break","floor":33},{"not_picked":["Clothesline+1","Clash+1","Flex"],"picked":"Fiend Fire+1","floor":35},{"not_picked":["Blood for Blood+1","Body Slam+1","Iron Wave+1","Whirlwind+1"],"picked":"SKIP","floor":36},{"not_picked":["Twin Strike+1","Reckless Charge+1","Inflame"],"picked":"Power Through+1","floor":38},{"not_picked":["Armaments","Clothesline+1","Perfected Strike+1"],"picked":"Headbutt+1","floor":39}],"player_experience":558616,"relics_obtained":[{"floor":7,"key":"The Courier"},{"floor":9,"key":"Molten Egg 2"},{"floor":12,"key":"Calipers"},{"floor":26,"key":"MawBank"},{"floor":27,"key":"Question Card"},{"floor":31,"key":"Sundial"},{"floor":38,"key":"StoneCalendar"}],"event_choices":[{"cards_removed":["Strike_R"],"damage_healed":0,"gold_gain":0,"player_choice":"Card Removal","damage_taken":7,"max_hp_gain":0,"max_hp_loss":0,"event_name":"Golden Wing","floor":3,"gold_loss":0},{"damage_healed":0,"gold_gain":0,"player_choice":"Grow","damage_taken":0,"max_hp_gain":0,"max_hp_loss":0,"event_name":"Living Wall","floor":4,"gold_loss":0,"cards_upgraded":["Bash"]},{"damage_healed":0,"gold_gain":0,"player_choice":"Ignored","damage_taken":0,"max_hp_gain":0,"max_hp_loss":0,"event_name":"The Mausoleum","floor":19,"gold_loss":0},{"damage_healed":0,"gold_gain":0,"player_choice":"Joined the Cult","damage_taken":6,"max_hp_gain":0,"max_hp_loss":0,"event_name":"Nest","floor":20,"gold_loss":0,"cards_obtained":["RitualDagger"]},{"damage_healed":0,"gold_gain":0,"cards_transformed":["Strike_R","Strike_R"],"player_choice":"Became Test Subject","damage_taken":0,"max_hp_gain":0,"max_hp_loss":0,"event_name":"Drug Dealer","floor":22,"gold_loss":0,"cards_obtained":["Dual Wield","Fiend Fire"]},{"damage_healed":0,"gold_gain":0,"player_choice":"Fight","damage_taken":0,"max_hp_gain":0,"max_hp_loss":0,"event_name":"MindBloom","floor":38,"gold_loss":0}],"is_beta":false,"boss_relics":[{"not_picked":["Astrolabe","Runic Cube"],"picked":"Fusion Hammer"},{"not_picked":["White Beast Statue","Lizard Tail"],"picked":"Velvet Choker"}],"items_purged_floors":[24,29],"is_endless":false,"potions_floor_spawned":[5,13,14,18,21,25,36,38],"killed_by":"Reptomancer","ascension_level":18}