{"gold_per_floor":[116,132,147,43,43,76,76,109,109,109,138,154,186,111,111,188,188,205,222,222,235,235,261,273,285,297,340,352,364,395,469,481,566,578,601,624,17,65,65,65,65],"floor_reached":41,"playtime":2668,"items_purged":["Strike_G","Strike_G+1"],"score":950,"play_id":"49722543-b5d8-402c-aaeb-4eaf980e3668","local_time":"20190828181808","is_ascension_mode":true,"campfire_choices":[{"data":"Crippling Poison","floor":7.0,"key":"SMITH"},{"floor":10.0,"key":"REST"},{"data":"Neutralize","floor":15.0,"key":"SMITH"},{"data":"Ghostly","floor":24.0,"key":"SMITH"},{"data":"Ghostly","floor":25.0,"key":"SMITH"},{"floor":29.0,"key":"REST"},{"floor":32.0,"key":"REST"},{"data":"Writhe","floor":40,"key":"PURGE"}],"neow_cost":"NONE","seed_source_timestamp":2438483004598016,"circlet_count":0,"master_deck":["AscendersBane","Strike_G+1","Strike_G+1","Strike_G+1","Defend_G+1","Defend_G+1","Defend_G+1","Defend_G+1","Survivor","Neutralize+1","Poisoned Stab","Dash","Backstab","Crippling Poison+1","Quick Slash","Dash","Skewer","Cloak And Dagger","Noxious Fumes","Footwork+1","Dagger Spray","Ghostly","Ghostly+1","Ghostly+1","Calculated Gamble","Backflip","Night Terror","Footwork","PiercingWail"],"special_seed":0,"relics":["Ring of the Snake","Bag of Marbles","Orichalcum","WingedGreaves","Mercury Hourglass","Shuriken","Strawberry","Velvet Choker","MawBank","Mummified Hand","Peace Pipe","Tiny Chest","Black Star","Bottled Tornado","TheAbacus","Prayer Wheel"],"potions_floor_usage":[38],"damage_taken":[{"damage":4.0,"enemies":"Cultist","floor":1.0,"turns":5.0},{"damage":0.0,"enemies":"Jaw Worm","floor":2.0,"turns":4.0},{"damage":0.0,"enemies":"Small Slimes","floor":3.0,"turns":3.0},{"damage":13.0,"enemies":"3 Sentries","floor":6.0,"turns":8.0},{"damage":19.0,"enemies":"Lagavulin","floor":8.0,"turns":6.0},{"damage":2.0,"enemies":"3 Sentries","floor":11.0,"turns":4.0},{"damage":0.0,"enemies":"2 Fungi Beasts","floor":12.0,"turns":2.0},{"damage":9.0,"enemies":"Lagavulin","floor":13.0,"turns":4.0},{"damage":15.0,"enemies":"Slime Boss","floor":16.0,"turns":7.0},{"damage":10.0,"enemies":"3 Byrds","floor":18.0,"turns":4.0},{"damage":4.0,"enemies":"Shell Parasite","floor":19.0,"turns":5.0},{"damage":8.0,"enemies":"Snake Plant","floor":21.0,"turns":4.0},{"damage":2.0,"enemies":"Book of Stabbing","floor":23.0,"turns":5.0},{"damage":27.0,"enemies":"Gremlin Leader","floor":27.0,"turns":6.0},{"damage":0.0,"enemies":"Chosen and Byrds","floor":30.0,"turns":4.0},{"damage":2.0,"enemies":"Slavers","floor":31.0,"turns":5.0},{"damage":3.0,"enemies":"Automaton","floor":33.0,"turns":11.0},{"damage":0.0,"enemies":"Orb Walker","floor":35.0,"turns":4.0},{"damage":0.0,"enemies":"3 Shapes","floor":36.0,"turns":6.0},{"damage":23,"enemies":"2 Orb Walkers","floor":38,"turns":7},{"damage":23,"enemies":"Reptomancer","floor":41,"turns":2}],"seed_played":"-8858763791662999292","potions_obtained":[{"floor":2.0,"key":"Weak Potion"},{"floor":6.0,"key":"SkillPotion"},{"floor":11.0,"key":"Ancient Potion"},{"floor":12.0,"key":"Strength Potion"},{"floor":16.0,"key":"FearPotion"},{"floor":18.0,"key":"GamblersBrew"},{"floor":30.0,"key":"Poison Potion"}],"is_trial":false,"path_per_floor":["M","M","M","$","?","E","R","E","T","R","E","M","E","$","R","B",null,"M","M","?","M","?","E","R","R","T","E","?","R","M","E","R","B",null,"M","M","$","?","?","R","E"],"character_chosen":"THE_SILENT","items_purchased":["Crippling Poison","Quick Slash","Bottled Tornado","TheAbacus","PiercingWail"],"campfire_rested":3,"item_purchase_floors":[4,4,37,37,37],"current_hp_per_floor":[55,55,55,55,55,42,42,23,23,42,40,40,38,38,38,23,61,51,47,47,39,36,34,34,34,34,7,7,17,17,15,25,22,33,33,33,33,10,17,17,0],"gold":65,"neow_bonus":"RANDOM_COMMON_RELIC","is_prod":false,"is_daily":false,"chose_seed":false,"campfire_upgraded":4,"win_rate":0,"timestamp":1566994688,"path_taken":["M","M","M","$","?","E","R","E","T","R","E","?","E","$","R","BOSS","M","M","?","M","?","E","R","R","T","E","?","R","M","E","R","BOSS","M","M","$","?","?","R","E"],"build_version":"2019-07-17","purchased_purges":2,"victory":false,"max_hp_per_floor":[66,66,66,66,66,66,66,66,66,66,66,66,73,73,73,73,73,73,73,73,73,36,36,36,36,36,36,36,36,36,36,36,36,36,36,36,36,36,36,36,36],"card_choices":[{"not_picked":["Bane","Outmaneuver"],"picked":"Poisoned Stab","floor":1.0},{"not_picked":["Noxious Fumes","Sucker Punch"],"picked":"Dash","floor":2.0},{"not_picked":["Concentrate","Backflip"],"picked":"Backstab","floor":3.0},{"not_picked":["Crippling Poison","Setup"],"picked":"Dash","floor":6.0},{"not_picked":["Acrobatics","Infinite Blades","Choke"],"picked":"SKIP","floor":8.0},{"not_picked":["Backflip","Masterful Stab","Blade Dance"],"picked":"SKIP","floor":11.0},{"not_picked":["Eviscerate","Slice"],"picked":"Skewer","floor":12.0},{"not_picked":["Underhanded Strike","Backstab"],"picked":"Cloak And Dagger","floor":13.0},{"not_picked":["Bouncing Flask","Dagger Throw"],"picked":"Noxious Fumes","floor":18.0},{"not_picked":["Deadly Poison","Deflect"],"picked":"Footwork+1","floor":19.0},{"not_picked":["Accuracy","Prepared+1"],"picked":"Dagger Spray","floor":21.0},{"not_picked":["PiercingWail","Prepared"],"picked":"Calculated Gamble","floor":23.0},{"not_picked":["Blade Dance","Dagger Throw","Outmaneuver"],"picked":"SKIP","floor":27.0},{"not_picked":["Poisoned Stab","Slice+1"],"picked":"Backflip","floor":30.0},{"not_picked":["Dagger Throw","Deadly Poison","Storm of Steel"],"picked":"SKIP","floor":31.0},{"not_picked":["Doppelganger","Glass Knife"],"picked":"Night Terror","floor":33.0},{"not_picked":["Endless Agony","Prepared"],"picked":"Footwork","floor":35.0},{"not_picked":["Caltrops","Sucker Punch","Blade Dance"],"picked":"SKIP","floor":36.0}],"player_experience":1708662,"relics_obtained":[{"floor":6.0,"key":"Orichalcum"},{"floor":8.0,"key":"WingedGreaves"},{"floor":9.0,"key":"Mercury Hourglass"},{"floor":11.0,"key":"Shuriken"},{"floor":13.0,"key":"Strawberry"},{"floor":23.0,"key":"MawBank"},{"floor":26.0,"key":"Mummified Hand"},{"floor":27.0,"key":"Peace Pipe"},{"floor":31.0,"key":"Tiny Chest"},{"floor":38,"key":"Prayer Wheel"}],"event_choices":[{"cards_removed":["Defend_G"],"damage_healed":0.0,"max_hp_gain":0.0,"max_hp_loss":0.0,"gold_gain":0.0,"event_name":"Wheel of Change","player_choice":"Card Removal","floor":5.0,"gold_loss":0.0,"damage_taken":0.0},{"damage_healed":0.0,"max_hp_gain":0.0,"max_hp_loss":0.0,"gold_gain":0.0,"event_name":"Back to Basics","player_choice":"Simplicity","floor":20.0,"gold_loss":0.0,"damage_taken":0.0,"cards_upgraded":["Strike_G","Strike_G","Strike_G","Strike_G","Defend_G","Defend_G","Defend_G","Defend_G"]},{"damage_healed":0.0,"max_hp_gain":0.0,"max_hp_loss":37.0,"gold_gain":0.0,"event_name":"Ghosts","player_choice":"Became a Ghost","floor":22.0,"gold_loss":0.0,"damage_taken":0.0,"cards_obtained":["Ghostly","Ghostly","Ghostly"]},{"damage_healed":0.0,"max_hp_gain":0.0,"max_hp_loss":0.0,"gold_gain":0.0,"event_name":"Cursed Tome","player_choice":"Ignored","floor":28.0,"gold_loss":0.0,"damage_taken":0.0},{"damage_healed":0,"gold_gain":0,"player_choice":"Fight","damage_taken":0,"max_hp_gain":0,"max_hp_loss":0,"event_name":"Mysterious Sphere","floor":38,"gold_loss":0},{"damage_healed":7,"gold_gain":0,"player_choice":"Writhe","damage_taken":0,"max_hp_gain":0,"max_hp_loss":0,"event_name":"Winding Halls","floor":39,"gold_loss":0,"cards_obtained":["Writhe"]}],"is_beta":false,"boss_relics":[{"not_picked":["Snecko Eye","HoveringKite"],"picked":"Velvet Choker"},{"not_picked":["Fusion Hammer","Runic Dome"],"picked":"Black Star"}],"items_purged_floors":[14,37],"is_endless":false,"potions_floor_spawned":[2,6,11,12,16,18,21,27,30,35],"killed_by":"Reptomancer","ascension_level":20}