{"gold_per_floor":[113,113,133,208,226,259,259,293,293,293,293,305,320,351,351,423,423,434,183,183,8,24,24,57,57],"floor_reached":25,"playtime":865,"items_purged":["Strike_R","Anger"],"score":478,"play_id":"754f4074-9cc5-4718-8c06-d7bc640b3c51","local_time":"20190930173413","is_ascension_mode":true,"campfire_choices":[{"floor":7.0,"key":"REST"},{"data":"Spot Weakness","floor":11.0,"key":"SMITH"},{"floor":15,"key":"REST"},{"data":"Juggernaut","floor":23,"key":"SMITH"}],"neow_cost":"NONE","seed_source_timestamp":1185146720933500,"circlet_count":0,"master_deck":["AscendersBane","Strike_R","Strike_R","Defend_R","Defend_R","Defend_R","Defend_R","Bash","Flash of Steel","Spot Weakness+1","Offering","Heavy Blade","Parasite","Brutality","Feel No Pain","Fiend Fire","Spot Weakness+1","Juggernaut+1","Entrench","Heavy Blade","Evolve","Burning Pact"],"special_seed":0,"relics":["Burning Blood","Boot","Toy Ornithopter","Incense Burner","Happy Flower","Snecko Eye","Darkstone Periapt"],"potions_floor_usage":[14,24,25],"damage_taken":[{"damage":11.0,"enemies":"Jaw Worm","floor":1.0,"turns":6.0},{"damage":0.0,"enemies":"2 Louse","floor":3.0,"turns":3.0},{"damage":10.0,"enemies":"Small Slimes","floor":5.0,"turns":3.0},{"damage":45.0,"enemies":"Gremlin Nob","floor":6.0,"turns":4.0},{"damage":21.0,"enemies":"3 Sentries","floor":8.0,"turns":6.0},{"damage":12.0,"enemies":"Exordium Wildlife","floor":12.0,"turns":4.0},{"damage":3.0,"enemies":"3 Louse","floor":13.0,"turns":3.0},{"damage":42,"enemies":"Gremlin Nob","floor":14,"turns":5},{"damage":36,"enemies":"Hexaghost","floor":16,"turns":7},{"damage":19,"enemies":"2 Thieves","floor":18,"turns":2},{"damage":6,"enemies":"Chosen","floor":22,"turns":3},{"damage":47,"enemies":"Book of Stabbing","floor":24,"turns":4},{"damage":30,"enemies":"Snake Plant","floor":25,"turns":2}],"seed_played":"-4967213840650505650","potions_obtained":[{"floor":1.0,"key":"SkillPotion"},{"floor":13.0,"key":"SkillPotion"},{"floor":14,"key":"Ancient Potion"},{"floor":22,"key":"Regen Potion"},{"floor":24,"key":"Dexterity Potion"}],"is_trial":false,"path_per_floor":["M","?","M","?","M","E","R","E","T","?","R","M","M","E","R","B",null,"M","$","?","$","M","R","E","M"],"character_chosen":"IRONCLAD","items_purchased":["Juggernaut","Evolve"],"campfire_rested":2,"item_purchase_floors":[19,21],"current_hp_per_floor":[63,68,74,63,59,20,44,29,29,49,49,43,46,15,39,9,62,49,49,49,49,49,49,25,0],"gold":57,"neow_bonus":"RANDOM_COLORLESS","is_prod":false,"is_daily":false,"chose_seed":false,"campfire_upgraded":2,"win_rate":0,"timestamp":1569890053,"path_taken":["M","?","M","?","M","E","R","E","T","?","R","M","M","E","R","BOSS","M","$","?","$","M","R","E","M"],"build_version":"2019-09-27","purchased_purges":2,"victory":false,"max_hp_per_floor":[75,80,80,80,80,80,80,80,80,80,80,80,80,80,80,80,80,80,80,80,80,80,80,80,80],"card_choices":[{"not_picked":["Madness","Forethought"],"picked":"Flash of Steel","floor":0.0},{"not_picked":["Armaments","Headbutt"],"picked":"Anger","floor":1.0},{"not_picked":["Clash","Intimidate"],"picked":"Spot Weakness","floor":3.0},{"not_picked":["Heavy Blade","Perfected Strike"],"picked":"Offering","floor":5.0},{"not_picked":["Sever Soul","Second Wind"],"picked":"Heavy Blade","floor":6.0},{"not_picked":["Clothesline","Anger","Warcry"],"picked":"SKIP","floor":8.0},{"not_picked":["Rampage","Searing Blow"],"picked":"Brutality","floor":12.0},{"not_picked":["Wild Strike","Thunderclap","Warcry"],"picked":"SKIP","floor":13.0},{"not_picked":["Headbutt","Sentinel"],"picked":"Feel No Pain","floor":14},{"not_picked":["Double Tap","Exhume"],"picked":"Fiend Fire","floor":16},{"not_picked":["Shrug It Off","Wild Strike"],"picked":"Spot Weakness+1","floor":18},{"not_picked":["Blood for Blood","Wild Strike"],"picked":"Burning Pact","floor":22},{"not_picked":["Wild Strike","Thunderclap","Brutality"],"picked":"SKIP","floor":24}],"player_experience":1152200,"relics_obtained":[{"floor":6.0,"key":"Boot"},{"floor":8.0,"key":"Toy Ornithopter"},{"floor":9.0,"key":"Incense Burner"},{"floor":14,"key":"Happy Flower"},{"floor":24,"key":"Darkstone Periapt"}],"event_choices":[{"damage_healed":0.0,"max_hp_gain":5.0,"max_hp_loss":0.0,"gold_gain":0.0,"event_name":"Big Fish","player_choice":"Donut","floor":2.0,"gold_loss":0.0,"damage_taken":0.0},{"damage_healed":0.0,"max_hp_gain":0.0,"max_hp_loss":0.0,"gold_gain":75.0,"event_name":"World of Goop","player_choice":"Gather Gold","floor":4.0,"gold_loss":0.0,"damage_taken":11.0},{"damage_healed":20.0,"max_hp_gain":0.0,"max_hp_loss":0.0,"gold_gain":0.0,"event_name":"Mushrooms","player_choice":"Healed and dodged fight","floor":10.0,"gold_loss":0.0,"damage_taken":0.0,"cards_obtained":["Parasite"]},{"damage_healed":0,"gold_gain":0,"cards_transformed":["Strike_R","Strike_R"],"player_choice":"Became Test Subject","damage_taken":0,"max_hp_gain":0,"max_hp_loss":0,"event_name":"Drug Dealer","floor":20,"gold_loss":0,"cards_obtained":["Entrench","Heavy Blade"]}],"is_beta":true,"boss_relics":[{"not_picked":["Astrolabe","Runic Cube"],"picked":"Snecko Eye"}],"items_purged_floors":[19,21],"is_endless":false,"potions_floor_spawned":[1,13,14,22,24],"killed_by":"Snake Plant","ascension_level":20}