{"path_per_floor":["M","?","M","M","M","R","M","?","T","$","M","E","$","M","R","B",null,"M","M","$","M"],"character_chosen":"DEFECT","items_purchased":["Static Discharge","Scrape","Electrodynamics","Gash"],"gold_per_floor":[114,114,129,144,159,159,174,174,204,137,152,182,108,123,123,223,223,238,253,125,140,140],"floor_reached":22,"campfire_rested":1,"playtime":1334,"item_purchase_floors":[10,13,20,20],"current_hp_per_floor":[65,65,65,65,65,65,48,48,48,48,48,37,37,37,59,57,75,42,42,42,3,0],"items_purged":[],"gold":140,"score":190,"play_id":"44bab8a4-a1e7-454d-92d0-cc6c33315dd3","local_time":"20180617221719","daily_mods":["Allstar","Uncertain Future","Lethality"],"is_prod":false,"is_daily":true,"chose_seed":false,"is_ascension_mode":false,"campfire_upgraded":1,"win_rate":0,"timestamp":1529299039,"campfire_choices":[{"data":"Thinking Ahead","floor":6,"key":"SMITH"},{"floor":15,"key":"REST"}],"path_taken":["M","?","M","M","M","R","M","?","T","$","M","E","?","M","R","BOSS","M","M","$","M","M"],"build_version":"2018-06-14v2","seed_source_timestamp":0,"purchased_purges":0,"victory":false,"master_deck":["Strike_B","Strike_B","Strike_B","Defend_B","Defend_B","Defend_B","Defend_B","Zap+1","Dualcast","Dark Shackles","Thinking Ahead+1","Enlightenment","Finesse","Dramatic Entrance","Streamline","Streamline","Conserve Battery","Beam Cell","Doom and Gloom","Static Discharge","Gash","Seek","Scrape","Self Repair","Rainbow","Rebound","Steam+1","Electrodynamics","Gash","Leap+1"],"max_hp_per_floor":[75,75,75,75,75,75,75,75,75,75,75,75,75,75,75,75,75,75,75,75,75,75],"special_seed":17700,"relics":["Cracked Core","Tiny Chest","Dream Catcher","Fusion Hammer"],"card_choices":[{"not_picked":["Turbo","Ball Lightning"],"picked":"Streamline","floor":1},{"not_picked":["Coolheaded","Hologram"],"picked":"Streamline","floor":3},{"not_picked":["Tempest","Double Energy"],"picked":"Conserve Battery","floor":4},{"not_picked":["Rip and Tear","Ball Lightning"],"picked":"Beam Cell","floor":5},{"not_picked":["Undo","Reprogram"],"picked":"Doom and Gloom","floor":7},{"not_picked":["Machine Learning","Sweeping Beam"],"picked":"Gash","floor":11},{"not_picked":["Streamline","Fusion"],"picked":"Seek","floor":12},{"not_picked":["Reinforced Body","Conserve Battery","Darkness"],"picked":"SKIP","floor":14},{"not_picked":["Hologram","Streamline"],"picked":"Self Repair","floor":15},{"not_picked":["Machine Learning","Thunder Strike"],"picked":"Rainbow","floor":16},{"not_picked":["Self Repair","Doom and Gloom"],"picked":"Rebound","floor":18},{"not_picked":["Steam Power+1","Defragment"],"picked":"Steam+1","floor":19},{"not_picked":["Rip and Tear","Go for the Eyes+1"],"picked":"Leap+1","floor":21}],"player_experience":531392,"potions_floor_usage":[5,7,11,16,18,19],"damage_taken":[{"damage":10,"enemies":"2 Louse","floor":1,"turns":2},{"damage":0,"enemies":"Cultist","floor":3,"turns":2},{"damage":0,"enemies":"Small Slimes","floor":4,"turns":2},{"damage":0,"enemies":"3 Louse","floor":5,"turns":2},{"damage":17,"enemies":"Gremlin Gang","floor":7,"turns":2},{"damage":0,"enemies":"Blue Slaver","floor":11,"turns":1},{"damage":11,"enemies":"Gremlin Nob","floor":12,"turns":3},{"damage":0,"enemies":"Red Slaver","floor":14,"turns":2},{"damage":2,"enemies":"Slime Boss","floor":16,"turns":4},{"damage":40,"enemies":"3 Byrds","floor":18,"turns":3},{"damage":0,"enemies":"Chosen","floor":19,"turns":3},{"damage":39,"enemies":"3 Cultists","floor":21,"turns":4},{"damage":3,"enemies":"Centurion and Healer","floor":22,"turns":1}],"relics_obtained":[{"floor":9,"key":"Tiny Chest"},{"floor":12,"key":"Dream Catcher"}],"event_choices":[{"event_name":"Upgrade Shrine","player_choice":"Upgraded","floor":2,"damage_taken":0},{"event_name":"Bonfire Elementals","player_choice":"BASIC","floor":8,"damage_taken":0}],"boss_relics":[{"not_picked":["Empty Cage","White Beast Statue"],"picked":"Fusion Hammer"}],"items_purged_floors":[],"is_endless":false,"potions_floor_spawned":[1,4,7,12,16,18],"seed_played":"-1606100397584430063","killed_by":"Centurion and Healer","ascension_level":0,"potions_obtained":[{"floor":1,"key":"Fire Potion"},{"floor":4,"key":"FearPotion"},{"floor":7,"key":"AttackPotion"},{"floor":12,"key":"Fire Potion"},{"floor":16,"key":"Strength Potion"},{"floor":18,"key":"GamblersBrew"}],"is_trial":false}