{"gold_per_floor":[113,288,288,288,300,326,326,326,326,326,338,264,282,58,58,58],"floor_reached":16,"playtime":963,"items_purged":["Strike_P"],"score":123,"play_id":"f0fb9865-2b4e-465c-a6c9-7f6db92aa74b","local_time":"20190911174045","is_ascension_mode":false,"campfire_choices":[{"data":"Consecrate","floor":8,"key":"SMITH"},{"data":"BowlingBash","floor":10,"key":"SMITH"},{"data":"FollowUp","floor":15,"key":"SMITH"}],"neow_cost":"NONE","seed_source_timestamp":28730232589100,"circlet_count":0,"master_deck":["Strike_P","Strike_P","Strike_P","Defend_P","Defend_P","Defend_P","Defend_P","Eruption","Vigilance","CutThroughFate","BowlingBash+1","Consecrate+1","FollowUp+1","Fasting","ClearTheMind"],"relics":["PureWater","NeowsBlessing","Happy Flower","Meat on the Bone","InkBottle","Vajra"],"potions_floor_usage":[],"damage_taken":[{"damage":0,"enemies":"2 Louse","floor":1,"turns":1},{"damage":0,"enemies":"Small Slimes","floor":5,"turns":1},{"damage":0,"enemies":"3 Sentries","floor":6,"turns":2},{"damage":1,"enemies":"Jaw Worm","floor":11,"turns":2},{"damage":9,"enemies":"3 Louse","floor":13,"turns":3},{"damage":54,"enemies":"The Guardian","floor":16,"turns":11}],"seed_played":"-8892762280327159109","potions_obtained":[{"floor":13,"key":"SmokeBomb"}],"is_trial":false,"path_per_floor":["M","?","?","?","M","E","T","R","T","R","M","$","M","$","R","B"],"character_chosen":"WATCHER","items_purchased":["Fasting","Vajra"],"campfire_rested":0,"item_purchase_floors":[12,14],"current_hp_per_floor":[65,65,70,63,63,63,63,63,63,63,62,62,53,53,53,0],"gold":58,"neow_bonus":"THREE_ENEMY_KILL","is_prod":false,"is_daily":false,"chose_seed":false,"campfire_upgraded":3,"win_rate":0.0,"timestamp":1568248845,"path_taken":["M","?","?","?","M","E","?","R","T","R","M","$","?","$","R","BOSS"],"build_version":"2019-09-10","purchased_purges":1,"victory":false,"max_hp_per_floor":[65,65,70,70,70,70,70,70,70,70,70,70,70,70,70,70],"card_choices":[{"not_picked":["Halt","Weave"],"picked":"CutThroughFate","floor":1},{"not_picked":["FlyingSleeves","Protect"],"picked":"BowlingBash","floor":5},{"not_picked":["Protect","CarveReality"],"picked":"Consecrate","floor":6},{"not_picked":["Tantrum","InnerPeace"],"picked":"FollowUp","floor":11},{"not_picked":["Halt","PathToVictory"],"picked":"ClearTheMind","floor":13}],"player_experience":685448,"relics_obtained":[{"floor":6,"key":"Happy Flower"},{"floor":7,"key":"Meat on the Bone"},{"floor":9,"key":"InkBottle"}],"event_choices":[{"damage_healed":0,"gold_gain":175,"player_choice":"AGREE","damage_taken":0,"max_hp_gain":0,"max_hp_loss":0,"event_name":"Liars Game","floor":2,"gold_loss":0,"cards_obtained":["Doubt"]},{"damage_healed":0,"gold_gain":0,"player_choice":"Donut","damage_taken":0,"max_hp_gain":5,"max_hp_loss":0,"event_name":"Big Fish","floor":3,"gold_loss":0},{"cards_removed":["Doubt"],"damage_healed":0,"gold_gain":0,"player_choice":"Card Removal","damage_taken":7,"max_hp_gain":0,"max_hp_loss":0,"event_name":"Golden Wing","floor":4,"gold_loss":0}],"is_beta":true,"boss_relics":[],"items_purged_floors":[14],"is_endless":false,"potions_floor_spawned":[13],"killed_by":"The Guardian","ascension_level":0}