{"gold_per_floor":[154,154,154,189,224,294,336,408,420,462,474,516,528,565,577,689,701,683,695,722,59,84,134,164,194,194,194,194,224,259,159,159,259,259,294,294,309,9,9,9],"floor_reached":41,"playtime":2413,"items_purged":["Pain","Doubt"],"score":826,"play_id":"25888fad-04b5-4377-a619-63f5c493eb9b","local_time":"20190809213448","daily_mods":["Allstar","Flight","Elite Swarm"],"is_ascension_mode":false,"campfire_choices":[{"floor":11,"key":"REST"},{"data":"Core Surge","floor":13,"key":"SMITH"},{"floor":15,"key":"REST"},{"floor":27,"key":"REST"},{"data":"Fission","floor":28,"key":"SMITH"},{"floor":32,"key":"REST"}],"neow_cost":"","seed_source_timestamp":0,"circlet_count":0,"master_deck":["Strike_B","Strike_B","Strike_B","Defend_B","Defend_B","Defend_B","Defend_B+1","Zap","Dualcast","Secret Weapon+1","Master of Strategy","HandOfGreed","Metamorphosis","Good Instincts","Genetic Algorithm","Static Discharge","Core Surge+1","Machine Learning","Buffer","Core Surge","Rainbow","Electrodynamics","Ball Lightning+1","Conserve Battery+1","Seek","Electrodynamics","Fission+1","Seek","Beam Cell+1","Defragment+1","Machine Learning+1","Tempest+1","Redo+1","Fission+1","Amplify"],"special_seed":18118,"relics":["Cracked Core","PreservedInsect","MawBank","Prayer Wheel","Tiny Chest","Matryoshka","Bottled Flame","Thread and Needle","War Paint","Vajra","Calling Bell","Potion Belt","Question Card","Mango","Emotion Chip","Anchor","Darkstone Periapt","Chemical X","Mummified Hand","Ancient Tea Set","Oddly Smooth Stone","Art of War","Frozen Egg 2","Symbiotic Virus","Cables","Empty Cage","Bronze Scales","Happy Flower"],"potions_floor_usage":[6,6,7,7,10,16,16,20,29,30,40],"damage_taken":[{"damage":7,"enemies":"Small Slimes","floor":1,"turns":4},{"damage":0,"enemies":"2 Louse","floor":4,"turns":2},{"damage":1,"enemies":"Cultist","floor":5,"turns":3},{"damage":13,"enemies":"3 Sentries","floor":6,"turns":4},{"damage":7,"enemies":"Gremlin Nob","floor":7,"turns":3},{"damage":11,"enemies":"Lagavulin","floor":8,"turns":6},{"damage":4,"enemies":"3 Sentries","floor":10,"turns":6},{"damage":8,"enemies":"Lagavulin","floor":12,"turns":6},{"damage":16,"enemies":"Hexaghost","floor":16,"turns":9},{"damage":24,"enemies":"2 Thieves","floor":18,"turns":5},{"damage":7,"enemies":"Shell Parasite","floor":20,"turns":4},{"damage":7,"enemies":"Slavers","floor":23,"turns":5},{"damage":9,"enemies":"Gremlin Leader","floor":24,"turns":5},{"damage":13,"enemies":"Slavers","floor":25,"turns":2},{"damage":0,"enemies":"Gremlin Leader","floor":29,"turns":3},{"damage":0,"enemies":"Centurion and Healer","floor":30,"turns":2},{"damage":43,"enemies":"Automaton","floor":33,"turns":7},{"damage":0,"enemies":"3 Shapes","floor":35,"turns":4},{"damage":0,"enemies":"Orb Walker","floor":37,"turns":2},{"damage":68,"enemies":"Time Eater","floor":40,"turns":10}],"seed_played":"2585140164168515366","potions_obtained":[{"floor":1,"key":"Regen Potion"},{"floor":3,"key":"FocusPotion"},{"floor":3,"key":"SteroidPotion"},{"floor":3,"key":"EntropicBrew"},{"floor":6,"key":"Fire Potion"},{"floor":16,"key":"Regen Potion"},{"floor":18,"key":"Swift Potion"},{"floor":24,"key":"FairyPotion"},{"floor":25,"key":"LiquidBronze"},{"floor":29,"key":"AttackPotion"},{"floor":35,"key":"GamblersBrew"}],"is_trial":false,"path_per_floor":["M","?","?","M","M","E","E","E","T","E","R","E","R","T","R","B",null,"M","?","M","$","T","E","E","E","T","R","R","E","M","$","R","B",null,"M","?","M","$","?","B",null],"character_chosen":"DEFECT","items_purchased":["Anchor","Darkstone Periapt","Chemical X","Bronze Scales","Happy Flower"],"campfire_rested":4,"item_purchase_floors":[21,21,21,38,38],"current_hp_per_floor":[68,50,50,50,49,48,41,30,30,26,48,40,40,40,62,46,89,65,65,58,58,58,51,42,29,29,55,55,55,55,55,81,38,89,89,89,89,89,89,21],"gold":9,"neow_bonus":"","is_prod":false,"is_daily":true,"chose_seed":false,"campfire_upgraded":2,"win_rate":0,"timestamp":1565400888,"path_taken":["M","?","?","M","?","E","E","E","T","E","R","E","R","?","R","BOSS","M","?","M","$","?","E","E","E","T","R","R","E","?","$","R","BOSS","M","?","?","$","?","BOSS"],"build_version":"2019-07-17","purchased_purges":2,"victory":true,"max_hp_per_floor":[75,75,75,75,75,75,75,75,75,75,75,75,75,75,75,75,89,89,89,89,89,89,89,89,89,89,89,89,89,89,89,89,89,89,89,89,89,89,89,89],"card_choices":[{"not_picked":["Steam","Streamline","Aggregate"],"picked":"SKIP","floor":1},{"not_picked":["Leap","Gash"],"picked":"Genetic Algorithm","floor":4},{"not_picked":["Steam","Redo"],"picked":"Static Discharge","floor":5},{"not_picked":["Meteor Strike","Amplify"],"picked":"Core Surge","floor":6},{"not_picked":["Biased Cognition","Multi-Cast"],"picked":"Machine Learning","floor":7},{"not_picked":["Meteor Strike","Reboot"],"picked":"Buffer","floor":8},{"not_picked":["Thunder Strike","Machine Learning"],"picked":"Core Surge","floor":10},{"not_picked":["Amplify","All For One"],"picked":"Rainbow","floor":12},{"not_picked":["Creative AI","Multi-Cast"],"picked":"Electrodynamics","floor":16},{"not_picked":["Leap+1","Compile Driver","Rip and Tear"],"picked":"Ball Lightning+1","floor":18},{"not_picked":["Undo","Barrage+1","Static Discharge","Leap"],"picked":"SKIP","floor":18},{"not_picked":["Undo","Doom and Gloom","Tempest"],"picked":"Conserve Battery+1","floor":20},{"not_picked":["Redo","Gash","Hologram","Recycle"],"picked":"SKIP","floor":20},{"not_picked":["Machine Learning","Core Surge","Reboot"],"picked":"Seek","floor":23},{"not_picked":["Echo Form","Multi-Cast","Buffer"],"picked":"Electrodynamics","floor":24},{"not_picked":["Machine Learning","Creative AI","Biased Cognition"],"picked":"Fission","floor":25},{"not_picked":["Thunder Strike","Hyperbeam","Electrodynamics+1"],"picked":"Seek","floor":29},{"not_picked":["Redo","Coolheaded","Go for the Eyes"],"picked":"Beam Cell+1","floor":30},{"not_picked":["Turbo","Auto Shields","Coolheaded"],"picked":"Defragment+1","floor":30},{"not_picked":["Thunder Strike","All For One","Fission"],"picked":"Machine Learning+1","floor":33},{"not_picked":["Gash","Redo","Go for the Eyes"],"picked":"Tempest+1","floor":35},{"not_picked":["Beam Cell+1","Streamline","Hologram+1"],"picked":"Redo+1","floor":35},{"not_picked":["Gash+1","Coolheaded+1","Barrage"],"picked":"Amplify","floor":37},{"not_picked":["Gash+1","Conserve Battery","Melter","Beam Cell+1"],"picked":"SKIP","floor":37}],"player_experience":169949,"relics_obtained":[{"floor":6,"key":"MawBank"},{"floor":7,"key":"Prayer Wheel"},{"floor":8,"key":"Tiny Chest"},{"floor":9,"key":"Matryoshka"},{"floor":10,"key":"Bottled Flame"},{"floor":12,"key":"Thread and Needle"},{"floor":14,"key":"War Paint"},{"floor":14,"key":"Vajra"},{"floor":17,"key":"Potion Belt"},{"floor":17,"key":"Question Card"},{"floor":17,"key":"Mango"},{"floor":22,"key":"Mummified Hand"},{"floor":22,"key":"Ancient Tea Set"},{"floor":23,"key":"Oddly Smooth Stone"},{"floor":24,"key":"Art of War"},{"floor":25,"key":"Frozen Egg 2"},{"floor":26,"key":"Symbiotic Virus"},{"floor":29,"key":"Cables"}],"event_choices":[{"damage_healed":0,"gold_gain":0,"player_choice":"Success","damage_taken":18,"relics_obtained":["PreservedInsect"],"max_hp_gain":0,"max_hp_loss":0,"event_name":"Scrap Ooze","floor":2,"gold_loss":0},{"damage_healed":0,"gold_gain":0,"player_choice":"Got Potions","damage_taken":0,"max_hp_gain":0,"max_hp_loss":0,"event_name":"Lab","floor":3,"gold_loss":0},{"damage_healed":0,"gold_gain":0,"player_choice":"Gave Potion","damage_taken":0,"relics_obtained":["Emotion Chip"],"max_hp_gain":0,"max_hp_loss":0,"event_name":"WeMeetAgain","floor":19,"gold_loss":0},{"damage_healed":0,"gold_gain":0,"player_choice":"Copied","damage_taken":0,"max_hp_gain":0,"max_hp_loss":0,"event_name":"Duplicator","floor":36,"gold_loss":0,"cards_obtained":["Fission"]},{"damage_healed":0,"gold_gain":0,"player_choice":"Took Portal","damage_taken":0,"max_hp_gain":0,"max_hp_loss":0,"event_name":"SecretPortal","floor":39,"gold_loss":0}],"is_beta":false,"boss_relics":[{"not_picked":["Runic Pyramid","Velvet Choker"],"picked":"Calling Bell"},{"not_picked":["Lizard Tail","Eternal Feather"],"picked":"Empty Cage"}],"items_purged_floors":[21,31],"is_endless":false,"potions_floor_spawned":[1,4,6,16,18,24,25,29,35],"ascension_level":0}