{"gold_per_floor":[113,63,63,76,56,83,98,123,123,156,156,171,206,233,245,357,369,395,407,430,452,464,506,535,565,649,686,698,771,783,705,717,824,836,859,883,532,551,53,78,95,125,152,185,185,202,251,269,269,269],"floor_reached":51,"playtime":4970,"items_purged":["Defend_P","Strike_P"],"score":1097,"play_id":"007c5d23-5abd-4c97-9bb2-fb9619554c22","local_time":"20190921125558","is_ascension_mode":true,"campfire_choices":[{"data":"Establishment","floor":11,"key":"SMITH"},{"floor":15,"key":"REST"},{"floor":28,"key":"REST"},{"data":"Worship","floor":30,"key":"SMITH"},{"data":"Worship","floor":32,"key":"SMITH"},{"floor":45,"key":"REST"},{"data":"MasterReality","floor":49,"key":"SMITH"}],"neow_cost":"NONE","seed_source_timestamp":79198233576400,"circlet_count":0,"master_deck":["Defend_P","Eruption+1","Vigilance","BattleHymn","Wallop","SandsOfTime","Establishment+1","WindmillStrike","Worship+1","Prostrate","CarveReality","Perseverance+1","Protect+1","TalkToTheHand+1","Prostrate+1","Prostrate+1","DeceiveReality+1","Worship+1","Crescendo","Prostrate+1","BowlingBash","MasterReality+1","TalkToTheHand+1","Devotion+1"],"relics":["PureWater","NeowsBlessing","Letter Opener","StoneCalendar","Centennial Puzzle","Dead Branch","Toy Ornithopter","MawBank","Astrolabe","Ancient Tea Set","Question Card","Yang","Tiny Chest","Sozu","Oddly Smooth Stone","War Paint","Strange Spoon","HornCleat","Potion Belt","Gambling Chip","Anchor","Bottled Tornado","Bag of Preparation"],"potions_floor_usage":[8,10,16,21,21,23,29,33,42,50],"damage_taken":[{"damage":0,"enemies":"Jaw Worm","floor":1,"turns":1},{"damage":0,"enemies":"2 Louse","floor":4,"turns":1},{"damage":0,"enemies":"Lagavulin","floor":6,"turns":1},{"damage":2,"enemies":"Small Slimes","floor":7,"turns":3},{"damage":4,"enemies":"3 Sentries","floor":8,"turns":5},{"damage":0,"enemies":"Gremlin Nob","floor":10,"turns":3},{"damage":2,"enemies":"Exordium Wildlife","floor":12,"turns":4},{"damage":0,"enemies":"Lagavulin","floor":13,"turns":4},{"damage":18,"enemies":"3 Louse","floor":14,"turns":3},{"damage":0,"enemies":"Slime Boss","floor":16,"turns":4},{"damage":17,"enemies":"2 Thieves","floor":18,"turns":3},{"damage":21,"enemies":"3 Byrds","floor":20,"turns":5},{"damage":21,"enemies":"3 Cultists","floor":21,"turns":5},{"damage":25,"enemies":"Slavers","floor":23,"turns":4},{"damage":13,"enemies":"Shelled Parasite and Fungi","floor":24,"turns":4},{"damage":5,"enemies":"Chosen and Byrds","floor":25,"turns":5},{"damage":1,"enemies":"Book of Stabbing","floor":27,"turns":5},{"damage":0,"enemies":"Gremlin Leader","floor":29,"turns":7},{"damage":5,"enemies":"Automaton","floor":33,"turns":7},{"damage":0,"enemies":"3 Shapes","floor":35,"turns":5},{"damage":1,"enemies":"Orb Walker","floor":36,"turns":3},{"damage":4,"enemies":"Spire Growth","floor":38,"turns":4},{"damage":0,"enemies":"Nemesis","floor":40,"turns":3},{"damage":0,"enemies":"3 Darklings","floor":41,"turns":3},{"damage":36,"enemies":"Reptomancer","floor":42,"turns":5},{"damage":2,"enemies":"Nemesis","floor":44,"turns":6},{"damage":0,"enemies":"Jaw Worm Horde","floor":46,"turns":4},{"damage":0,"enemies":"Maw","floor":48,"turns":5},{"damage":23,"enemies":"Donu and Deca","floor":50,"turns":7}],"seed_played":"2831661407809882451","potions_obtained":[{"floor":1,"key":"Regen Potion"},{"floor":4,"key":"Block Potion"},{"floor":5,"key":"Ancient Potion"},{"floor":14,"key":"AttackPotion"},{"floor":16,"key":"Regen Potion"},{"floor":20,"key":"AttackPotion"},{"floor":23,"key":"Block Potion"},{"floor":25,"key":"SpeedPotion"},{"floor":29,"key":"SkillPotion"},{"floor":33,"key":"Regen Potion"}],"is_trial":false,"path_per_floor":["M","?","?","M","?","E","M","E","T","E","R","M","E","M","R","B",null,"M","?","M","M","?","E","M","M","T","E","R","E","R","?","R","B",null,"M","M","$","M","$","E","M","E","T","E","R","M","T","M","R","B",null],"character_chosen":"WATCHER","items_purchased":["Oddly Smooth Stone","War Paint","Strange Spoon","HornCleat"],"campfire_rested":3,"item_purchase_floors":[37,37,39,39],"current_hp_per_floor":[65,65,40,40,40,40,38,48,48,48,48,46,46,28,47,52,65,48,48,27,30,65,45,32,27,27,26,45,50,50,50,50,50,65,65,64,64,60,60,60,60,36,36,34,53,53,53,53,53,35],"gold":269,"neow_bonus":"THREE_ENEMY_KILL","is_prod":false,"is_daily":false,"chose_seed":false,"campfire_upgraded":4,"win_rate":0,"timestamp":1569095758,"path_taken":["M","?","?","?","?","E","?","E","T","E","R","M","E","M","R","BOSS","M","?","M","M","?","E","?","M","T","E","R","E","R","?","R","BOSS","M","M","$","?","$","E","M","E","T","E","R","M","?","M","R","BOSS"],"build_version":"2019-09-20","purchased_purges":2,"victory":true,"max_hp_per_floor":[65,65,65,65,65,65,65,65,65,65,65,65,65,65,65,65,65,65,65,65,65,65,65,65,65,65,65,65,65,65,65,65,65,65,65,65,65,65,65,65,65,65,65,65,65,65,65,65,65,65],"card_choices":[{"not_picked":["MentalFortress","JustLucky"],"picked":"BattleHymn","floor":1},{"not_picked":["JustLucky","MentalFortress"],"picked":"Wallop","floor":4},{"not_picked":["Swivel","ClearTheMind"],"picked":"SandsOfTime","floor":6},{"not_picked":["Sanctity","EmptyFist"],"picked":"Establishment","floor":7},{"not_picked":["ClearTheMind","Swivel"],"picked":"WindmillStrike","floor":8},{"not_picked":["CrushJoints","Evaluate"],"picked":"Worship","floor":10},{"not_picked":["ThirdEye","Weave","Sanctity"],"picked":"SKIP","floor":12},{"not_picked":["Swivel","ThirdEye"],"picked":"Prostrate","floor":13},{"not_picked":["Halt","Swivel"],"picked":"CarveReality","floor":14},{"not_picked":["EmptyBody+1","ThirdEye"],"picked":"TalkToTheHand+1","floor":18},{"not_picked":["Vengeance+1","SashWhip","FollowUp"],"picked":"SKIP","floor":20},{"not_picked":["SashWhip","MentalFortress+1","StepAndStrike+1"],"picked":"SKIP","floor":21},{"not_picked":["Scrawl+1","EmptyFist"],"picked":"Prostrate","floor":23},{"not_picked":["FlyingSleeves","Sanctity"],"picked":"Prostrate","floor":24},{"not_picked":["EmptyFist","Collect"],"picked":"DeceiveReality+1","floor":25},{"not_picked":["Ragnarok","FearNoEvil","TalkToTheHand"],"picked":"Worship","floor":27},{"not_picked":["CrushJoints","Prostrate","Halt"],"picked":"Crescendo","floor":29},{"not_picked":["Halt+1","ThirdEye","Fasting+1"],"picked":"Prostrate+1","floor":35},{"not_picked":["Tantrum+1","CleanseEvil","Worship"],"picked":"BowlingBash","floor":36},{"not_picked":["WreathOfFlame","FlyingSleeves","MentalFortress"],"picked":"MasterReality","floor":38},{"not_picked":["Swivel+1","CutThroughFate+1","EmptyBody+1","Fasting"],"picked":"SKIP","floor":40},{"not_picked":["Evaluate","ClearTheMind+1","FlyingSleeves+1"],"picked":"TalkToTheHand+1","floor":41},{"not_picked":["Blasphemy","Scrawl+1","ForeignInfluence+1"],"picked":"Devotion+1","floor":42},{"not_picked":["Halt+1","EmptyBody","Tantrum","DeceiveReality+1"],"picked":"SKIP","floor":44},{"not_picked":["InnerPeace","CleanseEvil","CutThroughFate+1","ForeignInfluence"],"picked":"SKIP","floor":46},{"not_picked":["Tantrum+1","CarveReality","Vengeance+1","EmptyBody"],"picked":"SKIP","floor":48}],"player_experience":743795,"relics_obtained":[{"floor":6,"key":"StoneCalendar"},{"floor":8,"key":"Centennial Puzzle"},{"floor":9,"key":"Dead Branch"},{"floor":10,"key":"Toy Ornithopter"},{"floor":13,"key":"MawBank"},{"floor":23,"key":"Ancient Tea Set"},{"floor":26,"key":"Question Card"},{"floor":27,"key":"Yang"},{"floor":29,"key":"Tiny Chest"},{"floor":40,"key":"Potion Belt"},{"floor":42,"key":"Gambling Chip"},{"floor":43,"key":"Anchor"},{"floor":44,"key":"Bottled Tornado"},{"floor":47,"key":"Bag of Preparation"}],"event_choices":[{"cards_removed":["Strike_P"],"damage_healed":0,"gold_gain":0,"player_choice":"Card Removal","damage_taken":0,"max_hp_gain":0,"max_hp_loss":0,"event_name":"The Cleric","floor":2,"gold_loss":50},{"damage_healed":0,"gold_gain":0,"player_choice":"Success","damage_taken":25,"relics_obtained":["Letter Opener"],"max_hp_gain":0,"max_hp_loss":0,"event_name":"Scrap Ooze","floor":3,"gold_loss":0},{"damage_healed":0,"gold_gain":0,"player_choice":"Bought 1 Potion","damage_taken":0,"max_hp_gain":0,"max_hp_loss":0,"event_name":"The Woman in Blue","floor":5,"gold_loss":0},{"damage_healed":0,"gold_gain":0,"player_choice":"Ignored","damage_taken":0,"max_hp_gain":0,"max_hp_loss":0,"event_name":"The Mausoleum","floor":19,"gold_loss":0},{"cards_removed":["WaveOfTheHand"],"damage_healed":35,"gold_gain":0,"player_choice":"Offered Uncommon","damage_taken":0,"max_hp_gain":0,"max_hp_loss":0,"event_name":"Bonfire Elementals","floor":22,"gold_loss":0},{"cards_removed":["Defend_P"],"damage_healed":0,"gold_gain":0,"player_choice":"Upgrade and Remove","damage_taken":0,"max_hp_gain":0,"max_hp_loss":0,"event_name":"Designer","floor":31,"gold_loss":90,"cards_upgraded":["Eruption"]}],"is_beta":true,"boss_relics":[{"not_picked":["Runic Pyramid","Tiny House"],"picked":"Astrolabe"},{"not_picked":["Pandora\u0027s Box","Runic Dome"],"picked":"Sozu"}],"items_purged_floors":[37,39],"is_endless":false,"potions_floor_spawned":[1,4,7,14,16,20,23,25,29,33,36,38,44,46],"ascension_level":2}