{"gold_per_floor":[112,112,112,132,132,132,145,168,168,181,204,228,228,246,246,370,370,388,211,227,92,92],"floor_reached":22,"playtime":1543,"items_purged":["Strike_B","Defend_B"],"score":180,"play_id":"6f50fa8e-49b1-4a98-8469-0c28f78ed826","local_time":"20180803150531","is_ascension_mode":false,"campfire_choices":[{"data":"Zap","floor":6,"key":"SMITH"},{"floor":13,"key":"REST"},{"floor":15,"key":"REST"}],"neow_cost":"NONE","seed_source_timestamp":3047439594537964,"circlet_count":0,"master_deck":["Strike_B","Strike_B","Strike_B","Defend_B","Defend_B","Defend_B","Zap+1","Dualcast","All For One","Go for the Eyes","Capacitor","Conserve Battery","Defragment","Ball Lightning+1","Double Energy","Go for the Eyes+1","Rainbow","Barrage+1","Consume","Compile Driver+1","Defragment+1","Static Discharge"],"relics":["Cracked Core","Golden Idol","Molten Egg 2","Inserter"],"potions_floor_usage":[12,16,16,16],"damage_taken":[{"damage":13,"enemies":"Jaw Worm","floor":1,"turns":4},{"damage":10,"enemies":"2 Louse","floor":4,"turns":3},{"damage":0,"enemies":"Small Slimes","floor":7,"turns":3},{"damage":6,"enemies":"Blue Slaver","floor":8,"turns":4},{"damage":0,"enemies":"3 Louse","floor":10,"turns":3},{"damage":8,"enemies":"Large Slime","floor":11,"turns":5},{"damage":5,"enemies":"Looter","floor":12,"turns":2},{"damage":7,"enemies":"2 Fungi Beasts","floor":14,"turns":3},{"damage":49,"enemies":"The Guardian","floor":16,"turns":7},{"damage":13,"enemies":"Spheric Guardian","floor":18,"turns":5},{"damage":12,"enemies":"3 Byrds","floor":20,"turns":5},{"damage":55,"enemies":"Cultist and Chosen","floor":22,"turns":6}],"seed_played":"-7944140475181942604","potions_obtained":[{"floor":4,"key":"FearPotion"},{"floor":7,"key":"SteroidPotion"},{"floor":10,"key":"FocusPotion"},{"floor":11,"key":"Fire Potion"},{"floor":12,"key":"PowerPotion"},{"floor":20,"key":"Strength Potion"}],"is_trial":false,"path_per_floor":["M","$","?","M","?","R","M","M","T","M","M","M","R","M","R","B",null,"M","$","M","$"],"character_chosen":"DEFECT","items_purchased":["Consume","Compile Driver+1","Static Discharge"],"campfire_rested":2,"item_purchase_floors":[19,19,21],"current_hp_per_floor":[62,62,62,52,34,34,34,28,28,28,20,15,37,30,52,3,75,62,62,50,50,0],"gold":92,"neow_bonus":"ONE_RANDOM_RARE_CARD","is_prod":false,"is_daily":false,"chose_seed":false,"campfire_upgraded":1,"win_rate":0,"timestamp":1533276331,"path_taken":["M","$","?","M","?","R","M","M","T","M","M","M","R","M","R","BOSS","M","$","M","$","M"],"build_version":"2018-08-02","purchased_purges":2,"victory":false,"max_hp_per_floor":[75,75,75,75,75,75,75,75,75,75,75,75,75,75,75,75,75,75,75,75,75,75],"card_choices":[{"not_picked":["Leap","Heatsinks"],"picked":"Go for the Eyes","floor":1},{"not_picked":["Turbo","Redo"],"picked":"Capacitor","floor":4},{"not_picked":["Cold Snap","Self Repair"],"picked":"Conserve Battery","floor":7},{"not_picked":["Beam Cell","BootSequence"],"picked":"Defragment","floor":8},{"not_picked":["Steam","Coolheaded","Lockon+1"],"picked":"SKIP","floor":10},{"not_picked":["Redo","Stack"],"picked":"Ball Lightning+1","floor":11},{"not_picked":["Multi-Cast","Doom and Gloom+1"],"picked":"Double Energy","floor":12},{"not_picked":["Turbo","Reinforced Body"],"picked":"Go for the Eyes+1","floor":14},{"not_picked":["Buffer","Amplify"],"picked":"Rainbow","floor":16},{"not_picked":["Leap","Steam Power"],"picked":"Barrage+1","floor":18},{"not_picked":["Streamline+1","Hologram"],"picked":"Defragment+1","floor":20}],"player_experience":83394,"relics_obtained":[{"floor":9,"key":"Molten Egg 2"}],"event_choices":[{"event_name":"Liars Game","player_choice":"disagreed","floor":3,"damage_taken":0},{"event_name":"Golden Idol","player_choice":"Take Damage","floor":5,"damage_taken":0}],"is_beta":false,"boss_relics":[{"not_picked":["Cursed Key","Snecko Eye"],"picked":"Inserter"}],"items_purged_floors":[19,21],"is_endless":false,"potions_floor_spawned":[4,7,10,11,12,20],"killed_by":"Cultist and Chosen","ascension_level":0}