{"gold_per_floor":[116,116,134,134,148,148,181,198,198,227,152,172,247,247,247,323,323,336,350,196,211,223,223,237,237,237,237],"floor_reached":27,"playtime":785,"items_purged":["Pain","Strike_R"],"score":550,"play_id":"cc28a061-8173-479e-aecc-ac27e8b64022","local_time":"20191002115526","is_ascension_mode":true,"campfire_choices":[{"data":"Metallicize","floor":6,"key":"SMITH"},{"floor":15,"key":"REST"},{"data":"Dark Embrace","floor":23,"key":"SMITH"},{"data":"True Grit","floor":25,"key":"SMITH"}],"neow_cost":"PERCENT_DAMAGE","seed_source_timestamp":78216575534000,"circlet_count":0,"master_deck":["AscendersBane","Strike_R","Strike_R","Strike_R","Strike_R","Defend_R","Defend_R","Defend_R","Defend_R","Bash","Hemokinesis+1","Metallicize+1","Carnage","Feel No Pain","Immolate+1","Reckless Charge","Dark Embrace+1","Power Through","True Grit+1","True Grit","Power Through"],"relics":["Burning Blood","WarpedTongs","Unceasing Top","Paper Frog","Shuriken","Sozu"],"potions_floor_usage":[7,10,16,18],"damage_taken":[{"damage":7,"enemies":"2 Louse","floor":1,"turns":3},{"damage":2,"enemies":"Small Slimes","floor":3,"turns":3},{"damage":3,"enemies":"Cultist","floor":5,"turns":3},{"damage":19,"enemies":"Lagavulin","floor":7,"turns":6},{"damage":5,"enemies":"2 Fungi Beasts","floor":8,"turns":4},{"damage":16,"enemies":"Gremlin Nob","floor":10,"turns":4},{"damage":15,"enemies":"Large Slime","floor":12,"turns":5},{"damage":2,"enemies":"Slime Boss","floor":16,"turns":4},{"damage":10,"enemies":"2 Thieves","floor":18,"turns":3},{"damage":2,"enemies":"Chosen","floor":19,"turns":2},{"damage":16,"enemies":"Snake Plant","floor":21,"turns":4},{"damage":0,"enemies":"Centurion and Healer","floor":22,"turns":7},{"damage":11,"enemies":"Sentry and Sphere","floor":24,"turns":6},{"damage":75,"enemies":"Book of Stabbing","floor":27,"turns":7}],"seed_played":"3376104520604529289","potions_obtained":[{"floor":5,"key":"AttackPotion"},{"floor":8,"key":"Block Potion"},{"floor":12,"key":"AttackPotion"},{"floor":16,"key":"SneckoOil"}],"is_trial":false,"path_per_floor":["M","?","M","?","M","R","E","M","T","E","$","M","?","?","R","B",null,"M","M","$","M","M","R","M","R","T","E"],"character_chosen":"IRONCLAD","items_purchased":["True Grit"],"campfire_rested":1,"item_purchase_floors":[20],"current_hp_per_floor":[63,63,67,67,70,70,57,58,58,48,48,39,28,28,54,58,81,77,81,81,71,77,77,72,72,72,0],"gold":237,"neow_bonus":"TWENTY_PERCENT_HP_BONUS","is_prod":false,"is_daily":false,"chose_seed":false,"campfire_upgraded":3,"win_rate":0,"timestamp":1570042526,"path_taken":["M","?","M","?","M","R","E","M","T","E","$","?","?","?","R","BOSS","M","M","$","M","M","R","M","R","T","E"],"build_version":"2019-10-01","purchased_purges":2,"victory":false,"max_hp_per_floor":[89,89,89,89,89,89,89,89,89,89,89,89,89,89,89,89,89,89,89,89,89,89,89,89,89,89,89],"card_choices":[{"not_picked":["Anger","Body Slam"],"picked":"Hemokinesis","floor":1},{"not_picked":["Twin Strike","Perfected Strike","Wild Strike"],"picked":"SKIP","floor":3},{"not_picked":["Perfected Strike","Reaper"],"picked":"Metallicize","floor":5},{"not_picked":["Armaments","Twin Strike"],"picked":"Carnage","floor":7},{"not_picked":["Anger","Clothesline"],"picked":"Feel No Pain","floor":8},{"not_picked":["Warcry","Seeing Red"],"picked":"Immolate","floor":10},{"not_picked":["Flex","Perfected Strike"],"picked":"Reckless Charge","floor":12},{"not_picked":["Exhume","Limit Break"],"picked":"Dark Embrace","floor":16},{"not_picked":["Inflame","Warcry"],"picked":"Power Through","floor":18},{"not_picked":["Warcry","Pommel Strike","Havoc"],"picked":"SKIP","floor":19},{"not_picked":["Armaments","Perfected Strike"],"picked":"True Grit","floor":21},{"not_picked":["Fire Breathing","Burning Pact"],"picked":"Power Through","floor":22},{"not_picked":["Body Slam","Clothesline","Dark Embrace"],"picked":"SKIP","floor":24}],"player_experience":1192959,"relics_obtained":[{"floor":7,"key":"Unceasing Top"},{"floor":9,"key":"Paper Frog"},{"floor":10,"key":"Shuriken"}],"event_choices":[{"damage_healed":0,"gold_gain":0,"player_choice":"Grow","damage_taken":0,"max_hp_gain":0,"max_hp_loss":0,"event_name":"Living Wall","floor":2,"gold_loss":0,"cards_upgraded":["Hemokinesis"]},{"damage_healed":0,"gold_gain":0,"player_choice":"Rummage","damage_taken":0,"relics_obtained":["WarpedTongs"],"max_hp_gain":0,"max_hp_loss":0,"event_name":"Accursed Blacksmith","floor":4,"gold_loss":0,"cards_obtained":["Pain"]},{"damage_healed":0,"gold_gain":75,"player_choice":"Gather Gold","damage_taken":11,"max_hp_gain":0,"max_hp_loss":0,"event_name":"World of Goop","floor":13,"gold_loss":0},{"damage_healed":0,"gold_gain":0,"player_choice":"Upgraded","damage_taken":0,"max_hp_gain":0,"max_hp_loss":0,"event_name":"Upgrade Shrine","floor":14,"gold_loss":0,"cards_upgraded":["Immolate"]}],"is_beta":true,"boss_relics":[{"not_picked":["Runic Pyramid","Cursed Key"],"picked":"Sozu"}],"items_purged_floors":[11,20],"is_endless":false,"potions_floor_spawned":[5,8,12,16,22,24],"killed_by":"Book of Stabbing","ascension_level":20}