{"gold_per_floor":[10,10,21,71,81,114,114,144,144,172,182,182,193,208,208,281,281,301,226,236,161,180,180,194,219,249,299,199,199,20,38,38,109,109,128,138,138,148,148,148,163,197,223,258,276,276,376,376,376,376,376,376,376,11,37,37],"floor_reached":56,"playtime":6604,"items_purged":["Strike_R","Strike_R","Defend_R"],"score":1994,"play_id":"f46e2837-dbc7-406b-aa2d-61e2b43a1719","local_time":"20190922141008","is_ascension_mode":true,"campfire_choices":[{"data":"Inflame","floor":7,"key":"SMITH"},{"data":"Heavy Blade","floor":12,"key":"SMITH"},{"data":"Shockwave","floor":15,"key":"SMITH"},{"floor":23,"key":"REST"},{"data":"Demon Form","floor":29,"key":"SMITH"},{"data":"Shrug It Off","floor":32,"key":"SMITH"},{"data":"Flame Barrier","floor":40,"key":"SMITH"},{"floor":49,"key":"RECALL"},{"floor":53,"key":"REST"}],"neow_cost":"NO_GOLD","seed_source_timestamp":54240714782700,"circlet_count":0,"master_deck":["AscendersBane","Defend_R","Defend_R","Bash+1","Inflame+1","Twin Strike","Feel No Pain","Heavy Blade+1","Shockwave+1","Feed","Clothesline","Second Wind","Double Tap","Demon Form+1","Burning Pact+1","Double Tap","Dual Wield","Shrug It Off+1","Shrug It Off+1","Armaments+1","Immolate","Warcry+1","Flame Barrier+1","Power Through","Disarm","Feel No Pain","Disarm","True Grit","Brutality"],"relics":["Burning Blood","Orichalcum","Pantograph","Red Skull","Pen Nib","Sozu","Letter Opener","Tiny Chest","Membership Card","Runic Pyramid","Lizard Tail","CaptainsWheel","Thread and Needle","Pear","Paper Frog","Anchor","Orrery","Magic Flower"],"potions_floor_usage":[8,44,55],"damage_taken":[{"damage":1,"enemies":"2 Louse","floor":1,"turns":4},{"damage":1,"enemies":"Cultist","floor":3,"turns":3},{"damage":5,"enemies":"Small Slimes","floor":5,"turns":3},{"damage":30,"enemies":"Lagavulin","floor":6,"turns":7},{"damage":0,"enemies":"Gremlin Nob","floor":8,"turns":3},{"damage":8,"enemies":"3 Sentries","floor":10,"turns":7},{"damage":7,"enemies":"2 Fungi Beasts","floor":11,"turns":3},{"damage":6,"enemies":"Blue Slaver","floor":13,"turns":4},{"damage":6,"enemies":"Large Slime","floor":14,"turns":2},{"damage":19,"enemies":"Slime Boss","floor":16,"turns":6},{"damage":24,"enemies":"2 Thieves","floor":18,"turns":4},{"damage":30,"enemies":"Shell Parasite","floor":20,"turns":5},{"damage":0,"enemies":"Snake Plant","floor":22,"turns":2},{"damage":13,"enemies":"Cultist and Chosen","floor":24,"turns":9},{"damage":32,"enemies":"Book of Stabbing","floor":25,"turns":4},{"damage":1,"enemies":"Snecko","floor":31,"turns":4},{"damage":10,"enemies":"Champ","floor":33,"turns":11},{"damage":15,"enemies":"3 Darklings","floor":35,"turns":6},{"damage":3,"enemies":"3 Shapes","floor":36,"turns":6},{"damage":35,"enemies":"Writhing Mass","floor":38,"turns":7},{"damage":31,"enemies":"4 Shapes","floor":41,"turns":7},{"damage":39,"enemies":"Reptomancer","floor":42,"turns":4},{"damage":7,"enemies":"Giant Head","floor":44,"turns":8},{"damage":24,"enemies":"Transient","floor":45,"turns":6},{"damage":6,"enemies":"Mind Bloom Boss Battle","floor":47,"turns":7},{"damage":58,"enemies":"Donu and Deca","floor":50,"turns":8},{"damage":53,"enemies":"Awakened One","floor":51,"turns":9},{"damage":89,"enemies":"Shield and Spear","floor":55,"turns":11},{"damage":77,"enemies":"The Heart","floor":56,"turns":5}],"seed_played":"1712674893322066285","potions_obtained":[{"floor":1,"key":"AttackPotion"},{"floor":5,"key":"PowerPotion"},{"floor":11,"key":"EssenceOfSteel"},{"floor":16,"key":"GamblersBrew"}],"is_trial":false,"path_per_floor":["M","?","M","?","M","E","R","E","T","E","M","R","M","M","R","B",null,"M","?","M","$","M","R","M","E","T","?","$","R","$","M","R","B",null,"M","M","?","M","?","R","M","E","T","E","M","?","?","T","R","B","B",null,"R","$","E","B"],"character_chosen":"IRONCLAD","items_purchased":["Membership Card","Shrug It Off","Paper Frog","Anchor","Orrery"],"campfire_rested":2,"item_purchase_floors":[30,30,54,54,54],"current_hp_per_floor":[73,73,75,68,69,45,45,51,51,49,51,51,51,51,51,63,74,59,59,35,35,41,65,61,38,38,38,38,38,38,46,46,71,88,83,89,89,60,60,60,41,8,8,7,47,47,76,86,86,62,40,99,119,119,39,0],"gold":37,"neow_bonus":"REMOVE_TWO","is_prod":false,"is_daily":false,"chose_seed":false,"campfire_upgraded":6,"win_rate":0,"timestamp":1569129008,"path_taken":["M","?","M","?","M","E","R","E","T","E","M","R","?","M","R","BOSS","M","?","M","$","?","R","M","E","T","?","$","R","$","M","R","BOSS","M","M","?","M","?","R","M","E","T","E","M","?","?","?","R","BOSS","BOSS","R","$","E","BOSS"],"build_version":"2019-09-20","purchased_purges":3,"victory":false,"max_hp_per_floor":[75,75,75,75,75,75,75,75,75,75,78,78,78,78,78,78,78,81,81,81,81,81,81,84,87,87,87,87,87,87,90,90,94,94,98,101,101,101,96,96,102,102,102,102,102,102,106,116,116,119,119,119,119,119,122,122],"card_choices":[{"not_picked":["Clothesline","Feel No Pain"],"picked":"Inflame","floor":1},{"not_picked":["Havoc","Heavy Blade"],"picked":"Twin Strike","floor":3},{"not_picked":["Shrug It Off","Armaments"],"picked":"Feel No Pain","floor":5},{"not_picked":["Reckless Charge","Rupture"],"picked":"Heavy Blade","floor":6},{"not_picked":["Rage","Metallicize"],"picked":"Shockwave","floor":8},{"not_picked":["Barricade","Flex"],"picked":"Feed","floor":10},{"not_picked":["Wild Strike","Warcry"],"picked":"Clothesline","floor":11},{"not_picked":["Pommel Strike","Uppercut"],"picked":"Second Wind","floor":13},{"not_picked":["Searing Blow","Hemokinesis"],"picked":"Double Tap","floor":14},{"not_picked":["Bludgeon","Limit Break"],"picked":"Demon Form","floor":16},{"not_picked":["Pommel Strike+1","Infernal Blade"],"picked":"Burning Pact+1","floor":18},{"not_picked":["Second Wind","Headbutt","Anger"],"picked":"SKIP","floor":20},{"not_picked":["Cleave","Anger"],"picked":"Shrug It Off+1","floor":22},{"not_picked":["Heavy Blade+1","Wild Strike","Intimidate"],"picked":"SKIP","floor":24},{"not_picked":["Searing Blow","Cleave","Anger"],"picked":"SKIP","floor":25},{"not_picked":["Wild Strike","Body Slam"],"picked":"Armaments+1","floor":31},{"not_picked":["Berserk","Offering"],"picked":"Immolate","floor":33},{"not_picked":["Dropkick","Cleave"],"picked":"Warcry+1","floor":35},{"not_picked":["Wild Strike","Reckless Charge"],"picked":"Flame Barrier","floor":36},{"not_picked":["Sever Soul","Clash","Hemokinesis+1"],"picked":"SKIP","floor":38},{"not_picked":["Rupture","Perfected Strike","Anger+1"],"picked":"SKIP","floor":41},{"not_picked":["Headbutt","Warcry","Juggernaut"],"picked":"SKIP","floor":42},{"not_picked":["Rage","Thunderclap"],"picked":"Power Through","floor":44},{"not_picked":["Anger","Armaments"],"picked":"Disarm","floor":45},{"not_picked":["Flex","Blood for Blood+1"],"picked":"Feel No Pain","floor":47},{"not_picked":["Warcry+1","Blood for Blood"],"picked":"Disarm","floor":54},{"not_picked":["Pommel Strike+1","Power Through+1"],"picked":"True Grit","floor":54},{"not_picked":["Twin Strike","Berserk"],"picked":"Brutality","floor":54},{"not_picked":["True Grit","Flame Barrier","Clash"],"picked":"SKIP","floor":55}],"player_experience":820709,"relics_obtained":[{"floor":6,"key":"Orichalcum"},{"floor":8,"key":"Pantograph"},{"floor":9,"key":"Red Skull"},{"floor":10,"key":"Pen Nib"},{"floor":25,"key":"Letter Opener"},{"floor":26,"key":"Tiny Chest"},{"floor":42,"key":"Lizard Tail"},{"floor":44,"key":"CaptainsWheel"},{"floor":47,"key":"Thread and Needle"},{"floor":48,"key":"Pear"},{"floor":55,"key":"Magic Flower"}],"event_choices":[{"damage_healed":0,"gold_gain":0,"player_choice":"Grow","damage_taken":0,"max_hp_gain":0,"max_hp_loss":0,"event_name":"Living Wall","floor":2,"gold_loss":0,"cards_upgraded":["Bash"]},{"damage_healed":0,"gold_gain":50,"player_choice":"Touch","damage_taken":7,"max_hp_gain":0,"max_hp_loss":0,"event_name":"FaceTrader","floor":4,"gold_loss":0},{"damage_healed":0,"gold_gain":0,"cards_transformed":["Strike_R","Strike_R"],"player_choice":"Transformed Cards","damage_taken":0,"max_hp_gain":0,"max_hp_loss":0,"event_name":"Designer","floor":19,"gold_loss":75,"cards_obtained":["Double Tap","Dual Wield"]},{"damage_healed":0,"gold_gain":50,"player_choice":"Stole From Cult","damage_taken":0,"max_hp_gain":0,"max_hp_loss":0,"event_name":"Nest","floor":27,"gold_loss":0},{"damage_healed":0,"gold_gain":0,"player_choice":"Ignored","damage_taken":0,"max_hp_gain":0,"max_hp_loss":0,"event_name":"Tomb of Lord Red Mask","floor":37,"gold_loss":0},{"damage_healed":0,"gold_gain":0,"player_choice":"Max HP","damage_taken":0,"max_hp_gain":0,"max_hp_loss":5,"event_name":"Winding Halls","floor":39,"gold_loss":0},{"damage_healed":0,"gold_gain":0,"player_choice":"Memory 1","damage_taken":0,"max_hp_gain":0,"max_hp_loss":0,"event_name":"SensoryStone","floor":46,"gold_loss":0},{"damage_healed":0,"gold_gain":0,"player_choice":"Fight","damage_taken":0,"max_hp_gain":0,"max_hp_loss":0,"event_name":"MindBloom","floor":47,"gold_loss":0}],"is_beta":true,"boss_relics":[{"not_picked":["SacredBark","Ectoplasm"],"picked":"Sozu"},{"not_picked":["SlaversCollar","Black Star"],"picked":"Runic Pyramid"}],"items_purged_floors":[21,28,54],"is_endless":false,"potions_floor_spawned":[1,5,11,13,16,20,22,25,31,38,41,44,55],"killed_by":"The Heart","ascension_level":20}