{"gold_per_floor":[213,227,227,227,152,182,192,192],"floor_reached":8,"playtime":430,"items_purged":["Regret"],"score":106,"play_id":"24f84a68-1781-4315-af6f-fd5526b9366b","local_time":"20190710131116","is_ascension_mode":true,"campfire_choices":[],"neow_cost":"NONE","seed_source_timestamp":8650848309318459,"circlet_count":0,"master_deck":["AscendersBane","Strike_G","Strike_G","Strike_G","Strike_G+1","Strike_G","Defend_G","Defend_G","Defend_G+1","Defend_G","Defend_G","Survivor","Neutralize","Dagger Throw","Dash","Blade Dance","Dagger Throw","Dash"],"relics":["Ring of the Snake","Prayer Wheel","Girya"],"potions_floor_usage":[6,8],"damage_taken":[{"damage":4,"enemies":"Small Slimes","floor":1,"turns":4},{"damage":3,"enemies":"Jaw Worm","floor":2,"turns":3},{"damage":16,"enemies":"3 Sentries","floor":6,"turns":12},{"damage":0,"enemies":"Cultist","floor":7,"turns":3},{"damage":16,"enemies":"Gremlin Nob","floor":8,"turns":3}],"seed_played":"-2225244893277070950","potions_obtained":[{"floor":2,"key":"PowerPotion"},{"floor":7,"key":"Swift Potion"}],"is_trial":false,"path_per_floor":["M","M","?","?","$","E","M","E"],"character_chosen":"THE_SILENT","items_purchased":[],"campfire_rested":0,"item_purchase_floors":[],"current_hp_per_floor":[55,52,52,32,32,16,16,0],"gold":192,"neow_bonus":"HUNDRED_GOLD","is_prod":false,"is_daily":false,"chose_seed":false,"campfire_upgraded":0,"win_rate":0,"timestamp":1562742676,"path_taken":["M","M","?","?","$","E","M","E"],"build_version":"2019-07-05","purchased_purges":1,"victory":false,"max_hp_per_floor":[66,66,66,66,66,66,66,66],"card_choices":[{"not_picked":["Flying Knee","Cloak And Dagger"],"picked":"Dagger Throw","floor":1},{"not_picked":["Tactician","Flying Knee"],"picked":"Dash","floor":2},{"not_picked":["Poisoned Stab","A Thousand Cuts"],"picked":"Blade Dance","floor":6},{"not_picked":["Acrobatics","Expertise"],"picked":"Dagger Throw","floor":7},{"not_picked":["Bane","Deadly Poison"],"picked":"Dash","floor":7}],"player_experience":1511076,"relics_obtained":[{"floor":6,"key":"Girya"}],"event_choices":[{"damage_healed":0,"gold_gain":0,"player_choice":"Box","damage_taken":0,"relics_obtained":["Prayer Wheel"],"max_hp_gain":0,"max_hp_loss":0,"event_name":"Big Fish","floor":3,"gold_loss":0,"cards_obtained":["Regret"]},{"damage_healed":0,"gold_gain":0,"player_choice":"Entered Light","damage_taken":20,"max_hp_gain":0,"max_hp_loss":0,"event_name":"Shining Light","floor":4,"gold_loss":0,"cards_upgraded":["Strike_G","Defend_G"]}],"is_beta":false,"boss_relics":[],"items_purged_floors":[5],"is_endless":false,"potions_floor_spawned":[2,7],"killed_by":"Gremlin Nob","ascension_level":18}