{"gold_per_floor":[115,134,134,149,46,46,76,94,117,128,156,185,185,185,185,257,257,277,288,213,232,232,232],"floor_reached":23,"playtime":1682,"items_purged":["Pain"],"score":402,"play_id":"a0a14e22-775d-4d8b-87bd-f971de17546b","local_time":"20190929180851","is_ascension_mode":true,"campfire_choices":[{"data":"Uppercut","floor":6,"key":"SMITH"},{"data":"Combust","floor":13,"key":"SMITH"},{"floor":15,"key":"REST"}],"neow_cost":"TEN_PERCENT_HP_LOSS","seed_source_timestamp":173815545598400,"circlet_count":0,"master_deck":["AscendersBane","Strike_R","Strike_R","Strike_R","Strike_R","Strike_R","Defend_R+1","Defend_R","Defend_R","Defend_R+1","Bash+1","Rampage","Uppercut+1","Anger","Whirlwind","Shrug It Off","Flame Barrier","Shrug It Off","Combust+1","Feed","True Grit","Disarm"],"relics":["Burning Blood","Unceasing Top","War Paint","Art of War","Vajra","Odd Mushroom","WarpedTongs","Snecko Eye"],"potions_floor_usage":[16,23],"damage_taken":[{"damage":12,"enemies":"2 Louse","floor":1,"turns":3},{"damage":6,"enemies":"Cultist","floor":2,"turns":3},{"damage":4,"enemies":"Jaw Worm","floor":4,"turns":3},{"damage":29,"enemies":"Gremlin Nob","floor":7,"turns":4},{"damage":0,"enemies":"Large Slime","floor":8,"turns":4},{"damage":10,"enemies":"Red Slaver","floor":10,"turns":3},{"damage":24,"enemies":"Lagavulin","floor":11,"turns":7},{"damage":9,"enemies":"The Mushroom Lair","floor":12,"turns":3},{"damage":35,"enemies":"Slime Boss","floor":16,"turns":7},{"damage":7,"enemies":"Chosen","floor":18,"turns":4},{"damage":9,"enemies":"Spheric Guardian","floor":19,"turns":4},{"damage":17,"enemies":"Cultist and Chosen","floor":21,"turns":7},{"damage":39,"enemies":"Gremlin Leader","floor":23,"turns":5}],"seed_played":"-192866543964100691","potions_obtained":[{"floor":7,"key":"PowerPotion"},{"floor":11,"key":"AttackPotion"},{"floor":12,"key":"Fruit Juice"}],"is_trial":false,"path_per_floor":["M","M","?","M","$","R","E","M","T","M","E","?","R","?","R","B",null,"M","M","$","M","?","E"],"character_chosen":"IRONCLAD","items_purchased":["Uppercut","Anger"],"campfire_rested":1,"item_purchase_floors":[5,5],"current_hp_per_floor":[62,62,62,64,64,64,41,47,47,43,25,22,22,22,42,13,54,53,50,50,43,23,0],"gold":232,"neow_bonus":"ONE_RARE_RELIC","is_prod":false,"is_daily":false,"chose_seed":false,"campfire_upgraded":2,"win_rate":0,"timestamp":1569748131,"path_taken":["M","M","?","M","$","R","E","M","T","?","E","?","R","?","R","BOSS","M","M","$","M","?","E"],"build_version":"2019-09-27","purchased_purges":1,"victory":false,"max_hp_per_floor":[68,68,68,68,68,68,68,68,68,68,68,68,68,68,68,68,68,68,68,68,72,77,82],"card_choices":[{"not_picked":["Armaments","True Grit"],"picked":"Rampage","floor":1},{"not_picked":["Rage","Twin Strike","Second Wind"],"picked":"SKIP","floor":2},{"not_picked":["Reckless Charge","Rage","Body Slam"],"picked":"SKIP","floor":4},{"not_picked":["Iron Wave","Warcry"],"picked":"Whirlwind","floor":7},{"not_picked":["Havoc","Power Through"],"picked":"Shrug It Off","floor":8},{"not_picked":["Iron Wave","Limit Break"],"picked":"Flame Barrier","floor":10},{"not_picked":["Seeing Red","Twin Strike"],"picked":"Shrug It Off","floor":11},{"not_picked":["Uppercut","Heavy Blade"],"picked":"Combust","floor":12},{"not_picked":["Exhume","Immolate"],"picked":"Feed","floor":16},{"not_picked":["Clash","Iron Wave"],"picked":"True Grit","floor":18},{"not_picked":["True Grit","Metallicize"],"picked":"Disarm","floor":19},{"not_picked":["Power Through","Headbutt+1","Hemokinesis"],"picked":"SKIP","floor":21}],"player_experience":877734,"relics_obtained":[{"floor":7,"key":"War Paint"},{"floor":9,"key":"Art of War"},{"floor":11,"key":"Vajra"},{"floor":12,"key":"Odd Mushroom"}],"event_choices":[{"damage_healed":0,"gold_gain":0,"player_choice":"Upgraded","damage_taken":0,"max_hp_gain":0,"max_hp_loss":0,"event_name":"Upgrade Shrine","floor":3,"gold_loss":0,"cards_upgraded":["Bash"]},{"damage_healed":0,"gold_gain":0,"player_choice":"Fought Mushrooms","damage_taken":0,"max_hp_gain":0,"max_hp_loss":0,"event_name":"Mushrooms","floor":12,"gold_loss":0},{"damage_healed":0,"gold_gain":0,"player_choice":"Rummage","damage_taken":0,"relics_obtained":["WarpedTongs"],"max_hp_gain":0,"max_hp_loss":0,"event_name":"Accursed Blacksmith","floor":14,"gold_loss":0,"cards_obtained":["Pain"]},{"damage_healed":0,"gold_gain":0,"player_choice":"Shed Blood","damage_taken":25,"max_hp_gain":5,"max_hp_loss":0,"event_name":"Forgotten Altar","floor":22,"gold_loss":0}],"is_beta":true,"boss_relics":[{"not_picked":["Runic Pyramid","Runic Cube"],"picked":"Snecko Eye"}],"items_purged_floors":[20],"is_endless":false,"potions_floor_spawned":[7,11,12],"killed_by":"Gremlin Leader","ascension_level":20}