{"gold_per_floor":[111,111,33,45,45,70,80,80,80,92,111,131,21,53,53,149,149,159,159,84,4,20,20,20,20,20,20,20,52,52,72,72,177,177,197,197,211,111,111,144,144,171,171,171,206,234,256,288,300,312,324,336,57,89,89],"floor_reached":55,"playtime":8050,"items_purged":["Strike_B","Beam Cell","Dualcast"],"score":927,"play_id":"45920937-c634-42cb-9062-0faf340ed195","local_time":"20191001235011","is_ascension_mode":true,"campfire_choices":[{"data":"Coolheaded","floor":8,"key":"SMITH"},{"data":"Rainbow","floor":15,"key":"SMITH"},{"data":"Echo Form","floor":23,"key":"SMITH"},{"data":"Darkness","floor":25,"key":"SMITH"},{"data":"Hologram","floor":28,"key":"SMITH"},{"data":"Doom and Gloom","floor":30,"key":"SMITH"},{"data":"Doom and Gloom","floor":32,"key":"SMITH"},{"data":"Meteor Strike","floor":41,"key":"SMITH"},{"data":"Cold Snap","floor":44,"key":"SMITH"},{"floor":49,"key":"RECALL"},{"data":"Defend_B","floor":52,"key":"SMITH"}],"neow_cost":"NONE","seed_source_timestamp":99843236671500,"circlet_count":0,"master_deck":["Strike_B","Strike_B","Defend_B","Defend_B","Defend_B","Defend_B+1","Rainbow+1","Darkness+1","Hologram+1","Cold Snap","Coolheaded+1","Cold Snap+1","Doom and Gloom+1","Echo Form+1","Doom and Gloom+1","Meteor Strike+1","Hologram+1","Force Field+1","Streamline+1","Fusion","Master of Strategy"],"relics":["Cracked Core","Ginger","Thread and Needle","Ornamental Fan","Snecko Eye","Bottled Tornado","Gambling Chip","Nuclear Battery","Blood Vial","Mercury Hourglass","MawBank","FossilizedHelix"],"potions_floor_usage":[6,14,14,42,55],"damage_taken":[{"damage":0,"enemies":"Small Slimes","floor":1,"turns":2},{"damage":0,"enemies":"Cultist","floor":4,"turns":2},{"damage":5,"enemies":"Lagavulin","floor":6,"turns":8},{"damage":4,"enemies":"2 Louse","floor":7,"turns":2},{"damage":1,"enemies":"Blue Slaver","floor":10,"turns":3},{"damage":0,"enemies":"3 Louse","floor":11,"turns":3},{"damage":3,"enemies":"Large Slime","floor":12,"turns":5},{"damage":15,"enemies":"3 Sentries","floor":14,"turns":7},{"damage":46,"enemies":"Hexaghost","floor":16,"turns":10},{"damage":5,"enemies":"3 Byrds","floor":18,"turns":3},{"damage":0,"enemies":"Chosen","floor":22,"turns":3},{"damage":3,"enemies":"Book of Stabbing","floor":29,"turns":3},{"damage":0,"enemies":"Snake Plant","floor":31,"turns":2},{"damage":0,"enemies":"Automaton","floor":33,"turns":6},{"damage":4,"enemies":"3 Shapes","floor":35,"turns":1},{"damage":2,"enemies":"Orb Walker","floor":37,"turns":2},{"damage":1,"enemies":"Reptomancer","floor":40,"turns":3},{"damage":8,"enemies":"Nemesis","floor":42,"turns":5},{"damage":0,"enemies":"Giant Head","floor":45,"turns":4},{"damage":0,"enemies":"Transient","floor":46,"turns":5},{"damage":16,"enemies":"Maw","floor":47,"turns":5},{"damage":0,"enemies":"Jaw Worm Horde","floor":48,"turns":2},{"damage":0,"enemies":"Donu and Deca","floor":50,"turns":6},{"damage":0,"enemies":"Shield and Spear","floor":54,"turns":3},{"damage":110,"enemies":"The Heart","floor":55,"turns":6}],"seed_played":"9126686355604562670","potions_obtained":[{"floor":1,"key":"Weak Potion"},{"floor":4,"key":"Ancient Potion"},{"floor":10,"key":"SneckoOil"},{"floor":12,"key":"Regen Potion"},{"floor":18,"key":"GamblersBrew"},{"floor":33,"key":"FearPotion"},{"floor":47,"key":"FearPotion"},{"floor":48,"key":"Swift Potion"}],"is_trial":false,"path_per_floor":["M","?","$","M","?","E","M","R","T","M","M","M","$","E","R","B",null,"M","?","?","$","M","R","$","R","T","?","R","E","R","M","R","B",null,"M","?","M","$","?","E","R","E","T","R","E","M","M","M","R","B",null,"R","$","E","B"],"character_chosen":"DEFECT","items_purchased":["Hologram","Cold Snap","Doom and Gloom","Doom and Gloom","Master of Strategy"],"campfire_rested":0,"item_purchase_floors":[3,3,13,21,53],"current_hp_per_floor":[75,75,75,75,75,70,66,66,66,65,65,62,62,62,62,16,75,70,70,70,70,70,70,70,70,70,70,70,67,67,67,67,67,75,71,71,69,69,69,68,68,62,62,62,64,66,52,54,54,56,75,75,75,75,0],"gold":89,"neow_bonus":"ONE_RANDOM_RARE_CARD","is_prod":false,"is_daily":false,"chose_seed":false,"campfire_upgraded":10,"win_rate":0,"timestamp":1569991811,"path_taken":["M","?","$","?","?","E","M","R","T","M","M","M","$","E","R","BOSS","M","?","?","$","M","R","$","R","T","?","R","E","R","M","R","BOSS","M","?","M","$","?","E","R","E","T","R","E","M","M","M","R","BOSS","R","$","E","BOSS"],"build_version":"2019-07-17","purchased_purges":3,"victory":false,"max_hp_per_floor":[75,75,75,75,75,75,75,75,75,75,75,75,75,75,75,75,75,75,75,75,75,75,75,75,75,75,75,75,75,75,75,75,75,75,75,75,75,75,75,75,75,75,75,75,75,75,75,75,75,75,75,75,75,75,75],"card_choices":[{"not_picked":["Coolheaded","Conserve Battery"],"picked":"Darkness","floor":1},{"not_picked":["Stack","Turbo","Barrage"],"picked":"SKIP","floor":4},{"not_picked":["Leap","Recycle"],"picked":"Coolheaded","floor":6},{"not_picked":["Steam","Streamline"],"picked":"Cold Snap","floor":7},{"not_picked":["Leap","Scrape","Stack"],"picked":"SKIP","floor":10},{"not_picked":["Loop","Gash"],"picked":"Beam Cell","floor":11},{"not_picked":["Compile Driver","Cold Snap","Electrodynamics"],"picked":"SKIP","floor":12},{"not_picked":["Barrage","Doom and Gloom","Reinforced Body"],"picked":"SKIP","floor":14},{"not_picked":["Reboot","Electrodynamics"],"picked":"Echo Form","floor":16},{"not_picked":["Rebound","Chaos","White Noise"],"picked":"SKIP","floor":18},{"not_picked":["Steam Power+1","Barrage","Stack+1"],"picked":"SKIP","floor":22},{"not_picked":["Echo Form","Go for the Eyes+1","Sweeping Beam+1"],"picked":"SKIP","floor":29},{"not_picked":["Barrage","Capacitor","Redo"],"picked":"SKIP","floor":31},{"not_picked":["Rainbow","Fission"],"picked":"Meteor Strike","floor":33},{"not_picked":["Recycle+1","Steam+1"],"picked":"Hologram+1","floor":35},{"not_picked":["Conserve Battery","Rip and Tear+1"],"picked":"Force Field+1","floor":37},{"not_picked":["Ball Lightning+1","Coolheaded"],"picked":"Streamline+1","floor":40},{"not_picked":["BootSequence","Redo+1","Coolheaded+1"],"picked":"SKIP","floor":42},{"not_picked":["Steam","Streamline+1","Recycle"],"picked":"SKIP","floor":45},{"not_picked":["Redo","Rebound","Recycle+1"],"picked":"SKIP","floor":46},{"not_picked":["Melter+1","Sweeping Beam+1","Tempest+1"],"picked":"SKIP","floor":47},{"not_picked":["Go for the Eyes","Cold Snap+1"],"picked":"Fusion","floor":48},{"not_picked":["Go for the Eyes+1","Coolheaded","Stack"],"picked":"SKIP","floor":54}],"player_experience":102585,"relics_obtained":[{"floor":6,"key":"Ginger"},{"floor":9,"key":"Thread and Needle"},{"floor":14,"key":"Ornamental Fan"},{"floor":26,"key":"Bottled Tornado"},{"floor":29,"key":"Gambling Chip"},{"floor":40,"key":"Blood Vial"},{"floor":42,"key":"Mercury Hourglass"},{"floor":45,"key":"MawBank"},{"floor":54,"key":"FossilizedHelix"}],"event_choices":[{"cards_removed":["Strike_B"],"damage_healed":0,"gold_gain":0,"player_choice":"Purged","damage_taken":0,"max_hp_gain":0,"max_hp_loss":0,"event_name":"Purifier","floor":2,"gold_loss":0},{"damage_healed":0,"gold_gain":0,"player_choice":"Grow","damage_taken":0,"max_hp_gain":0,"max_hp_loss":0,"event_name":"Living Wall","floor":5,"gold_loss":0,"cards_upgraded":["Zap"]},{"damage_healed":0,"gold_gain":0,"player_choice":"Ignored","damage_taken":0,"max_hp_gain":0,"max_hp_loss":0,"event_name":"Ghosts","floor":19,"gold_loss":0},{"cards_removed":["Zap"],"damage_healed":0,"gold_gain":0,"player_choice":"Gave Gold","damage_taken":0,"max_hp_gain":0,"max_hp_loss":0,"event_name":"Beggar","floor":20,"gold_loss":75},{"damage_healed":0,"gold_gain":0,"player_choice":"Ignored","damage_taken":0,"max_hp_gain":0,"max_hp_loss":0,"event_name":"The Mausoleum","floor":27,"gold_loss":0},{"damage_healed":0,"gold_gain":0,"player_choice":"Ignored","damage_taken":0,"max_hp_gain":0,"max_hp_loss":0,"event_name":"Tomb of Lord Red Mask","floor":36,"gold_loss":0},{"damage_healed":0,"gold_gain":0,"player_choice":"Memory 1","damage_taken":0,"max_hp_gain":0,"max_hp_loss":0,"event_name":"SensoryStone","floor":39,"gold_loss":0}],"is_beta":false,"boss_relics":[{"not_picked":["Black Star","FrozenCore"],"picked":"Snecko Eye"},{"not_picked":["Velvet Choker","Lizard Tail"],"picked":"Nuclear Battery"}],"items_purged_floors":[13,38,53],"is_endless":false,"potions_floor_spawned":[1,4,10,12,18,33,40,47,48],"killed_by":"The Heart","ascension_level":1}