{"path_per_floor":["M","?","M","?","M","E","R","$","T","M","M","R","E","M","R","B",null,"M","?","?","M","$","R","E","M","T","M","R","$","?","?","R","B",null,"M","?","$","?","M","R","$","?","T","M","R","E","$","M","R","B"],"character_chosen":"DEFECT","items_purchased":["Pen Nib","Static Discharge","Apotheosis","Scrape"],"gold_per_floor":[117,192,211,211,229,286,286,132,157,167,184,184,209,226,226,328,328,340,340,320,331,100,100,135,151,151,171,171,171,171,86,86,190,190,207,207,132,132,145,145,145,145,145,160,160,191,10,21,21,21],"floor_reached":51,"campfire_rested":1,"playtime":4655,"current_hp_per_floor":[75,64,62,62,61,62,62,62,69,66,66,66,61,66,66,62,87,71,71,71,71,71,71,60,56,56,65,65,65,48,48,75,57,92,88,88,88,88,92,92,92,80,80,77,77,72,72,73,73,62],"items_purged":["Normality","Strike_B"],"gold":21,"score":703,"play_id":"da55e463-a9b3-4bee-9749-0456186af1ec","local_time":"20180515094345","is_prod":false,"is_daily":false,"chose_seed":false,"is_ascension_mode":false,"campfire_upgraded":8,"timestamp":1526402625,"path_taken":["M","?","?","?","M","E","R","$","T","M","?","R","E","M","R","BOSS","M","?","?","?","$","R","E","M","T","M","R","$","?","?","R","BOSS","M","?","?","?","?","R","$","?","T","M","R","E","$","M","R","BOSS"],"build_version":"2018-05-14v2","seed_source_timestamp":72189257552601,"purchased_purges":2,"victory":true,"master_deck":["Strike_B","Strike_B","Defend_B","Defend_B","Defend_B","Zap+1","Dualcast+1","Lockon","FTL","Steam","Go for the Eyes","Cold Snap","Beam Cell+1","Auto Shields","Melter","Chill+1","All For One+1","Streamline","Jack Of All Trades","Static Discharge+1","Apotheosis+1","Self Repair","Ball Lightning","Hologram+1","Blizzard+1","Static Discharge+1","Leap+1","Madness+1","Madness+1","Glacier+1","Axe Kick+1","Scrape+1","Sweeping Beam+1"],"max_hp_per_floor":[75,75,75,75,75,75,75,75,82,82,82,82,82,87,87,87,87,87,87,87,87,87,87,87,87,87,87,87,87,92,92,92,92,92,92,92,92,92,92,92,92,92,92,92,92,92,92,92,92,92],"relics":["Cracked Core","Tiny Chest","Pen Nib","Strawberry","Turnip","White Beast Statue","Bottled Tornado","Meat on the Bone","Letter Opener","Astrolabe","Centennial Puzzle","Molten Egg 2","Mummified Hand"],"card_choices":[{"not_picked":["Blizzard","Aggregate"],"picked":"Lockon","floor":0},{"not_picked":["Gash","Reprogram"],"picked":"FTL","floor":1},{"not_picked":["Leap","Blizzard"],"picked":"Steam","floor":3},{"not_picked":["Sweeping Beam","Gash"],"picked":"Go for the Eyes","floor":5},{"not_picked":["Leap","Sweeping Beam"],"picked":"Cold Snap","floor":6},{"not_picked":["Recycle","Consume"],"picked":"Beam Cell","floor":10},{"not_picked":["Skim","Rainbow"],"picked":"Auto Shields","floor":11},{"not_picked":["Coolheaded","Capacitor"],"picked":"Melter","floor":13},{"not_picked":["Heatsinks","Go for the Eyes"],"picked":"Chill","floor":14},{"not_picked":["Creative AI","Buffer"],"picked":"All For One","floor":16},{"not_picked":["Stack","Rip and Tear"],"picked":"Streamline","floor":18},{"not_picked":["Sweeping Beam","Coolheaded","Stack+1"],"picked":"SKIP","floor":21},{"not_picked":["Blizzard","Chaos","Sweeping Beam"],"picked":"SKIP","floor":24},{"not_picked":["Steam","Coolheaded"],"picked":"Self Repair","floor":25},{"not_picked":["Barrage+1","Hologram+1"],"picked":"Ball Lightning","floor":27},{"not_picked":["Go for the Eyes+1","Stack+1","Barrage"],"picked":"SKIP","floor":35},{"not_picked":["Cold Snap","Barrage"],"picked":"Leap+1","floor":39},{"not_picked":["Capacitor+1","Melter+1"],"picked":"Glacier+1","floor":44},{"not_picked":["Barrage+1","Streamline+1"],"picked":"Axe Kick+1","floor":46},{"not_picked":["Stack","Streamline+1"],"picked":"Sweeping Beam+1","floor":48}],"player_experience":500862,"potions_floor_usage":[6,6,14,24,24,24,27,33,39,46,46,46,46,48,48,50,50],"damage_taken":[{"damage":0,"enemies":"2 Louse","floor":1,"turns":2},{"damage":2,"enemies":"Small Slimes","floor":3,"turns":3},{"damage":1,"enemies":"Cultist","floor":5,"turns":3},{"damage":14,"enemies":"3 Sentries","floor":6,"turns":6},{"damage":3,"enemies":"Gremlin Gang","floor":10,"turns":4},{"damage":0,"enemies":"Looter","floor":11,"turns":2},{"damage":5,"enemies":"Lagavulin","floor":13,"turns":4},{"damage":0,"enemies":"Lots of Slimes","floor":14,"turns":3},{"damage":4,"enemies":"Slime Boss","floor":16,"turns":10},{"damage":16,"enemies":"2 Thieves","floor":18,"turns":4},{"damage":0,"enemies":"Spheric Guardian","floor":21,"turns":3},{"damage":11,"enemies":"Book of Stabbing","floor":24,"turns":4},{"damage":4,"enemies":"3 Cultists","floor":25,"turns":5},{"damage":1,"enemies":"Chosen and Byrds","floor":27,"turns":6},{"damage":28,"enemies":"Collector","floor":33,"turns":10},{"damage":14,"enemies":"Orb Walker","floor":35,"turns":3},{"damage":0,"enemies":"Flame Bruiser 1 Orb","floor":39,"turns":5},{"damage":7,"enemies":"4 Shapes","floor":44,"turns":3},{"damage":45,"enemies":"Nemesis","floor":46,"turns":5},{"damage":9,"enemies":"Spire Growth","floor":48,"turns":4},{"damage":30,"enemies":"Awakened One","floor":50,"turns":10}],"relics_obtained":[{"floor":6,"key":"Tiny Chest"},{"floor":9,"key":"Strawberry"},{"floor":13,"key":"Turnip"},{"floor":24,"key":"Bottled Tornado"},{"floor":26,"key":"Meat on the Bone"},{"floor":43,"key":"Molten Egg 2"},{"floor":46,"key":"Mummified Hand"}],"event_choices":[{"event_name":"World of Goop","player_choice":"Gather Gold","floor":2,"damage_taken":0},{"event_name":"Upgrade Shrine","player_choice":"Upgraded","floor":4,"damage_taken":0},{"event_name":"Match and Keep!","player_choice":"2 cards matched","floor":19,"damage_taken":0},{"event_name":"The Woman in Blue","player_choice":"Bought 1 Potion","floor":20,"damage_taken":0},{"event_name":"Forgotten Altar","player_choice":"Shed Blood","floor":30,"damage_taken":0},{"event_name":"Addict","player_choice":"Obtained Relic","floor":31,"damage_taken":0},{"event_name":"Accursed Blacksmith","player_choice":"Rummage","floor":36,"damage_taken":0},{"event_name":"Mysterious Sphere","player_choice":"Ignore","floor":38,"damage_taken":0},{"event_name":"Winding Halls","player_choice":"Embrace Madness","floor":42,"damage_taken":0}],"boss_relics":[{"not_picked":["Ectoplasm","Eternal Feather"],"picked":"White Beast Statue"},{"not_picked":["Orrery","Snecko Eye"],"picked":"Astrolabe"}],"potions_floor_spawned":[1,3,13,18,21,24,25,27,33,35,39,44,46,48],"seed_played":"448963340520160181","ascension_level":0,"potions_obtained":[{"floor":1,"key":"Regen Potion"},{"floor":3,"key":"FearPotion"},{"floor":13,"key":"Fruit Juice"},{"floor":18,"key":"Weak Potion"},{"floor":20,"key":"Poison Potion"},{"floor":21,"key":"Swift Potion"},{"floor":24,"key":"Block Potion"},{"floor":25,"key":"LiquidBronze"},{"floor":27,"key":"Fire Potion"},{"floor":33,"key":"PowerPotion"},{"floor":35,"key":"Regen Potion"},{"floor":39,"key":"Fire Potion"},{"floor":44,"key":"EntropicBrew"},{"floor":46,"key":"FearPotion"},{"floor":48,"key":"Dexterity Potion"}],"is_trial":false}