{"gold_per_floor":[111,37,37,37,56,86,86,119,119,137,147,147,167,186,186,186],"floor_reached":16,"playtime":911,"items_purged":[],"score":274,"play_id":"c5ee2794-3664-4253-9be5-74fc567be779","local_time":"20190725132347","is_ascension_mode":true,"campfire_choices":[{"data":"Neutralize","floor":7,"key":"SMITH"},{"floor":12,"key":"REST"},{"data":"Calculated Gamble","floor":15,"key":"SMITH"}],"neow_cost":"NONE","seed_source_timestamp":9947128698942502,"circlet_count":0,"master_deck":["AscendersBane","Strike_G","Strike_G","Strike_G","Strike_G","Strike_G","Defend_G","Defend_G","Defend_G","Defend_G","Defend_G","Survivor","Neutralize+1","Calculated Gamble+1","Well Laid Plans","Backflip","Quick Slash","Skewer","Cloak And Dagger","Poisoned Stab","Heel Hook","Reflex"],"relics":["Ring of the Snake","NeowsBlessing","Shuriken","Bag of Preparation","Blue Candle"],"potions_floor_usage":[8,11,13,16],"damage_taken":[{"damage":0,"enemies":"Small Slimes","floor":1,"turns":1},{"damage":0,"enemies":"Cultist","floor":5,"turns":1},{"damage":0,"enemies":"Lagavulin","floor":6,"turns":1},{"damage":32,"enemies":"3 Sentries","floor":8,"turns":7},{"damage":0,"enemies":"Jaw Worm","floor":10,"turns":3},{"damage":4,"enemies":"Blue Slaver","floor":11,"turns":4},{"damage":0,"enemies":"Gremlin Gang","floor":13,"turns":3},{"damage":0,"enemies":"3 Louse","floor":14,"turns":4},{"damage":35,"enemies":"Hexaghost","floor":16,"turns":9}],"seed_played":"3316887680452659255","potions_obtained":[{"floor":6,"key":"Strength Potion"},{"floor":8,"key":"Weak Potion"},{"floor":10,"key":"Fire Potion"},{"floor":13,"key":"Strength Potion"}],"is_trial":false,"path_per_floor":["M","$","?","$","M","E","R","E","T","M","M","R","M","M","R","B"],"character_chosen":"THE_SILENT","items_purchased":["Well Laid Plans"],"campfire_rested":1,"item_purchase_floors":[2],"current_hp_per_floor":[59,59,50,50,50,50,50,18,18,18,14,33,33,33,33,0],"gold":186,"neow_bonus":"THREE_ENEMY_KILL","is_prod":false,"is_daily":false,"chose_seed":false,"campfire_upgraded":2,"win_rate":0,"timestamp":1564039427,"path_taken":["M","$","?","?","M","E","R","E","T","M","M","R","M","M","R","BOSS"],"build_version":"2019-07-17","purchased_purges":0,"victory":false,"max_hp_per_floor":[66,66,66,66,66,66,66,66,66,66,66,66,66,66,66,66],"card_choices":[{"not_picked":["Sucker Punch","Distraction"],"picked":"Calculated Gamble","floor":1},{"not_picked":["Deflect","Blade Dance"],"picked":"Backflip","floor":5},{"not_picked":["Slice","Venomology"],"picked":"Quick Slash","floor":6},{"not_picked":["Dagger Throw","PiercingWail"],"picked":"Skewer","floor":8},{"not_picked":["PiercingWail","Flechettes"],"picked":"Cloak And Dagger","floor":10},{"not_picked":["Bane","Flying Knee"],"picked":"Poisoned Stab","floor":11},{"not_picked":["Well Laid Plans","Terror"],"picked":"Heel Hook","floor":13},{"not_picked":["Dagger Spray","Bane"],"picked":"Reflex","floor":14}],"player_experience":1587523,"relics_obtained":[{"floor":6,"key":"Shuriken"},{"floor":8,"key":"Bag of Preparation"},{"floor":9,"key":"Blue Candle"}],"event_choices":[{"damage_healed":0,"gold_gain":0,"player_choice":"Damaged","damage_taken":9,"max_hp_gain":0,"max_hp_loss":0,"event_name":"Wheel of Change","floor":3,"gold_loss":0}],"is_beta":false,"boss_relics":[],"items_purged_floors":[],"is_endless":false,"potions_floor_spawned":[6,8,10,13],"killed_by":"Hexaghost","ascension_level":20}