{"path_per_floor":["M","M","$","M","M","R","E","?","T","R","M","T","M","M","R","B",null,"M","?","$","M","M","E","?","R","T","M","R","?","M","M","R","B",null,"M","M","M","M","?","R","$","R","T","$","M","M"],"character_chosen":"IRONCLAD","items_purchased":["Flex","Rupture","Ghostly Armor","Enlightenment","Iron Wave","Bottled Tornado","Shrug It Off","Inflame"],"gold_per_floor":[114,129,7,22,37,37,67,142,192,192,207,207,222,237,237,337,337,352,352,284,299,314,344,344,344,419,434,434,434,449,464,464,564,564,579,594,609,624,640,640,23,23,23,23,38,53,53],"floor_reached":47,"campfire_rested":2,"playtime":5451,"current_hp_per_floor":[83,71,71,73,73,73,61,50,50,74,65,75,76,85,85,98,102,97,97,97,103,108,90,90,90,90,95,95,95,65,75,109,81,114,111,117,100,92,93,93,93,93,93,93,93,84,0],"items_purged":[],"gold":53,"score":612,"play_id":"9cfa51a4-8816-42ce-9c41-7a260deb00cf","local_time":"20180404190229","daily_mods":["Shiny","Uncertain Future","Hoarder"],"is_prod":false,"is_daily":true,"is_ascension_mode":false,"campfire_upgraded":6,"timestamp":1522893749,"path_taken":["M","M","$","M","M","R","E","?","T","R","M","?","?","M","R","BOSS","M","?","$","M","M","E","?","R","T","M","R","?","M","M","R","BOSS","M","?","M","M","?","R","$","R","T","?","M","M","E"],"build_version":"2018-04-03","purchased_purges":0,"victory":false,"master_deck":["Double Tap","Double Tap","Double Tap","Demon Form","Demon Form","Demon Form","Berserk","Berserk","Berserk","Bludgeon","Bludgeon","Bludgeon","Impervious","Impervious","Impervious","Feed","Feed","Feed","Juggernaut","Juggernaut","Juggernaut","Brutality+1","Brutality","Brutality","Limit Break+1","Limit Break+1","Limit Break+1","Reaper","Reaper","Reaper","Exhume","Exhume","Exhume","Barricade","Barricade","Offering","Offering","Offering","Fiend Fire","Fiend Fire","Fiend Fire","Dark Embrace","Dark Embrace","Dark Embrace","Immolate","Immolate","Blood for Blood","Blood for Blood","Blood for Blood","Flex","Flex","Flex","Rupture","Rupture","Rupture","Seeing Red","Seeing Red","Seeing Red","True Grit","True Grit","True Grit","Iron Wave","Iron Wave","Iron Wave","Shrug It Off","Shrug It Off","Shrug It Off","Inflame","Inflame","Inflame","Offering","Offering","Offering","Anger","Anger","Anger","Heavy Blade","Heavy Blade","Heavy Blade","Thunderclap","Thunderclap","Thunderclap","Exhume+1","Exhume+1","Exhume","Ghostly Armor","Ghostly Armor","Ghostly Armor","Shrug It Off+1","Shrug It Off+1","Shrug It Off+1","True Grit","True Grit","True Grit","Thunderclap+1","Thunderclap+1","Thunderclap+1","Inflame","Inflame","Inflame","Ghostly Armor","Ghostly Armor","Ghostly Armor","Flame Barrier","Flame Barrier","Flame Barrier","Metallicize","Metallicize","Metallicize","Metallicize+1","Metallicize+1","Metallicize+1","Feel No Pain+1","Feel No Pain+1","Feel No Pain+1","Armaments+1","Armaments+1","Armaments+1","Inflame+1","Inflame+1","Inflame+1","Enlightenment","Enlightenment","Enlightenment","Iron Wave","Iron Wave","Iron Wave","Shrug It Off","Shrug It Off","Shrug It Off","Inflame","Inflame","Inflame"],"max_hp_per_floor":[83,83,83,83,83,83,83,83,83,83,83,93,96,102,102,102,102,105,105,105,108,108,108,108,108,108,111,111,111,114,114,114,114,114,117,117,120,120,123,123,123,123,123,123,123,126,126],"relics":["Black Blood","Blood Vial","Prayer Wheel","Pear","Orrery","Centennial Puzzle","Meat on the Bone","Magic Flower","Bottled Tornado","Ornamental Fan"],"card_choices":[{"not_picked":["Anger","Body Slam"],"picked":"Blood for Blood","floor":2},{"not_picked":["Twin Strike","Whirlwind"],"picked":"Seeing Red","floor":5},{"not_picked":["Spot Weakness","Blood for Blood"],"picked":"True Grit","floor":7},{"not_picked":["Rampage","Cleave"],"picked":"Iron Wave","floor":12},{"not_picked":["Brutality","Shockwave"],"picked":"Shrug It Off","floor":13},{"not_picked":["Clash","Dropkick"],"picked":"Inflame","floor":14},{"not_picked":["Double Tap","Bludgeon"],"picked":"Offering","floor":16},{"not_picked":["Carnage","Infernal Blade"],"picked":"Anger","floor":17},{"not_picked":["Dual Wield","Havoc"],"picked":"Heavy Blade","floor":17},{"not_picked":["Havoc","Perfected Strike"],"picked":"Thunderclap","floor":17},{"not_picked":["Body Slam","Havoc"],"picked":"Shrug It Off","floor":21},{"not_picked":["Corruption","Offering"],"picked":"True Grit","floor":22},{"not_picked":["Perfected Strike","Infernal Blade"],"picked":"Thunderclap","floor":23},{"not_picked":["Flame Barrier","Anger"],"picked":"Inflame","floor":26},{"not_picked":["Heavy Blade","Clothesline"],"picked":"Ghostly Armor","floor":27},{"not_picked":["Cleave","Havoc"],"picked":"Flame Barrier","floor":30},{"not_picked":["Inflame","Perfected Strike"],"picked":"Metallicize","floor":31},{"not_picked":["Burning Pact","Dropkick"],"picked":"Metallicize","floor":35},{"not_picked":["Clothesline","Carnage"],"picked":"Feel No Pain","floor":36},{"not_picked":["Dropkick","Dual Wield"],"picked":"Armaments","floor":37},{"not_picked":["Wild Strike","Clash"],"picked":"Inflame","floor":38}],"player_experience":415738,"potions_floor_usage":[11,13,16,22,31,37,39],"damage_taken":[{"damage":8,"enemies":"Small Slimes","floor":1,"turns":1},{"damage":21,"enemies":"Jaw Worm","floor":2,"turns":3},{"damage":12,"enemies":"Cultist","floor":4,"turns":3},{"damage":6,"enemies":"2 Fungi Beasts","floor":5,"turns":3},{"damage":18,"enemies":"Gremlin Nob","floor":7,"turns":3},{"damage":17,"enemies":"Red Slaver","floor":11,"turns":4},{"damage":30,"enemies":"Looter","floor":13,"turns":3},{"damage":5,"enemies":"Exordium Wildlife","floor":14,"turns":2},{"damage":24,"enemies":"Slime Boss","floor":16,"turns":5},{"damage":14,"enemies":"3 Byrds","floor":18,"turns":5},{"damage":5,"enemies":"Spheric Guardian","floor":21,"turns":4},{"damage":14,"enemies":"Centurion and Healer","floor":22,"turns":6},{"damage":24,"enemies":"Book of Stabbing","floor":23,"turns":4},{"damage":21,"enemies":"Chosen and Byrds","floor":27,"turns":4},{"damage":41,"enemies":"Sentry and Sphere","floor":30,"turns":6},{"damage":16,"enemies":"Centurion and Healer","floor":31,"turns":3},{"damage":36,"enemies":"Automaton","floor":33,"turns":5},{"damage":26,"enemies":"Orb Walker","floor":35,"turns":4},{"damage":51,"enemies":"3 Shapes","floor":36,"turns":2},{"damage":42,"enemies":"Spire Growth","floor":37,"turns":4},{"damage":20,"enemies":"Maw","floor":38,"turns":5},{"damage":35,"enemies":"Mysterious Sphere","floor":39,"turns":3},{"damage":18,"enemies":"3 Darklings","floor":45,"turns":5},{"damage":65,"enemies":"Spire Growth","floor":46,"turns":7},{"damage":96,"enemies":"Nemesis","floor":47,"turns":4}],"event_choices":[{"event_name":"World of Goop","player_choice":"Gather Gold","floor":8,"damage_taken":0},{"event_name":"Transmorgrifier","player_choice":"Transform","floor":19,"damage_taken":0},{"event_name":"Back to Basics","player_choice":"Elegance","floor":24,"damage_taken":0},{"event_name":"The Mausoleum","player_choice":"No","floor":29,"damage_taken":0},{"event_name":"Mysterious Sphere","player_choice":"Fight","floor":39,"damage_taken":0}],"boss_relics":[{"not_picked":["Pandora\u0027s Box","Black Star"],"picked":"Orrery"},{"not_picked":["Velvet Choker","Calling Bell"],"picked":"Black Blood"}],"potions_floor_spawned":[2,5,11,21,22,23,37,39,46],"seed_played":"8108366420616761063","killed_by":"Nemesis","ascension_level":0,"is_trial":false}