{"gold_per_floor":[114,129,204,219,234,234,264,264,289,304,319,334,349,379,379,479,479,494,494,94,109,124,154,154,67,142,142,172,187,187,202,202,302,302,317,17,17,32,47,77,77,77,102,127,127,142,157,172,172,172],"floor_reached":50,"playtime":1790,"items_purged":["Strike_G","Dodge and Roll"],"score":628,"play_id":"a5ad5053-88a2-49f4-9eda-a18f9afb2d5d","local_time":"20190331221126","daily_mods":["Specialized","Time Dilation","Lethality"],"is_ascension_mode":false,"campfire_choices":[{"data":"Storm of Steel","floor":6,"key":"SMITH"},{"data":"Storm of Steel","floor":8,"key":"SMITH"},{"data":"After Image","floor":15,"key":"SMITH"},{"floor":24,"key":"REST"},{"data":"Storm of Steel","floor":30,"key":"SMITH"},{"data":"Well Laid Plans","floor":32,"key":"SMITH"},{"floor":42,"key":"REST"},{"floor":45,"key":"REST"},{"floor":49,"key":"REST"}],"neow_cost":"","seed_source_timestamp":0,"circlet_count":0,"master_deck":["Defend_G","Defend_G","Defend_G","Defend_G","Strike_G","Strike_G","Survivor","Neutralize","Storm of Steel+1","Storm of Steel","Storm of Steel+1","Storm of Steel+1","Storm of Steel","Prepared","After Image+1","Well Laid Plans+1","Die Die Die","Dodge and Roll+1","Backstab","Dagger Spray+1","Accuracy","Setup","Envenom","Violence","Terror+1"],"special_seed":17987,"relics":["Ring of the Snake","Bag of Marbles","Vajra","Smiling Mask","Empty Cage","Kunai","Pen Nib","Blood Vial","Molten Egg 2","Thread and Needle","Fusion Hammer","Lee\u0027s Waffle","Bottled Flame","Potion Belt","Strawberry"],"potions_floor_usage":[7,16,23,28,33,33,38,40,50],"damage_taken":[{"damage":0,"enemies":"Small Slimes","floor":1,"turns":1},{"damage":0,"enemies":"2 Louse","floor":2,"turns":1},{"damage":2,"enemies":"Jaw Worm","floor":4,"turns":2},{"damage":0,"enemies":"Blue Slaver","floor":5,"turns":1},{"damage":0,"enemies":"Gremlin Nob","floor":7,"turns":1},{"damage":0,"enemies":"Red Slaver","floor":10,"turns":1},{"damage":0,"enemies":"Exordium Thugs","floor":11,"turns":1},{"damage":0,"enemies":"2 Fungi Beasts","floor":12,"turns":1},{"damage":0,"enemies":"Red Slaver","floor":13,"turns":1},{"damage":7,"enemies":"3 Sentries","floor":14,"turns":3},{"damage":49,"enemies":"Hexaghost","floor":16,"turns":6},{"damage":3,"enemies":"Shell Parasite","floor":18,"turns":2},{"damage":7,"enemies":"Spheric Guardian","floor":21,"turns":3},{"damage":0,"enemies":"Cultist and Chosen","floor":22,"turns":1},{"damage":28,"enemies":"Book of Stabbing","floor":23,"turns":3},{"damage":0,"enemies":"Slavers","floor":28,"turns":1},{"damage":11,"enemies":"Centurion and Healer","floor":29,"turns":2},{"damage":0,"enemies":"Snake Plant","floor":31,"turns":2},{"damage":41,"enemies":"Automaton","floor":33,"turns":7},{"damage":18,"enemies":"Orb Walker","floor":35,"turns":3},{"damage":11,"enemies":"3 Darklings","floor":38,"turns":4},{"damage":15,"enemies":"4 Shapes","floor":39,"turns":1},{"damage":0,"enemies":"Nemesis","floor":40,"turns":1},{"damage":4,"enemies":"Maw","floor":46,"turns":4},{"damage":0,"enemies":"Sphere and 2 Shapes","floor":47,"turns":2},{"damage":9,"enemies":"4 Shapes","floor":48,"turns":1},{"damage":91,"enemies":"Donu and Deca","floor":50,"turns":8}],"seed_played":"944917058842759055","potions_obtained":[{"floor":1,"key":"AttackPotion"},{"floor":2,"key":"Strength Potion"},{"floor":10,"key":"Poison Potion"},{"floor":12,"key":"GhostInAJar"},{"floor":16,"key":"SteroidPotion"},{"floor":21,"key":"PowerPotion"},{"floor":23,"key":"FearPotion"},{"floor":28,"key":"LiquidBronze"},{"floor":39,"key":"SkillPotion"}],"is_trial":false,"path_per_floor":["M","M","?","M","M","R","E","R","T","M","M","M","M","E","R","B",null,"M","?","$","M","M","E","R","$","T","?","E","M","R","M","R","B",null,"M","$","?","M","M","E","?","R","T","T","R","M","M","M","R","B"],"character_chosen":"THE_SILENT","items_purchased":["Kunai","Pen Nib","Accuracy","Lee\u0027s Waffle","AttackPotion"],"campfire_rested":4,"item_purchase_floors":[20,20,25,36,36],"current_hp_per_floor":[70,70,59,57,57,57,57,57,57,57,57,57,57,50,50,1,70,67,67,67,60,60,32,53,53,53,70,70,59,59,61,61,22,70,52,77,77,66,53,55,55,77,77,84,84,80,82,75,84,0],"gold":172,"neow_bonus":"","is_prod":false,"is_daily":true,"chose_seed":false,"campfire_upgraded":5,"win_rate":0,"timestamp":1554084686,"path_taken":["M","M","?","M","M","R","E","R","T","M","M","M","M","E","R","BOSS","M","?","$","M","M","E","R","$","T","?","E","M","R","M","R","BOSS","M","$","?","M","M","E","?","R","T","?","R","?","M","M","R","BOSS"],"build_version":"2019-01-23","purchased_purges":2,"victory":false,"max_hp_per_floor":[70,70,70,70,70,70,70,70,70,70,70,70,70,70,70,70,70,70,70,70,70,70,70,70,70,70,70,70,70,70,70,70,70,70,70,77,77,77,77,77,77,77,77,84,84,84,84,84,84,84],"card_choices":[{"not_picked":["Crippling Poison","Dodge and Roll","Distraction"],"picked":"SKIP","floor":1},{"not_picked":["Dagger Throw","Dash","Flechettes"],"picked":"SKIP","floor":2},{"not_picked":["PiercingWail","Catalyst"],"picked":"Prepared","floor":4},{"not_picked":["Prepared","Deflect","Flechettes"],"picked":"SKIP","floor":5},{"not_picked":["Slice","Underhanded Strike"],"picked":"After Image","floor":7},{"not_picked":["Dagger Spray","Dash"],"picked":"Well Laid Plans","floor":10},{"not_picked":["Terror","Sucker Punch","Quick Slash"],"picked":"SKIP","floor":11},{"not_picked":["Burst","Acrobatics","PiercingWail"],"picked":"SKIP","floor":12},{"not_picked":["Cloak And Dagger","Dagger Spray","Slice"],"picked":"SKIP","floor":13},{"not_picked":["Quick Slash","Flechettes","Burst"],"picked":"SKIP","floor":14},{"not_picked":["Grand Finale","Malaise"],"picked":"Die Die Die","floor":16},{"not_picked":["Backflip","Reflex"],"picked":"Dodge and Roll+1","floor":18},{"not_picked":["Dagger Throw","Tactician","Backflip"],"picked":"SKIP","floor":21},{"not_picked":["Acrobatics","Dagger Throw"],"picked":"Backstab","floor":22},{"not_picked":["Prepared+1","Flying Knee+1"],"picked":"Dagger Spray+1","floor":23},{"not_picked":["Bane+1","Backflip"],"picked":"Setup","floor":28},{"not_picked":["Deflect","Heel Hook+1","Deadly Poison"],"picked":"SKIP","floor":29},{"not_picked":["Outmaneuver","Backflip"],"picked":"Dodge and Roll","floor":31},{"not_picked":["Glass Knife+1","Phantasmal Killer"],"picked":"Envenom","floor":33},{"not_picked":["Prepared","Dagger Spray+1","Accuracy+1"],"picked":"SKIP","floor":35},{"not_picked":["Bouncing Flask+1","Expertise","Cloak And Dagger+1"],"picked":"SKIP","floor":38},{"not_picked":["Bane+1","Flying Knee+1","Poisoned Stab+1"],"picked":"SKIP","floor":39},{"not_picked":["Caltrops","Prepared+1","Footwork"],"picked":"SKIP","floor":40},{"not_picked":["Discovery","Impatience"],"picked":"Violence","floor":41},{"not_picked":["Expertise+1","Sucker Punch+1","Acrobatics+1"],"picked":"SKIP","floor":46},{"not_picked":["Dagger Throw+1","Prepared"],"picked":"Terror+1","floor":47},{"not_picked":["Quick Slash+1","Flechettes+1","Sucker Punch+1"],"picked":"SKIP","floor":48}],"player_experience":109067,"relics_obtained":[{"floor":7,"key":"Bag of Marbles"},{"floor":9,"key":"Vajra"},{"floor":14,"key":"Smiling Mask"},{"floor":23,"key":"Blood Vial"},{"floor":26,"key":"Molten Egg 2"},{"floor":28,"key":"Thread and Needle"},{"floor":40,"key":"Bottled Flame"},{"floor":43,"key":"Potion Belt"},{"floor":44,"key":"Strawberry"}],"event_choices":[{"damage_healed":0,"gold_gain":75,"player_choice":"Gather Gold","damage_taken":11,"max_hp_gain":0,"max_hp_loss":0,"event_name":"World of Goop","floor":3,"gold_loss":0},{"damage_healed":0,"gold_gain":0,"player_choice":"Ignored","damage_taken":0,"max_hp_gain":0,"max_hp_loss":0,"event_name":"Vampires","floor":19,"gold_loss":0},{"damage_healed":23,"gold_gain":0,"player_choice":"Heal","damage_taken":0,"max_hp_gain":0,"max_hp_loss":0,"event_name":"The Library","floor":27,"gold_loss":0},{"cards_removed":["Strike_G"],"damage_healed":0,"gold_gain":0,"player_choice":"Removed Attack","damage_taken":0,"max_hp_gain":0,"max_hp_loss":0,"event_name":"Falling","floor":37,"gold_loss":0},{"damage_healed":0,"gold_gain":0,"player_choice":"Memory 1","damage_taken":0,"max_hp_gain":0,"max_hp_loss":0,"event_name":"SensoryStone","floor":41,"gold_loss":0}],"is_beta":false,"boss_relics":[{"not_picked":["Orrery","Ring of the Serpent"],"picked":"Empty Cage"},{"not_picked":["Runic Dome","Sozu"],"picked":"Fusion Hammer"}],"items_purged_floors":[25,36],"is_endless":false,"potions_floor_spawned":[1,2,10,12,13,16,18,21,23,28,39],"killed_by":"Donu and Deca","ascension_level":0}