{"gold_per_floor":[111,36,36,36,46,46,61,95,121,155,168,185,185,196,196,268,268,282,295,295],"floor_reached":20,"playtime":4930,"items_purged":[],"score":372,"play_id":"7de25a78-8445-4697-ba28-10d2c3ccc001","local_time":"20190930190220","is_ascension_mode":true,"campfire_choices":[{"data":"Bash","floor":6,"key":"SMITH"},{"floor":15,"key":"REST"}],"neow_cost":"NONE","seed_source_timestamp":1186414060652800,"circlet_count":0,"master_deck":["AscendersBane","Strike_R","Strike_R","Strike_R","Strike_R","Defend_R","Defend_R","Defend_R","Defend_R","Bash+1","Anger+1","Feel No Pain","Demon Form","Sword Boomerang","Disarm","Offering","Battle Trance+1"],"relics":["Burning Blood","NeowsBlessing","Red Skull","Art of War","Letter Opener","Boot","Cursed Key"],"potions_floor_usage":[10,12,18,19,20,20],"damage_taken":[{"damage":0,"enemies":"2 Louse","floor":1,"turns":1},{"damage":0,"enemies":"Small Slimes","floor":5,"turns":1},{"damage":0,"enemies":"Jaw Worm","floor":7,"turns":1},{"damage":18,"enemies":"3 Sentries","floor":8,"turns":12},{"damage":5,"enemies":"Lagavulin","floor":10,"turns":5},{"damage":47,"enemies":"Exordium Thugs","floor":11,"turns":6},{"damage":7,"enemies":"2 Fungi Beasts","floor":12,"turns":3},{"damage":13,"enemies":"Blue Slaver","floor":14,"turns":3},{"damage":15,"enemies":"The Guardian","floor":16,"turns":9},{"damage":23,"enemies":"3 Byrds","floor":18,"turns":5},{"damage":24,"enemies":"Spheric Guardian","floor":19,"turns":4},{"damage":29,"enemies":"Masked Bandits","floor":20,"turns":2}],"seed_played":"2461224991580619742","potions_obtained":[{"floor":1,"key":"GamblersBrew"},{"floor":5,"key":"FearPotion"},{"floor":10,"key":"GamblersBrew"},{"floor":11,"key":"BloodPotion"},{"floor":16,"key":"FearPotion"},{"floor":18,"key":"Strength Potion"},{"floor":19,"key":"Ancient Potion"}],"is_trial":false,"path_per_floor":["M","?","?","?","M","R","M","E","T","E","M","M","?","M","R","B",null,"M","M","?"],"character_chosen":"IRONCLAD","items_purchased":[],"campfire_rested":1,"item_purchase_floors":[],"current_hp_per_floor":[74,74,74,74,75,75,75,63,63,64,23,37,19,12,34,25,63,46,28,0],"gold":295,"neow_bonus":"THREE_ENEMY_KILL","is_prod":false,"is_daily":false,"chose_seed":false,"campfire_upgraded":1,"win_rate":0,"timestamp":1569895340,"path_taken":["M","?","?","?","?","R","M","E","T","E","M","M","?","M","R","BOSS","M","M","?"],"build_version":"2019-09-27","purchased_purges":0,"victory":false,"max_hp_per_floor":[75,75,75,75,75,75,75,75,75,75,75,75,75,75,75,75,75,75,75,75],"card_choices":[{"not_picked":["Whirlwind","Shockwave"],"picked":"Anger","floor":1},{"not_picked":["Headbutt","Cleave"],"picked":"Feel No Pain","floor":5},{"not_picked":["Iron Wave","Sword Boomerang","Sever Soul"],"picked":"SKIP","floor":7},{"not_picked":["Iron Wave","Sword Boomerang","Sever Soul"],"picked":"SKIP","floor":7},{"not_picked":["Metallicize","Shrug It Off"],"picked":"Demon Form","floor":8},{"not_picked":["Body Slam","Cleave","Clash"],"picked":"SKIP","floor":10},{"not_picked":["Twin Strike","Pommel Strike"],"picked":"Sword Boomerang","floor":11},{"not_picked":["Sentinel","Thunderclap","Carnage"],"picked":"SKIP","floor":12},{"not_picked":["Warcry","Second Wind"],"picked":"Disarm","floor":14},{"not_picked":["Brutality","Fiend Fire"],"picked":"Offering","floor":16},{"not_picked":["Dual Wield","Warcry","Twin Strike"],"picked":"SKIP","floor":18},{"not_picked":["Pommel Strike","Twin Strike+1"],"picked":"Battle Trance+1","floor":19}],"player_experience":1153403,"relics_obtained":[{"floor":8,"key":"Red Skull"},{"floor":9,"key":"Art of War"},{"floor":10,"key":"Letter Opener"}],"event_choices":[{"cards_removed":["Strike_R"],"damage_healed":0,"gold_gain":0,"player_choice":"Card Removal","damage_taken":0,"max_hp_gain":0,"max_hp_loss":0,"event_name":"The Cleric","floor":2,"gold_loss":75},{"damage_healed":0,"gold_gain":0,"player_choice":"Ignored","damage_taken":0,"max_hp_gain":0,"max_hp_loss":0,"event_name":"Liars Game","floor":3,"gold_loss":0},{"damage_healed":0,"gold_gain":0,"player_choice":"Grow","damage_taken":0,"max_hp_gain":0,"max_hp_loss":0,"event_name":"Living Wall","floor":4,"gold_loss":0,"cards_upgraded":["Anger"]},{"damage_healed":0,"gold_gain":0,"player_choice":"Success","damage_taken":18,"relics_obtained":["Boot"],"max_hp_gain":0,"max_hp_loss":0,"event_name":"Scrap Ooze","floor":13,"gold_loss":0},{"damage_healed":0,"gold_gain":0,"player_choice":"Fought Bandits","damage_taken":0,"max_hp_gain":0,"max_hp_loss":0,"event_name":"Masked Bandits","floor":20,"gold_loss":0}],"is_beta":true,"boss_relics":[{"not_picked":["Black Blood","Calling Bell"],"picked":"Cursed Key"}],"items_purged_floors":[],"is_endless":false,"potions_floor_spawned":[1,5,10,11,16,18,19],"killed_by":"Masked Bandits","ascension_level":20}