{"gold_per_floor":[116,128,203,203,217,217,250,263,263,263,292,309,338,338,338,417,417,432,9,9,28,46,46,62,62,87,100,100,116,16,35,35,109,109,129,142,142,142,152,152,182,182,182,230,230,249,260,44,44,44,44],"floor_reached":52,"playtime":3206,"items_purged":["Strike_R","Strike_R"],"score":1838,"play_id":"2e92cafa-3f6e-4fa3-8300-ba939f35cfb0","local_time":"20191001110535","is_ascension_mode":true,"campfire_choices":[{"data":"Uppercut","floor":6,"key":"SMITH"},{"data":"Anger","floor":10,"key":"SMITH"},{"floor":15,"key":"REST"},{"data":"Panache","floor":23,"key":"SMITH"},{"data":"Burning Pact","floor":25,"key":"SMITH"},{"floor":32,"key":"REST"},{"floor":40,"key":"REST"},{"data":"Dark Embrace","floor":42,"key":"SMITH"},{"data":"Rage","floor":45,"key":"SMITH"},{"floor":49,"key":"REST"}],"neow_cost":"TEN_PERCENT_HP_LOSS","seed_source_timestamp":1245928313114800,"circlet_count":0,"master_deck":["AscendersBane","Defend_R","Defend_R","Defend_R","Bash","Anger+1","Uppercut+1","Shrug It Off","Reaper","Fiend Fire+1","Evolve+1","Panache+1","Battle Trance","Shrug It Off","Burning Pact+1","Shrug It Off","Impervious","Dark Embrace+1","Feel No Pain","Rage+1","Madness","Parasite","Burning Pact+1","Shrug It Off"],"relics":["Burning Blood","Kunai","Paper Frog","Boot","Odd Mushroom","Runic Pyramid","TheAbacus","Orichalcum","Cursed Key","Gremlin Horn","Mercury Hourglass","FossilizedHelix","DollysMirror"],"potions_floor_usage":[16,16,29,29,33,41,41,50,50],"damage_taken":[{"damage":2,"enemies":"Cultist","floor":1,"turns":4},{"damage":8,"enemies":"Small Slimes","floor":2,"turns":3},{"damage":9,"enemies":"Jaw Worm","floor":5,"turns":3},{"damage":24,"enemies":"Gremlin Nob","floor":7,"turns":4},{"damage":7,"enemies":"2 Fungi Beasts","floor":8,"turns":4},{"damage":17,"enemies":"Lagavulin","floor":11,"turns":7},{"damage":11,"enemies":"Red Slaver","floor":12,"turns":4},{"damage":27,"enemies":"The Mushroom Lair","floor":13,"turns":5},{"damage":26,"enemies":"Slime Boss","floor":16,"turns":7},{"damage":0,"enemies":"Chosen","floor":18,"turns":3},{"damage":14,"enemies":"3 Byrds","floor":21,"turns":5},{"damage":16,"enemies":"3 Cultists","floor":22,"turns":5},{"damage":19,"enemies":"Snake Plant","floor":24,"turns":3},{"damage":23,"enemies":"Shelled Parasite and Fungi","floor":27,"turns":4},{"damage":19,"enemies":"3 Cultists","floor":29,"turns":4},{"damage":11,"enemies":"Centurion and Healer","floor":31,"turns":6},{"damage":58,"enemies":"Automaton","floor":33,"turns":9},{"damage":3,"enemies":"Orb Walker","floor":35,"turns":3},{"damage":0,"enemies":"3 Shapes","floor":36,"turns":4},{"damage":23,"enemies":"Sphere and 2 Shapes","floor":39,"turns":4},{"damage":34,"enemies":"Reptomancer","floor":41,"turns":5},{"damage":13,"enemies":"2 Orb Walkers","floor":44,"turns":5},{"damage":20,"enemies":"4 Shapes","floor":46,"turns":4},{"damage":0,"enemies":"Maw","floor":47,"turns":5},{"damage":59,"enemies":"Time Eater","floor":50,"turns":12},{"damage":0,"enemies":"Donu and Deca","floor":51,"turns":12}],"seed_played":"6272971549415095777","potions_obtained":[{"floor":5,"key":"SmokeBomb"},{"floor":11,"key":"PowerPotion"},{"floor":12,"key":"Dexterity Potion"},{"floor":13,"key":"Regen Potion"},{"floor":18,"key":"SteroidPotion"},{"floor":22,"key":"SteroidPotion"},{"floor":27,"key":"LiquidBronze"},{"floor":31,"key":"Weak Potion"},{"floor":36,"key":"PowerPotion"},{"floor":39,"key":"EssenceOfSteel"},{"floor":41,"key":"Ancient Potion"},{"floor":46,"key":"Weak Potion"}],"is_trial":false,"path_per_floor":["M","M","?","?","M","R","E","M","T","R","E","M","?","?","R","B",null,"M","$","?","M","M","R","M","R","T","M","?","M","$","M","R","B",null,"M","M","?","?","M","R","E","R","T","?","R","M","M","$","R","B","B",null],"character_chosen":"IRONCLAD","items_purchased":["Panache","TheAbacus","DollysMirror","Shrug It Off"],"campfire_rested":4,"item_purchase_floors":[19,19,48,48],"current_hp_per_floor":[68,66,55,60,57,57,39,38,38,38,27,22,18,11,32,29,62,68,68,68,60,63,63,50,50,50,33,33,37,37,42,63,11,58,61,67,67,57,40,61,48,48,48,51,51,42,48,48,69,16,22],"gold":44,"neow_bonus":"REMOVE_TWO","is_prod":false,"is_daily":false,"chose_seed":false,"campfire_upgraded":6,"win_rate":0,"timestamp":1569953135,"path_taken":["M","?","?","?","M","R","E","M","T","R","E","M","?","?","R","BOSS","M","$","?","M","M","R","M","R","T","?","?","M","$","?","R","BOSS","M","M","?","?","M","R","E","R","T","?","R","M","M","?","R","BOSS","BOSS"],"build_version":"2019-09-27","purchased_purges":2,"victory":true,"max_hp_per_floor":[68,68,68,73,73,73,73,73,73,73,73,73,73,73,73,73,73,73,73,73,73,73,73,73,73,73,73,73,73,73,73,73,73,73,73,73,73,73,73,73,73,73,73,73,73,73,73,73,73,73,73],"card_choices":[{"not_picked":["Headbutt","Hemokinesis"],"picked":"Anger","floor":1},{"not_picked":["Cleave","Rampage"],"picked":"Uppercut","floor":2},{"not_picked":["Warcry","Body Slam","Havoc"],"picked":"SKIP","floor":5},{"not_picked":["Clothesline","Seeing Red"],"picked":"Shrug It Off","floor":7},{"not_picked":["Havoc","Cleave","Flex"],"picked":"SKIP","floor":8},{"not_picked":["Iron Wave","Sentinel"],"picked":"Reaper","floor":11},{"not_picked":["Hemokinesis","Headbutt","Twin Strike"],"picked":"SKIP","floor":12},{"not_picked":["Bludgeon","Barricade"],"picked":"Fiend Fire","floor":16},{"not_picked":["Warcry","Corruption"],"picked":"Evolve+1","floor":18},{"not_picked":["Flex","Dropkick"],"picked":"Battle Trance","floor":21},{"not_picked":["True Grit","Fire Breathing"],"picked":"Shrug It Off","floor":22},{"not_picked":["Cleave","Carnage+1"],"picked":"Burning Pact","floor":24},{"not_picked":["Wild Strike","Flex","Body Slam"],"picked":"SKIP","floor":27},{"not_picked":["Flex","Rupture"],"picked":"Shrug It Off","floor":29},{"not_picked":["Clothesline","Sword Boomerang+1"],"picked":"Impervious","floor":31},{"not_picked":["Exhume","Feed"],"picked":"Dark Embrace","floor":33},{"not_picked":["Inflame","Reckless Charge"],"picked":"Feel No Pain","floor":35},{"not_picked":["Flex","Combust"],"picked":"Rage","floor":36},{"not_picked":["Blind","Impatience"],"picked":"Madness","floor":38},{"not_picked":["Sword Boomerang","Clash","True Grit"],"picked":"SKIP","floor":39},{"not_picked":["Inflame","Infernal Blade","Flex+1"],"picked":"SKIP","floor":41},{"not_picked":["Searing Blow","Headbutt+1","Anger"],"picked":"SKIP","floor":46},{"not_picked":["Clash+1","Pummel","Warcry"],"picked":"SKIP","floor":47}],"player_experience":1175553,"relics_obtained":[{"floor":7,"key":"Kunai"},{"floor":9,"key":"Paper Frog"},{"floor":11,"key":"Boot"},{"floor":13,"key":"Odd Mushroom"},{"floor":26,"key":"Orichalcum"},{"floor":41,"key":"Gremlin Horn"},{"floor":43,"key":"Mercury Hourglass"},{"floor":44,"key":"FossilizedHelix"}],"event_choices":[{"damage_healed":0,"gold_gain":75,"player_choice":"Gather Gold","damage_taken":11,"max_hp_gain":0,"max_hp_loss":0,"event_name":"World of Goop","floor":3,"gold_loss":0},{"damage_healed":0,"gold_gain":0,"player_choice":"Donut","damage_taken":0,"max_hp_gain":5,"max_hp_loss":0,"event_name":"Big Fish","floor":4,"gold_loss":0},{"damage_healed":0,"gold_gain":0,"player_choice":"Fought Mushrooms","damage_taken":0,"max_hp_gain":0,"max_hp_loss":0,"event_name":"Mushrooms","floor":13,"gold_loss":0},{"cards_removed":["Strike_R"],"damage_healed":0,"gold_gain":0,"player_choice":"Card Removal","damage_taken":7,"max_hp_gain":0,"max_hp_loss":0,"event_name":"Golden Wing","floor":14,"gold_loss":0},{"damage_healed":0,"gold_gain":0,"player_choice":"Upgraded","damage_taken":0,"max_hp_gain":0,"max_hp_loss":0,"event_name":"Upgrade Shrine","floor":20,"gold_loss":0,"cards_upgraded":["Fiend Fire"]},{"damage_healed":0,"gold_gain":0,"player_choice":"0 cards matched","damage_taken":0,"max_hp_gain":0,"max_hp_loss":0,"event_name":"Match and Keep!","floor":28,"gold_loss":0,"cards_obtained":[]},{"cards_removed":["Strike_R"],"damage_healed":0,"gold_gain":0,"player_choice":"Removed Attack","damage_taken":0,"max_hp_gain":0,"max_hp_loss":0,"event_name":"Falling","floor":37,"gold_loss":0},{"damage_healed":0,"gold_gain":0,"player_choice":"Memory 3","damage_taken":10,"max_hp_gain":0,"max_hp_loss":0,"event_name":"SensoryStone","floor":38,"gold_loss":0},{"damage_healed":0,"gold_gain":0,"player_choice":"Fight","damage_taken":0,"max_hp_gain":0,"max_hp_loss":0,"event_name":"Mysterious Sphere","floor":44,"gold_loss":0}],"is_beta":true,"boss_relics":[{"not_picked":["Tiny House","Busted Crown"],"picked":"Runic Pyramid"},{"not_picked":["SlaversCollar","Astrolabe"],"picked":"Cursed Key"}],"items_purged_floors":[19,30],"is_endless":false,"potions_floor_spawned":[5,11,12,13,18,22,27,31,36,39,41,46],"ascension_level":20}