{"path_per_floor":["M","?","M","?","$","R","E","R","T","?","M","$","M","M","R","B"],"character_chosen":"DEFECT","items_purchased":["Anchor"],"gold_per_floor":[144,144,189,189,39,39,39,39,39,39,88,13,62,111,111,436,436],"floor_reached":17,"campfire_rested":2,"playtime":756,"current_hp_per_floor":[75,68,74,79,79,80,80,80,80,60,63,63,80,74,74,7,80],"items_purged":["Venomology"],"gold":436,"score":205,"play_id":"3c2415b9-e12b-4870-acf7-f7015ac18479","local_time":"20180508165312","daily_mods":["Brewmaster","Midas","Time Dilation"],"is_prod":false,"is_daily":true,"chose_seed":false,"is_ascension_mode":false,"campfire_upgraded":0,"timestamp":1525823592,"path_taken":["M","?","M","?","$","R","E","R","T","?","?","$","M","M","R","BOSS"],"build_version":"2018-05-07","seed_source_timestamp":0,"purchased_purges":1,"victory":false,"master_deck":["Strike_B","Strike_B","Strike_B","Strike_B","Defend_B","Defend_B","Defend_B","Defend_B","Zap","Dualcast","Venomology","Venomology","Venomology","Venomology","Axe Kick","Capacitor","Consume","Go for the Eyes","Reinforced Body","Reboot"],"max_hp_per_floor":[75,75,75,80,80,80,80,80,80,80,80,80,80,80,80,80,80],"relics":["Cracked Core","White Beast Statue","Toy Ornithopter","Anchor","Girya","Golden Idol","Sozu"],"card_choices":[{"not_picked":["Coolheaded","Cold Snap"],"picked":"Axe Kick","floor":1},{"not_picked":["Sweeping Beam","Impulse"],"picked":"Capacitor","floor":3},{"not_picked":["Cold Snap","Coolheaded"],"picked":"Consume","floor":11},{"not_picked":["Impulse","Leap"],"picked":"Go for the Eyes","floor":13},{"not_picked":["Thunder Strike","Glacier"],"picked":"Reinforced Body","floor":14},{"not_picked":["Amplify","Meteor Strike"],"picked":"Reboot","floor":16}],"player_experience":494551,"potions_floor_usage":[3,3,3,7,7,11,13,13,13,14,16,16,16,16,16],"damage_taken":[{"damage":0,"enemies":"2 Louse","floor":1,"turns":3},{"damage":1,"enemies":"Cultist","floor":3,"turns":3},{"damage":0,"enemies":"Gremlin Nob","floor":7,"turns":1},{"damage":0,"enemies":"Small Slimes","floor":11,"turns":1},{"damage":0,"enemies":"Looter","floor":13,"turns":3},{"damage":6,"enemies":"3 Louse","floor":14,"turns":3},{"damage":82,"enemies":"Hexaghost","floor":16,"turns":14}],"event_choices":[{"event_name":"Wheel of Change","player_choice":"Damage","floor":2,"damage_taken":0},{"event_name":"Big Fish","player_choice":"Donut","floor":4,"damage_taken":0},{"event_name":"Golden Idol","player_choice":"Take Damage","floor":10,"damage_taken":0}],"boss_relics":[{"not_picked":["Ectoplasm","Velvet Choker"],"picked":"Sozu"}],"potions_floor_spawned":[1,3,7,11,13,14,16],"seed_played":"1506148265124497157","ascension_level":0,"is_trial":false}