{"gold_per_floor":[114,114,114,129,304,304,334,349,349,349,364,394,394,409,409,509,509,524,325,325,340,355,385,400,430,430,430,10,25,25,25,25,125,125,440,690,705,705,720,720,720,720,720,245,275,275,0,15,15,15],"floor_reached":51,"playtime":3291,"items_purged":["Normality"],"score":1098,"play_id":"5702b3ea-a71c-450a-94b0-174c31dc30ee","local_time":"20180706182334","daily_mods":["Brewmaster","Time Dilation","Vintage"],"is_ascension_mode":false,"campfire_choices":[{"data":"Venomology","floor":6,"key":"SMITH"},{"data":"Venomology","floor":10,"key":"SMITH"},{"data":"Venomology","floor":13,"key":"SMITH"},{"data":"Venomology","floor":15,"key":"SMITH"},{"data":"Metamorphosis","floor":30,"key":"SMITH"},{"data":"Spot Weakness","floor":32,"key":"SMITH"},{"data":"Bash","floor":41,"key":"SMITH"},{"data":"Flash of Steel","floor":49,"key":"SMITH"}],"neow_cost":"","seed_source_timestamp":0,"circlet_count":0,"master_deck":["Strike_R","Strike_R","Strike_R","Strike_R+1","Defend_R+1","Defend_R","Bash+1","Venomology+1","Venomology+1","Venomology+1","Venomology+1","Venomology+1","Doubt","Disarm","Fiend Fire","Sword Boomerang+1","Spot Weakness+1","Infernal Blade","Corruption+1","Shrug It Off","Flash of Steel+1","Metamorphosis+1","Regret","Writhe","Dropkick+1","Metamorphosis+1","Twin Strike+1","Dramatic Entrance+1","Flash of Steel+1","Mind Blast+1"],"special_seed":17719,"relics":["Burning Blood","White Beast Statue","Centennial Puzzle","Orichalcum","Du-Vu Doll","Blood Vial","Bag of Marbles","Magic Flower","Frozen Egg 2","Bronze Scales","Matryoshka","Letter Opener","Mark of Pain","War Paint","Vajra","Paper Frog","Bag of Preparation","Pantograph","Ancient Tea Set","Art of War","Shuriken","Lantern","Whetstone","Juzu Bracelet","Cursed Key","Old Coin","Molten Egg 2","Regal Pillow","Sundial","Gambling Chip","DollysMirror","Oddly Smooth Stone","Toxic Egg 2","Red Mask","Happy Flower"],"potions_floor_usage":[1,4,4,4,4,7,7,7,7,7,8,8,11,11,12,12,12,12,12,14,14,16,16,16,16,16,16,16,18,18,18,21,21,22,22,22,23,23,23,23,24,24,24,25,25,25,25,29,29,29,33,33,33,33,33,37,39,39,39,39,42,42,42,42,42,42,42,45,45,45,45,48,48,48,50,50,50,50,50,50,50,50],"damage_taken":[{"damage":10,"enemies":"Jaw Worm","floor":1,"turns":4},{"damage":0,"enemies":"Small Slimes","floor":4,"turns":3},{"damage":15,"enemies":"3 Sentries","floor":7,"turns":10},{"damage":0,"enemies":"2 Louse","floor":8,"turns":3},{"damage":6,"enemies":"Blue Slaver","floor":11,"turns":2},{"damage":0,"enemies":"Gremlin Nob","floor":12,"turns":2},{"damage":0,"enemies":"2 Fungi Beasts","floor":14,"turns":2},{"damage":45,"enemies":"Slime Boss","floor":16,"turns":16},{"damage":14,"enemies":"2 Thieves","floor":18,"turns":3},{"damage":4,"enemies":"Spheric Guardian","floor":21,"turns":2},{"damage":0,"enemies":"Snake Plant","floor":22,"turns":1},{"damage":6,"enemies":"Book of Stabbing","floor":23,"turns":3},{"damage":0,"enemies":"Chosen and Byrds","floor":24,"turns":2},{"damage":0,"enemies":"Gremlin Leader","floor":25,"turns":3},{"damage":0,"enemies":"Sentry and Sphere","floor":29,"turns":2},{"damage":1,"enemies":"Champ","floor":33,"turns":5},{"damage":0,"enemies":"Flame Bruiser 1 Orb","floor":35,"turns":1},{"damage":0,"enemies":"3 Darklings","floor":37,"turns":1},{"damage":0,"enemies":"Maw","floor":39,"turns":4},{"damage":19,"floor":42,"turns":6},{"damage":0,"enemies":"Nemesis","floor":45,"turns":1},{"damage":1,"enemies":"Transient","floor":48,"turns":5},{"damage":7,"enemies":"Donu and Deca","floor":50,"turns":4}],"seed_played":"-5610983590349585426","potions_obtained":[{"floor":1,"key":"Explosive Potion"},{"floor":4,"key":"SkillPotion"},{"floor":7,"key":"LiquidBronze"},{"floor":8,"key":"SteroidPotion"},{"floor":12,"key":"Fire Potion"},{"floor":14,"key":"SkillPotion"},{"floor":16,"key":"Energy Potion"},{"floor":18,"key":"Regen Potion"},{"floor":21,"key":"EssenceOfSteel"},{"floor":22,"key":"Regen Potion"},{"floor":23,"key":"Swift Potion"},{"floor":24,"key":"Ancient Potion"},{"floor":25,"key":"LiquidBronze"},{"floor":29,"key":"Weak Potion"},{"floor":31,"key":"Swift Potion"},{"floor":33,"key":"Ancient Potion"},{"floor":35,"key":"Swift Potion"},{"floor":37,"key":"Ancient Potion"},{"floor":39,"key":"SpeedPotion"},{"floor":42,"key":"GamblersBrew"},{"floor":45,"key":"Block Potion"},{"floor":48,"key":"SpeedPotion"}],"is_trial":false,"path_per_floor":["M","?","?","M","?","R","E","M","T","R","M","E","R","M","R","B",null,"M","$","?","M","M","E","M","E","T","?","$","M","R","?","R","B",null,"M","?","M","?","M","?","R","?","T","$","E","?","?","M","R","B"],"character_chosen":"IRONCLAD","items_purchased":["Vajra","Sword Boomerang","Corruption+1","Shrug It Off","Flash of Steel","Metamorphosis","DollysMirror","Oddly Smooth Stone","Explosive Potion"],"campfire_rested":0,"item_purchase_floors":[19,19,28,28,28,28,44,44,44],"current_hp_per_floor":[76,76,64,78,78,78,74,80,80,80,80,80,80,80,80,44,80,75,75,75,80,80,80,80,80,80,80,80,80,80,80,80,80,80,80,80,80,80,80,80,80,79,79,79,80,70,70,80,80,80],"gold":15,"neow_bonus":"","is_prod":false,"is_daily":true,"chose_seed":false,"campfire_upgraded":8,"win_rate":0,"timestamp":1530926614,"path_taken":["M","?","?","M","?","R","E","M","T","R","M","E","R","?","R","BOSS","M","$","?","M","?","E","M","E","T","?","$","?","R","?","R","BOSS","M","?","M","?","M","?","R","?","T","$","E","?","?","M","R","BOSS"],"build_version":"2018-07-05","purchased_purges":1,"victory":true,"max_hp_per_floor":[80,80,80,80,80,80,80,80,80,80,80,80,80,80,80,80,80,80,80,80,80,80,80,80,80,80,80,80,80,80,80,80,80,80,80,80,80,80,80,80,80,80,80,80,80,80,80,80,80,80],"card_choices":[{"not_picked":["Havoc","Rupture","Perfected Strike"],"picked":"SKIP","floor":7},{"not_picked":["Whirlwind","Clothesline"],"picked":"Disarm","floor":12},{"not_picked":["Dark Embrace+1","Demon Form+1"],"picked":"Fiend Fire","floor":16},{"not_picked":["Sword Boomerang","Perfected Strike"],"picked":"Spot Weakness","floor":23},{"not_picked":["Havoc+1","Rampage"],"picked":"Infernal Blade","floor":25},{"not_picked":["Rupture+1","Whirlwind+1"],"picked":"Dropkick+1","floor":42},{"not_picked":["Carnage+1","Exhume"],"picked":"Twin Strike+1","floor":45},{"not_picked":["Dark Shackles+1","Swift Strike+1"],"picked":"Dramatic Entrance+1","floor":46},{"not_picked":["Panacea+1","Master of Strategy+1"],"picked":"Flash of Steel+1","floor":46},{"not_picked":["Deep Breath+1","Jack Of All Trades+1"],"picked":"Mind Blast+1","floor":46}],"player_experience":542867,"relics_obtained":[{"floor":1,"key":"Centennial Puzzle"},{"floor":4,"key":"Du-Vu Doll"},{"floor":7,"key":"Blood Vial"},{"floor":8,"key":"Bag of Marbles"},{"floor":9,"key":"Magic Flower"},{"floor":11,"key":"Frozen Egg 2"},{"floor":12,"key":"Bronze Scales"},{"floor":14,"key":"Matryoshka"},{"floor":16,"key":"Letter Opener"},{"floor":18,"key":"War Paint"},{"floor":21,"key":"Paper Frog"},{"floor":22,"key":"Bag of Preparation"},{"floor":23,"key":"Pantograph"},{"floor":24,"key":"Ancient Tea Set"},{"floor":25,"key":"Art of War"},{"floor":26,"key":"Shuriken"},{"floor":26,"key":"Lantern"},{"floor":29,"key":"Whetstone"},{"floor":33,"key":"Juzu Bracelet"},{"floor":35,"key":"Old Coin"},{"floor":37,"key":"Molten Egg 2"},{"floor":39,"key":"Regal Pillow"},{"floor":42,"key":"Sundial"},{"floor":43,"key":"Gambling Chip"},{"floor":45,"key":"Toxic Egg 2"},{"floor":48,"key":"Happy Flower"}],"event_choices":[{"event_name":"Living Wall","player_choice":"Forget","floor":2,"damage_taken":0},{"event_name":"Scrap Ooze","player_choice":"success","floor":3,"damage_taken":12},{"event_name":"Liars Game","player_choice":"agreed","floor":5,"damage_taken":0},{"event_name":"Purifier","player_choice":"One Purge","floor":20,"damage_taken":0},{"event_name":"The Woman in Blue","player_choice":"Bought 0 Potions","floor":27,"damage_taken":0},{"event_name":"The Lab","player_choice":"Got Potions","floor":31,"damage_taken":0},{"event_name":"Golden Shrine","player_choice":"Desecrate","floor":36,"damage_taken":0},{"event_name":"Winding Halls","player_choice":"Writhe","floor":38,"damage_taken":0},{"event_name":"Falling","player_choice":"Removed Attack","floor":40,"damage_taken":0},{"event_name":"MindBloom","player_choice":"Fight","floor":42,"damage_taken":0},{"event_name":"SensoryStone","player_choice":"Memory 3","floor":46,"damage_taken":0},{"event_name":"Tomb of Lord Red Mask","player_choice":"Paid","floor":47,"damage_taken":0}],"boss_relics":[{"not_picked":["Tiny House","Eternal Feather"],"picked":"Mark of Pain"},{"not_picked":["Astrolabe","Velvet Choker"],"picked":"Cursed Key"}],"items_purged_floors":[44],"is_endless":false,"potions_floor_spawned":[1,4,7,8,11,12,14,16,18,21,22,23,24,25,29,33,35,37,39,42,45,48],"ascension_level":0}