{"path_per_floor":["M","$","?","?","?","R","M","R","T","T","?","M","M","M","R","B",null,"M","?","M","M","$","M","M","R","T","E","M","M","?","M","R","B",null,"M","M","?","$","M","E","?","M","T","?","M","?","M","M","R","B"],"character_chosen":"IRONCLAD","items_purchased":["Flame Barrier","Apotheosis"],"gold_per_floor":[114,34,34,34,34,34,49,49,74,74,74,89,104,119,119,219,219,219,219,204,204,7,7,7,7,7,7,7,7,7,7,7,7,7,7,7,7,7,7,7,0,0,0,0,0,0,0,0,0,0],"floor_reached":51,"campfire_rested":1,"playtime":2862,"current_hp_per_floor":[80,80,80,73,57,57,49,73,73,73,70,82,79,78,78,55,95,98,68,70,70,70,74,79,79,79,83,87,87,87,87,87,69,98,100,103,103,103,90,95,95,110,110,110,116,101,108,118,118,69],"items_purged":[],"gold":0,"score":1020,"play_id":"5f58bb8b-98c0-4929-ac7f-955f977d62f2","local_time":"20180426191457","daily_mods":["Shiny","Lethality","Hoarder"],"is_prod":false,"is_daily":true,"chose_seed":false,"is_ascension_mode":false,"campfire_upgraded":5,"timestamp":1524795297,"path_taken":["M","$","?","?","?","R","M","R","T","?","?","?","?","M","R","BOSS","M","?","M","M","?","M","?","R","T","E","M","M","?","M","R","BOSS","M","M","?","$","?","E","?","?","T","?","M","?","M","M","R","BOSS"],"build_version":"2018-04-26","seed_source_timestamp":0,"purchased_purges":0,"victory":true,"master_deck":["Double Tap+1","Double Tap","Double Tap","Demon Form","Demon Form","Demon Form","Bludgeon","Bludgeon","Bludgeon","Feed","Feed","Feed","Limit Break","Limit Break","Limit Break","Barricade","Barricade","Fiend Fire","Fiend Fire+1","Fiend Fire","Dark Embrace","Dark Embrace","Dark Embrace","Berserk","Berserk","Berserk","Impervious+1","Impervious","Impervious+1","Juggernaut","Juggernaut","Juggernaut","Brutality","Brutality","Brutality","Reaper","Reaper","Reaper","Exhume","Exhume+1","Exhume+1","Offering","Offering","Offering","Immolate","Immolate","Immolate","Shrug It Off","Shrug It Off","Shrug It Off","Flame Barrier","Flame Barrier","Flame Barrier","Thunderclap","Thunderclap","Thunderclap","Cleave","Cleave","Cleave","Reaper","Reaper","Reaper","Reckless Charge","Reckless Charge","Reckless Charge","Offering","Offering","Offering","Sword Boomerang","Sword Boomerang","Sword Boomerang","Bite","Bite","Bite","Bite","Bite","Bite","Bite","Bite","Bite","Bite","Bite","Bite","Bite","Bite","Bite","Shrug It Off+1","Shrug It Off+1","Shrug It Off+1","Apotheosis","Apotheosis+1","Inflame+1","Inflame","Inflame","Exhume","Exhume","Exhume","True Grit+1","True Grit+1","True Grit+1","Flex","Flex","Flex","Reckless Charge","Reckless Charge","Reckless Charge","Impervious","Impervious","Impervious","Reckless Charge","Reckless Charge","Reckless Charge","Limit Break","Limit Break","Limit Break","Madness","Madness","Madness","Madness","Madness","Madness","Reckless Charge","Reckless Charge","Reckless Charge"],"max_hp_per_floor":[80,80,80,80,80,80,80,80,80,80,80,86,86,92,92,95,95,98,68,70,70,70,74,79,79,79,83,87,87,87,87,87,91,98,100,104,104,104,106,108,108,110,110,110,116,116,116,118,118,118],"relics":["Burning Blood","Singing Bowl","Bag of Marbles","Ancient Tea Set","Ectoplasm","Lantern","Bottled Lightning","Tiny House","Blood Vial","Red Mask","Anchor"],"card_choices":[{"not_picked":["Flex","True Grit"],"picked":"Shrug It Off","floor":1},{"not_picked":["Rupture","Pommel Strike"],"picked":"Thunderclap","floor":7},{"not_picked":["Warcry","Clash"],"picked":"Cleave","floor":12},{"not_picked":["Searing Blow","Heavy Blade"],"picked":"Reaper","floor":13},{"not_picked":["Entrench","Heavy Blade"],"picked":"Reckless Charge","floor":14},{"not_picked":["Fiend Fire","Juggernaut"],"picked":"Offering","floor":16},{"not_picked":["Clash","True Grit"],"picked":"Sword Boomerang","floor":18},{"not_picked":["Warcry","Headbutt"],"picked":"Shrug It Off","floor":21},{"not_picked":["Flex","True Grit"],"picked":"Inflame","floor":23},{"not_picked":["Whirlwind","Armaments"],"picked":"Exhume","floor":27},{"not_picked":["Pommel Strike","Cleave"],"picked":"True Grit","floor":28},{"not_picked":["Spot Weakness","Dropkick"],"picked":"Flex","floor":29},{"not_picked":["Fiend Fire","Flame Barrier"],"picked":"Reckless Charge","floor":31},{"not_picked":["Fiend Fire","Bludgeon"],"picked":"Impervious","floor":33},{"not_picked":["Iron Wave","Whirlwind"],"picked":"Reckless Charge","floor":36},{"not_picked":["Clash","Body Slam"],"picked":"Reckless Charge","floor":47}],"player_experience":469065,"potions_floor_usage":[13,18,24,28,28,35,35,40,42,50,50],"damage_taken":[{"damage":4,"enemies":"Small Slimes","floor":1,"turns":2},{"damage":14,"enemies":"Jaw Worm","floor":7,"turns":2},{"damage":0,"enemies":"2 Louse","floor":12,"turns":1},{"damage":13,"enemies":"Looter","floor":13,"turns":2},{"damage":13,"enemies":"2 Fungi Beasts","floor":14,"turns":2},{"damage":46,"enemies":"The Guardian","floor":16,"turns":5},{"damage":8,"enemies":"Spheric Guardian","floor":18,"turns":1},{"damage":13,"enemies":"2 Thieves","floor":20,"turns":2},{"damage":11,"enemies":"Centurion and Healer","floor":21,"turns":2},{"damage":4,"enemies":"Cultist and Chosen","floor":23,"turns":1},{"damage":3,"enemies":"Snecko","floor":24,"turns":3},{"damage":45,"enemies":"Slavers","floor":27,"turns":2},{"damage":8,"enemies":"Chosen and Byrds","floor":28,"turns":2},{"damage":0,"enemies":"3 Cultists","floor":29,"turns":3},{"damage":9,"enemies":"Cultist and Chosen","floor":31,"turns":3},{"damage":28,"enemies":"Champ","floor":33,"turns":10},{"damage":12,"enemies":"3 Darklings","floor":35,"turns":2},{"damage":21,"enemies":"Orb Walker","floor":36,"turns":3},{"damage":32,"enemies":"Sphere and 2 Shapes","floor":39,"turns":3},{"damage":36,"enemies":"Giant Head","floor":40,"turns":4},{"damage":23,"enemies":"Spire Growth","floor":42,"turns":3},{"damage":11,"enemies":"Maw","floor":45,"turns":6},{"damage":20,"enemies":"Flame Bruiser 2 Orb","floor":47,"turns":4},{"damage":0,"enemies":"4 Shapes","floor":48,"turns":1},{"damage":88,"enemies":"Donu and Deca","floor":50,"turns":5}],"event_choices":[{"event_name":"The Cleric","player_choice":"Leave","floor":3,"damage_taken":0},{"event_name":"Golden Wing","player_choice":"Card Removal","floor":4,"damage_taken":0},{"event_name":"Shining Light","player_choice":"Entered Light","floor":5,"damage_taken":0},{"event_name":"Scrap Ooze","player_choice":"success","floor":11,"damage_taken":3},{"event_name":"Vampires","player_choice":"Became a vampire","floor":19,"damage_taken":0},{"event_name":"Addict","player_choice":"Ignored","floor":30,"damage_taken":0},{"event_name":"Duplicator","player_choice":"One dupe","floor":37,"damage_taken":0},{"event_name":"Tomb of Lord Red Mask","player_choice":"Paid","floor":41,"damage_taken":0},{"event_name":"Wheel of Change","player_choice":"Card Removal","floor":44,"damage_taken":0},{"event_name":"Winding Halls","player_choice":"Embrace Madness","floor":46,"damage_taken":0}],"boss_relics":[{"not_picked":["Cursed Key","Runic Cube"],"picked":"Ectoplasm"},{"not_picked":["Calling Bell","Black Star"],"picked":"Tiny House"}],"potions_floor_spawned":[1,7,13,16,18,20,28,33,36,39,42,45],"seed_played":"7526765206531724544","ascension_level":0,"is_trial":false}