{"gold_per_floor":[20,37,48,48,64,97,152,152,152,167,179,179,254,289,289,289],"floor_reached":16,"playtime":1475,"items_purged":[],"score":202,"play_id":"03fb7a33-96ce-49f8-a692-4363808e715c","local_time":"20190626135301","is_ascension_mode":true,"campfire_choices":[{"floor":8,"key":"REST"},{"data":"Backflip","floor":12,"key":"SMITH"},{"data":"Leg Sweep","floor":15,"key":"SMITH"}],"neow_cost":"NO_GOLD","seed_source_timestamp":7442693777255509,"circlet_count":0,"master_deck":["AscendersBane","Defend_G","Defend_G","Defend_G","Defend_G","Defend_G","Strike_G","Strike_G","Strike_G","Strike_G","Strike_G","Survivor","Neutralize","Dagger Throw","Underhanded Strike","Quick Slash","Leg Sweep+1","Well Laid Plans+1","Dodge and Roll","Deflect","Backflip+1","Burst"],"relics":["Ring of the Snake","Frozen Egg 2","FossilizedHelix","Du-Vu Doll","Boot"],"potions_floor_usage":[7,16,16],"damage_taken":[{"damage":0,"enemies":"2 Louse","floor":1,"turns":3},{"damage":10,"enemies":"Jaw Worm","floor":2,"turns":4},{"damage":1,"enemies":"Small Slimes","floor":3,"turns":4},{"damage":3,"enemies":"Looter","floor":5,"turns":4},{"damage":29,"enemies":"Gremlin Nob","floor":6,"turns":5},{"damage":12,"enemies":"3 Sentries","floor":7,"turns":10},{"damage":0,"enemies":"Exordium Thugs","floor":10,"turns":5},{"damage":0,"enemies":"2 Fungi Beasts","floor":11,"turns":3},{"damage":1,"enemies":"Lagavulin","floor":14,"turns":8},{"damage":36,"enemies":"Hexaghost","floor":16,"turns":21}],"seed_played":"8216275080333538959","potions_obtained":[{"floor":5,"key":"Explosive Potion"},{"floor":7,"key":"EssenceOfSteel"},{"floor":14,"key":"Energy Potion"}],"is_trial":false,"path_per_floor":["M","M","M","?","M","E","?","R","T","M","M","R","?","E","R","B"],"character_chosen":"THE_SILENT","items_purchased":[],"campfire_rested":1,"item_purchase_floors":[],"current_hp_per_floor":[71,61,60,65,62,33,21,45,45,45,45,45,34,33,33,0],"gold":289,"neow_bonus":"TWENTY_PERCENT_HP_BONUS","is_prod":false,"is_daily":false,"chose_seed":false,"campfire_upgraded":2,"win_rate":0,"timestamp":1561535581,"path_taken":["M","M","M","?","M","E","?","R","T","M","M","R","?","E","R","BOSS"],"build_version":"2019-01-23","purchased_purges":0,"victory":false,"max_hp_per_floor":[78,78,78,83,83,83,83,83,83,83,83,83,83,83,83,83],"card_choices":[{"not_picked":["Backflip","Expertise"],"picked":"Dagger Throw","floor":1},{"not_picked":["Eviscerate","Bane"],"picked":"Underhanded Strike","floor":2},{"not_picked":["Bouncing Flask","Underhanded Strike"],"picked":"Quick Slash","floor":3},{"not_picked":["Masterful Stab","Choke"],"picked":"Leg Sweep","floor":5},{"not_picked":["Quick Slash","Eviscerate"],"picked":"Well Laid Plans","floor":6},{"not_picked":["PiercingWail","Quick Slash"],"picked":"Dodge and Roll","floor":7},{"not_picked":["Finisher","Bane"],"picked":"Deflect","floor":10},{"not_picked":["PiercingWail","Outmaneuver"],"picked":"Backflip","floor":11},{"not_picked":["Prepared","Setup"],"picked":"Burst","floor":14}],"player_experience":1463546,"relics_obtained":[{"floor":6,"key":"Frozen Egg 2"},{"floor":7,"key":"FossilizedHelix"},{"floor":9,"key":"Du-Vu Doll"},{"floor":14,"key":"Boot"}],"event_choices":[{"damage_healed":0,"gold_gain":0,"player_choice":"Donut","damage_taken":0,"max_hp_gain":5,"max_hp_loss":0,"event_name":"Big Fish","floor":4,"gold_loss":0},{"damage_healed":0,"gold_gain":0,"player_choice":"Searched \u00271\u0027 times","damage_taken":0,"max_hp_gain":0,"max_hp_loss":0,"event_name":"Dead Adventurer","floor":7,"gold_loss":0},{"damage_healed":0,"gold_gain":75,"player_choice":"Gather Gold","damage_taken":11,"max_hp_gain":0,"max_hp_loss":0,"event_name":"World of Goop","floor":13,"gold_loss":0}],"is_beta":false,"boss_relics":[],"items_purged_floors":[],"is_endless":false,"potions_floor_spawned":[5,7,14],"killed_by":"Hexaghost","ascension_level":16}