{"gold_per_floor":[112,112,129,149,149,149,178,192,218,229,244,261,296,296,296,416,416,429,450,450,107,140,140,171,184,209,209],"floor_reached":27,"playtime":2324,"items_purged":["Strike_G"],"score":380,"play_id":"086fe695-71d0-40db-84d9-b3e1307df083","local_time":"20190902234648","is_ascension_mode":true,"campfire_choices":[{"data":"Riddle With Holes","floor":6,"key":"SMITH"},{"data":"Neutralize","floor":15,"key":"SMITH"},{"data":"Footwork","floor":23,"key":"SMITH"}],"neow_cost":"NONE","seed_source_timestamp":376563366924100,"circlet_count":0,"master_deck":["AscendersBane","Strike_G","Strike_G+1","Strike_G+1","Strike_G","Defend_G","Defend_G","Defend_G","Defend_G","Defend_G","Survivor","Neutralize+1","Riddle With Holes+1","Dagger Spray","Footwork+1","Deadly Poison","Adrenaline","Well Laid Plans","Calculated Gamble","Corpse Explosion","Crippling Poison","Caltrops","Blur","Acrobatics"],"relics":["Ring of the Snake","Ancient Tea Set","Bag of Preparation","Centennial Puzzle","Strawberry","Golden Idol","Philosopher\u0027s Stone","Enchiridion","Strange Spoon","Red Mask","Bottled Tornado","Whetstone"],"potions_floor_usage":[7,11,22,24,27],"damage_taken":[{"damage":0,"enemies":"2 Louse","floor":1,"turns":4},{"damage":0,"enemies":"Jaw Worm","floor":3,"turns":4},{"damage":1,"enemies":"Cultist","floor":4,"turns":5},{"damage":13,"enemies":"Lagavulin","floor":7,"turns":8},{"damage":0,"enemies":"Large Slime","floor":8,"turns":8},{"damage":2,"enemies":"2 Fungi Beasts","floor":10,"turns":4},{"damage":0,"enemies":"Blue Slaver","floor":11,"turns":6},{"damage":13,"enemies":"Large Slime","floor":12,"turns":10},{"damage":12,"enemies":"3 Sentries","floor":13,"turns":9},{"damage":37,"enemies":"Hexaghost","floor":16,"turns":15},{"damage":11,"enemies":"2 Thieves","floor":18,"turns":4},{"damage":7,"enemies":"Shell Parasite","floor":19,"turns":7},{"damage":6,"enemies":"Masked Bandits","floor":22,"turns":3},{"damage":12,"enemies":"Slavers","floor":24,"turns":2},{"damage":6,"enemies":"Sentry and Sphere","floor":25,"turns":8},{"damage":14,"enemies":"Snecko","floor":27,"turns":6}],"seed_played":"-6368575684338268591","potions_obtained":[{"floor":1,"key":"FearPotion"},{"floor":4,"key":"Fire Potion"},{"floor":10,"key":"GamblersBrew"},{"floor":16,"key":"Energy Potion"},{"floor":22,"key":"SkillPotion"},{"floor":24,"key":"LiquidBronze"}],"is_trial":false,"path_per_floor":["M","?","M","M","?","R","E","M","T","M","M","M","E","?","R","B",null,"M","M","?","$","?","R","E","M","T","M"],"character_chosen":"THE_SILENT","items_purchased":["Caltrops","Strange Spoon"],"campfire_rested":0,"item_purchase_floors":[21,21],"current_hp_per_floor":[70,63,63,62,77,77,64,64,64,62,62,49,44,44,44,7,60,49,42,26,26,20,20,8,2,2,0],"gold":209,"neow_bonus":"TEN_PERCENT_HP_BONUS","is_prod":false,"is_daily":false,"chose_seed":false,"campfire_upgraded":3,"win_rate":0,"timestamp":1567435608,"path_taken":["M","?","M","M","?","R","E","M","T","?","M","M","E","?","R","BOSS","M","M","?","$","?","R","E","M","T","M"],"build_version":"2019-07-17","purchased_purges":1,"victory":false,"max_hp_per_floor":[77,77,77,77,77,77,77,77,77,77,77,77,84,78,78,78,78,78,78,78,78,78,78,78,78,78,78],"card_choices":[{"not_picked":["Blur","Flechettes"],"picked":"Riddle With Holes","floor":1},{"not_picked":["Quick Slash","Backflip"],"picked":"Dagger Spray","floor":3},{"not_picked":["Flying Knee","PiercingWail"],"picked":"Footwork","floor":4},{"not_picked":["Quick Slash","Acrobatics"],"picked":"Deadly Poison","floor":7},{"not_picked":["Terror","Flying Knee"],"picked":"Adrenaline","floor":8},{"not_picked":["Tactician","Flying Knee","Slice"],"picked":"SKIP","floor":10},{"not_picked":["Bane","Underhanded Strike"],"picked":"Well Laid Plans","floor":11},{"not_picked":["Dagger Spray","Masterful Stab"],"picked":"Calculated Gamble","floor":12},{"not_picked":["Terror","Well Laid Plans","Distraction"],"picked":"SKIP","floor":13},{"not_picked":["Glass Knife","Die Die Die"],"picked":"Corpse Explosion","floor":16},{"not_picked":["Underhanded Strike","Slice","Flying Knee+1"],"picked":"SKIP","floor":18},{"not_picked":["Underhanded Strike","Dagger Throw+1"],"picked":"Crippling Poison","floor":19},{"not_picked":["Outmaneuver","Dagger Spray"],"picked":"Blur","floor":22},{"not_picked":["Flechettes+1","Unload"],"picked":"Acrobatics","floor":24},{"not_picked":["Bane+1","Concentrate","Finisher"],"picked":"SKIP","floor":25}],"player_experience":582405,"relics_obtained":[{"floor":7,"key":"Bag of Preparation"},{"floor":9,"key":"Centennial Puzzle"},{"floor":13,"key":"Strawberry"},{"floor":20,"key":"Enchiridion"},{"floor":22,"key":"Red Mask"},{"floor":24,"key":"Bottled Tornado"},{"floor":26,"key":"Whetstone"}],"event_choices":[{"damage_healed":0,"gold_gain":0,"player_choice":"Success","damage_taken":7,"relics_obtained":["Ancient Tea Set"],"max_hp_gain":0,"max_hp_loss":0,"event_name":"Scrap Ooze","floor":2,"gold_loss":0},{"damage_healed":15,"gold_gain":0,"player_choice":"Full Heal","damage_taken":0,"max_hp_gain":0,"max_hp_loss":0,"event_name":"Wheel of Change","floor":5,"gold_loss":0},{"damage_healed":0,"gold_gain":0,"player_choice":"Lose Max HP","damage_taken":0,"relics_obtained":["Golden Idol"],"max_hp_gain":0,"max_hp_loss":6,"event_name":"Golden Idol","floor":14,"gold_loss":0},{"damage_healed":0,"gold_gain":0,"player_choice":"Obtained Book","damage_taken":16,"max_hp_gain":0,"max_hp_loss":0,"event_name":"Cursed Tome","floor":20,"gold_loss":0},{"damage_healed":0,"gold_gain":0,"player_choice":"Fought Bandits","damage_taken":0,"max_hp_gain":0,"max_hp_loss":0,"event_name":"Masked Bandits","floor":22,"gold_loss":0}],"is_beta":false,"boss_relics":[{"not_picked":["WristBlade","White Beast Statue"],"picked":"Philosopher\u0027s Stone"}],"items_purged_floors":[21],"is_endless":false,"potions_floor_spawned":[1,4,10,16,22,24,25],"killed_by":"Snecko","ascension_level":11}