{"gold_per_floor":[114,114,129,204,204,204,234,234,259,259,289,304,319,334,334,434,434,449,299,224,239,254,254,254,269,294,294,309,339,354,369,369,469,469,484,499,535,185,200,215,215,290,315,65,95,95,110,60,60,60],"floor_reached":51,"playtime":3149,"items_purged":[],"score":1032,"play_id":"c2e2c967-8936-4de5-ba71-eea6e019e9e8","local_time":"20190619132341","daily_mods":["Shiny","Hoarder","DeadlyEvents"],"is_ascension_mode":false,"campfire_choices":[{"data":"Barricade","floor":6,"key":"SMITH"},{"data":"Exhume","floor":8,"key":"SMITH"},{"data":"Dark Embrace","floor":10,"key":"SMITH"},{"floor":15,"key":"DIG"},{"floor":23,"key":"DIG"},{"floor":27,"key":"DIG"},{"floor":32,"key":"DIG"},{"floor":41,"key":"DIG"},{"floor":46,"key":"DIG"},{"floor":49,"key":"DIG"}],"neow_cost":"","seed_source_timestamp":0,"circlet_count":0,"master_deck":["Double Tap","Demon Form","Bludgeon","Feed","Limit Break","Barricade+1","Fiend Fire","Dark Embrace+1","Impervious+1","Juggernaut","Brutality","Reaper","Exhume+1","Offering","Immolate","Shrug It Off+1","Shrug It Off","Feel No Pain","Feel No Pain","Feel No Pain","Intimidate","Intimidate","Intimidate","Feed","Feed","Feed","Thunderclap","Thunderclap","Thunderclap","Armaments+1","Armaments+1","Armaments+1","Parasite","Parasite","Parasite","Intimidate+1","Intimidate+1","Intimidate+1","Normality","Normality","Normality","Injury","Injury","Injury","Seeing Red+1","Seeing Red+1","Seeing Red+1"],"special_seed":18066,"relics":["Burning Blood","Strawberry","Vajra","Shovel","Omamori","Cursed Key","War Paint","Red Mask","Boot","Bronze Scales","Regal Pillow","Bag of Marbles","Frozen Egg 2","Happy Flower","Black Star","Magic Flower","HandDrill","PreservedInsect","Anchor","Meat on the Bone","Pen Nib","ClockworkSouvenir","Blood Vial","Potion Belt","Turnip","Bag of Preparation"],"potions_floor_usage":[11,14,14,16,18,22,50,50,50,50,50],"damage_taken":[{"damage":0,"enemies":"2 Louse","floor":1,"turns":1},{"damage":0,"enemies":"Cultist","floor":3,"turns":2},{"damage":32,"enemies":"Gremlin Nob","floor":7,"turns":4},{"damage":39,"enemies":"3 Sentries","floor":11,"turns":6},{"damage":6,"enemies":"Jaw Worm","floor":12,"turns":1},{"damage":4,"enemies":"Looter","floor":13,"turns":4},{"damage":8,"enemies":"Exordium Wildlife","floor":14,"turns":2},{"damage":30,"enemies":"The Guardian","floor":16,"turns":7},{"damage":9,"enemies":"2 Thieves","floor":18,"turns":4},{"damage":16,"enemies":"Shell Parasite","floor":21,"turns":6},{"damage":12,"enemies":"Masked Bandits","floor":22,"turns":2},{"damage":6,"enemies":"Cultist and Chosen","floor":25,"turns":4},{"damage":12,"enemies":"Centurion and Healer","floor":28,"turns":4},{"damage":6,"enemies":"Slavers","floor":29,"turns":6},{"damage":0,"enemies":"Snake Plant","floor":30,"turns":2},{"damage":12,"enemies":"Snecko","floor":31,"turns":4},{"damage":18,"enemies":"Champ","floor":33,"turns":7},{"damage":12,"enemies":"3 Darklings","floor":35,"turns":2},{"damage":9,"enemies":"Orb Walker","floor":36,"turns":3},{"damage":7,"enemies":"2 Orb Walkers","floor":37,"turns":3},{"damage":82,"enemies":"Sphere and 2 Shapes","floor":39,"turns":6},{"damage":6,"enemies":"Writhing Mass","floor":40,"turns":6},{"damage":28,"enemies":"Giant Head","floor":45,"turns":8},{"damage":6,"enemies":"Maw","floor":47,"turns":9},{"damage":45,"enemies":"Donu and Deca","floor":50,"turns":11}],"seed_played":"6170826981099357843","potions_obtained":[{"floor":1,"key":"Weak Potion"},{"floor":7,"key":"FearPotion"},{"floor":11,"key":"Energy Potion"},{"floor":12,"key":"SkillPotion"},{"floor":16,"key":"SteroidPotion"},{"floor":21,"key":"EssenceOfSteel"},{"floor":22,"key":"SpeedPotion"},{"floor":31,"key":"Weak Potion"},{"floor":37,"key":"AttackPotion"},{"floor":47,"key":"Poison Potion"}],"is_trial":false,"path_per_floor":["M","?","M","?","?","R","E","R","T","R","E","M","M","M","R","B",null,"M","$","?","M","?","R","T","M","T","R","M","E","M","M","R","B",null,"M","M","?","$","M","M","R","T","T","$","E","R","M","$","R","B",null],"character_chosen":"IRONCLAD","items_purchased":["War Paint","HandDrill","PreservedInsect","ClockworkSouvenir","SkillPotion","Poison Potion"],"campfire_rested":0,"item_purchase_floors":[19,38,38,44,44,48],"current_hp_per_floor":[80,90,90,79,79,79,68,68,68,68,53,53,60,82,82,76,100,106,106,106,104,98,98,98,98,98,98,107,121,124,126,126,126,127,121,118,125,125,111,128,128,128,128,128,114,114,129,129,129,103],"gold":60,"neow_bonus":"","is_prod":false,"is_daily":true,"chose_seed":false,"campfire_upgraded":3,"win_rate":0,"timestamp":1560965021,"path_taken":["M","?","?","?","?","R","E","R","T","R","?","M","M","?","R","BOSS","M","$","?","M","?","R","?","?","T","R","M","?","M","M","R","BOSS","M","M","?","$","?","M","R","?","T","$","?","R","M","$","R","BOSS"],"build_version":"2019-01-23","purchased_purges":0,"victory":true,"max_hp_per_floor":[80,90,90,90,90,90,97,97,97,97,100,100,100,100,100,100,100,106,106,106,109,109,109,109,109,109,109,115,124,124,127,127,127,127,127,127,130,130,136,136,136,136,136,136,139,139,139,139,139,139],"card_choices":[{"not_picked":["Iron Wave","Sentinel","Shockwave"],"picked":"SKIP","floor":1},{"not_picked":["Reckless Charge","Hemokinesis"],"picked":"Shrug It Off","floor":3},{"not_picked":["Perfected Strike","Shockwave","Shrug It Off"],"picked":"SKIP","floor":7},{"not_picked":["Ghostly Armor","Sever Soul","Impervious"],"picked":"SKIP","floor":11},{"not_picked":["Sword Boomerang","Pommel Strike"],"picked":"Feel No Pain","floor":12},{"not_picked":["Spot Weakness","Armaments","Evolve"],"picked":"SKIP","floor":13},{"not_picked":["Headbutt","Clothesline"],"picked":"Intimidate","floor":14},{"not_picked":["Berserk","Demon Form"],"picked":"Feed","floor":16},{"not_picked":["Clash","Power Through","Hemokinesis"],"picked":"SKIP","floor":18},{"not_picked":["Clothesline","Body Slam","Iron Wave"],"picked":"SKIP","floor":21},{"not_picked":["Shrug It Off","Sever Soul"],"picked":"Thunderclap","floor":22},{"not_picked":["Corruption","Shrug It Off+1","Armaments"],"picked":"SKIP","floor":25},{"not_picked":["Clothesline","Shrug It Off","Dual Wield"],"picked":"SKIP","floor":28},{"not_picked":["Whirlwind","Second Wind","Shrug It Off"],"picked":"SKIP","floor":29},{"not_picked":["Armaments","Combust+1","True Grit+1"],"picked":"SKIP","floor":30},{"not_picked":["Searing Blow+1","Burning Pact","Spot Weakness"],"picked":"SKIP","floor":31},{"not_picked":["Twin Strike+1","Perfected Strike+1","Sever Soul"],"picked":"SKIP","floor":35},{"not_picked":["Perfected Strike","Ghostly Armor+1","Bloodletting+1"],"picked":"SKIP","floor":36},{"not_picked":["Power Through+1","Spot Weakness"],"picked":"Armaments+1","floor":37},{"not_picked":["Corruption+1","Heavy Blade","Clash+1"],"picked":"SKIP","floor":39},{"not_picked":["Reckless Charge","Headbutt+1"],"picked":"Intimidate+1","floor":40},{"not_picked":["Pommel Strike+1","Wild Strike+1"],"picked":"Seeing Red+1","floor":45},{"not_picked":["Wild Strike","Clash","Perfected Strike+1"],"picked":"SKIP","floor":47}],"player_experience":139996,"relics_obtained":[{"floor":7,"key":"Strawberry"},{"floor":9,"key":"Vajra"},{"floor":11,"key":"Shovel"},{"floor":15,"key":"Omamori"},{"floor":22,"key":"Red Mask"},{"floor":23,"key":"Boot"},{"floor":24,"key":"Bronze Scales"},{"floor":26,"key":"Regal Pillow"},{"floor":27,"key":"Bag of Marbles"},{"floor":29,"key":"Frozen Egg 2"},{"floor":32,"key":"Happy Flower"},{"floor":37,"key":"Magic Flower"},{"floor":41,"key":"Anchor"},{"floor":42,"key":"Meat on the Bone"},{"floor":43,"key":"Pen Nib"},{"floor":45,"key":"Blood Vial"},{"floor":45,"key":"Potion Belt"},{"floor":46,"key":"Turnip"},{"floor":49,"key":"Bag of Preparation"}],"event_choices":[{"cards_removed":["Berserk"],"damage_healed":0,"gold_gain":0,"player_choice":"Offered Rare","damage_taken":0,"max_hp_gain":10,"max_hp_loss":0,"event_name":"Bonfire Elementals","floor":2,"gold_loss":0},{"damage_healed":0,"gold_gain":75,"player_choice":"Gather Gold","damage_taken":11,"max_hp_gain":0,"max_hp_loss":0,"event_name":"World of Goop","floor":4,"gold_loss":0},{"damage_healed":0,"gold_gain":0,"player_choice":"Leave","damage_taken":0,"max_hp_gain":0,"max_hp_loss":0,"event_name":"The Cleric","floor":5,"gold_loss":0},{"cards_removed":["Shrug It Off"],"damage_healed":0,"gold_gain":0,"player_choice":"Gave Gold","damage_taken":0,"max_hp_gain":0,"max_hp_loss":0,"event_name":"Beggar","floor":20,"gold_loss":75},{"damage_healed":0,"gold_gain":0,"player_choice":"Fought Bandits","damage_taken":0,"max_hp_gain":0,"max_hp_loss":0,"event_name":"Masked Bandits","floor":22,"gold_loss":0},{"damage_healed":0,"gold_gain":0,"player_choice":"Fight","damage_taken":0,"max_hp_gain":0,"max_hp_loss":0,"event_name":"Mysterious Sphere","floor":37,"gold_loss":0}],"is_beta":false,"boss_relics":[{"not_picked":["Runic Cube","Ectoplasm"],"picked":"Cursed Key"},{"not_picked":["Busted Crown","Orrery"],"picked":"Black Star"}],"items_purged_floors":[],"is_endless":false,"potions_floor_spawned":[1,7,11,12,16,21,22,31,37,39,47],"ascension_level":0}