{"gold_per_floor":[112,123,48,48,7,7,41,41,41,54,70,84,84,113,113,185,185,199,210,210,228,318,318,330,349,349,349,367,15,41,51,51,129,129,145,155,182,193,209,209,240,252,315,339,351],"floor_reached":45,"playtime":3422,"items_purged":["Strike_G"],"score":983,"play_id":"1fece339-c711-4115-808d-28ea30b026a5","local_time":"20190716185121","is_ascension_mode":true,"campfire_choices":[{"data":"Neutralize","floor":6,"key":"SMITH"},{"data":"Cloak And Dagger","floor":8,"key":"SMITH"},{"data":"Bouncing Flask","floor":13,"key":"SMITH"},{"data":"Well Laid Plans","floor":15,"key":"SMITH"},{"floor":23,"key":"REST"},{"floor":27,"key":"REST"},{"floor":32,"key":"REST"},{"floor":40,"key":"REST"},{"floor":42,"key":"REST"}],"neow_cost":"NONE","seed_source_timestamp":9186660050255618,"circlet_count":0,"master_deck":["AscendersBane","Strike_G","Defend_G","Defend_G","Defend_G","Defend_G","Defend_G","Survivor","Neutralize+1","Quick Slash","Well Laid Plans+1","Cloak And Dagger+1","Bouncing Flask+1","Poisoned Stab","Outmaneuver","Adrenaline","Predator","Prepared","Leg Sweep+1","Deadly Poison","Bullet Time","Crippling Poison","Noxious Fumes","Cloak And Dagger","Malaise","Deadly Poison+1","Caltrops+1","Underhanded Strike+1","Acrobatics+1","Crippling Poison"],"relics":["Ring of the Snake","NeowsBlessing","Snake Skull","Centennial Puzzle","Question Card","Pocketwatch","Busted Crown","Shuriken","Toy Ornithopter","Frozen Egg 2","Astrolabe","Strawberry","MawBank","PreservedInsect"],"potions_floor_usage":[11,14,21,25,31,33,33,39,39,45],"damage_taken":[{"damage":0,"enemies":"Cultist","floor":1,"turns":1},{"damage":0,"enemies":"Small Slimes","floor":2,"turns":1},{"damage":0,"enemies":"Lagavulin","floor":7,"turns":1},{"damage":0,"enemies":"2 Louse","floor":10,"turns":2},{"damage":0,"enemies":"Red Slaver","floor":11,"turns":3},{"damage":6,"enemies":"3 Louse","floor":12,"turns":3},{"damage":17,"enemies":"3 Sentries","floor":14,"turns":5},{"damage":11,"enemies":"The Guardian","floor":16,"turns":7},{"damage":7,"enemies":"Spheric Guardian","floor":18,"turns":4},{"damage":14,"enemies":"2 Thieves","floor":19,"turns":4},{"damage":6,"enemies":"Sentry and Sphere","floor":21,"turns":5},{"damage":11,"enemies":"Snake Plant","floor":24,"turns":4},{"damage":5,"enemies":"Snecko","floor":25,"turns":4},{"damage":8,"enemies":"Centurion and Healer","floor":28,"turns":6},{"damage":13,"enemies":"Gremlin Leader","floor":30,"turns":5},{"damage":2,"enemies":"3 Cultists","floor":31,"turns":3},{"damage":28,"enemies":"Automaton","floor":33,"turns":8},{"damage":9,"enemies":"3 Shapes","floor":35,"turns":4},{"damage":2,"enemies":"Orb Walker","floor":36,"turns":3},{"damage":6,"enemies":"Transient","floor":38,"turns":6},{"damage":36,"enemies":"Writhing Mass","floor":39,"turns":5},{"damage":44,"enemies":"Reptomancer","floor":41,"turns":7},{"damage":5,"enemies":"4 Shapes","floor":44,"turns":4},{"damage":34,"enemies":"Transient","floor":45,"turns":5}],"seed_played":"3910167129029295911","potions_obtained":[{"floor":10,"key":"Fire Potion"},{"floor":11,"key":"Fire Potion"},{"floor":12,"key":"GamblersBrew"},{"floor":16,"key":"Regen Potion"},{"floor":25,"key":"Strength Potion"},{"floor":28,"key":"Dexterity Potion"},{"floor":31,"key":"Swift Potion"},{"floor":33,"key":"GhostInAJar"},{"floor":38,"key":"Regen Potion"},{"floor":41,"key":"Weak Potion"}],"is_trial":false,"path_per_floor":["M","M","$","?","$","R","E","R","T","M","M","M","R","E","R","B",null,"M","M","?","M","?","R","M","M","T","R","M","$","E","M","R","B",null,"M","M","T","M","M","R","E","R","T","M","M"],"character_chosen":"THE_SILENT","items_purchased":["Well Laid Plans","Crippling Poison","Noxious Fumes","Toy Ornithopter"],"campfire_rested":5,"item_purchase_floors":[5,29,29,29],"current_hp_per_floor":[59,59,59,59,59,59,59,59,59,59,59,53,53,36,36,25,56,49,35,26,34,22,41,30,25,25,44,36,36,23,26,45,27,56,47,45,52,46,35,56,12,33,33,28,0],"gold":351,"neow_bonus":"THREE_ENEMY_KILL","is_prod":false,"is_daily":false,"chose_seed":false,"campfire_upgraded":4,"win_rate":0,"timestamp":1563281481,"path_taken":["M","?","$","?","$","R","E","R","T","?","M","M","R","E","R","BOSS","M","M","?","?","?","R","M","?","T","R","M","$","E","M","R","BOSS","M","M","?","M","M","R","E","R","T","M","?"],"build_version":"2019-07-05","purchased_purges":1,"victory":false,"max_hp_per_floor":[66,66,66,66,66,66,66,66,66,66,66,66,66,66,66,66,66,66,66,66,66,66,66,66,66,66,66,66,66,66,66,66,66,66,66,66,73,73,73,73,73,73,73,73,73],"card_choices":[{"not_picked":["Underhanded Strike","Dagger Throw"],"picked":"Quick Slash","floor":1},{"not_picked":["Deadly Poison","Flying Knee"],"picked":"Backstab","floor":2},{"not_picked":["Blade Dance","A Thousand Cuts"],"picked":"Cloak And Dagger","floor":7},{"not_picked":["Deflect","Blade Dance","Eviscerate"],"picked":"Bouncing Flask","floor":10},{"not_picked":["Bane","Caltrops","Slice","Skewer"],"picked":"SKIP","floor":11},{"not_picked":["Prepared","Quick Slash","Dodge and Roll"],"picked":"Poisoned Stab","floor":12},{"not_picked":["Finisher","Escape Plan","PiercingWail"],"picked":"Outmaneuver","floor":14},{"not_picked":["Tools of the Trade","Die Die Die","Grand Finale"],"picked":"Adrenaline","floor":16},{"not_picked":["Backstab"],"picked":"Predator","floor":18},{"not_picked":["Dagger Spray+1","Outmaneuver"],"picked":"SKIP","floor":19},{"not_picked":["Dagger Spray"],"picked":"Prepared","floor":21},{"not_picked":["Deflect"],"picked":"Leg Sweep+1","floor":24},{"not_picked":["Quick Slash"],"picked":"Deadly Poison","floor":25},{"not_picked":["Riddle With Holes"],"picked":"Bullet Time","floor":28},{"not_picked":["Riddle With Holes"],"picked":"Cloak And Dagger","floor":30},{"not_picked":["Deadly Poison","Underhanded Strike"],"picked":"SKIP","floor":31},{"not_picked":["Wraith Form v2+1"],"picked":"Malaise","floor":33},{"not_picked":["Underhanded Strike","Caltrops+1"],"picked":"SKIP","floor":35},{"not_picked":["Finisher"],"picked":"Acrobatics+1","floor":36},{"not_picked":["All Out Attack","Backflip"],"picked":"SKIP","floor":38},{"not_picked":["Masterful Stab+1","Deadly Poison"],"picked":"SKIP","floor":39},{"not_picked":["Catalyst+1"],"picked":"Crippling Poison","floor":41},{"not_picked":["Cloak And Dagger","Quick Slash"],"picked":"SKIP","floor":44}],"player_experience":1548609,"relics_obtained":[{"floor":7,"key":"Centennial Puzzle"},{"floor":9,"key":"Question Card"},{"floor":14,"key":"Pocketwatch"},{"floor":26,"key":"Shuriken"},{"floor":30,"key":"Frozen Egg 2"},{"floor":37,"key":"Strawberry"},{"floor":41,"key":"MawBank"},{"floor":43,"key":"PreservedInsect"}],"event_choices":[{"cards_removed":["Backstab"],"damage_healed":0,"gold_gain":0,"player_choice":"Gave Card","damage_taken":0,"relics_obtained":["Snake Skull"],"max_hp_gain":0,"max_hp_loss":0,"event_name":"WeMeetAgain","floor":4,"gold_loss":0},{"damage_healed":0,"gold_gain":0,"player_choice":"Damaged","damage_taken":9,"max_hp_gain":0,"max_hp_loss":0,"event_name":"Wheel of Change","floor":20,"gold_loss":0},{"damage_healed":0,"gold_gain":90,"player_choice":"GOLD ","damage_taken":12,"max_hp_gain":0,"max_hp_loss":0,"event_name":"Knowing Skull","floor":22,"potions_obtained":[],"gold_loss":0,"cards_obtained":[]}],"is_beta":false,"boss_relics":[{"not_picked":["Calling Bell","Black Star"],"picked":"Busted Crown"},{"not_picked":["Tiny House","Coffee Dripper"],"picked":"Astrolabe"}],"items_purged_floors":[3],"is_endless":false,"potions_floor_spawned":[10,11,12,16,25,28,31,33,38,41],"killed_by":"Transient","ascension_level":19}