{"gold_per_floor":[17,32,32,46,46,82,82,112,135,147,178,190,217,248,260,397,409,409,440,452,482,170,170,204,204,230,145,145,169,185,201,201,330,393,409,423,27,42,375,375,390,11,38,38,0,0,19,30,30,30],"floor_reached":50,"playtime":4397,"items_purged":["Decay","Iron Wave","Backflip+1"],"score":516,"play_id":"77d5284c-9eb9-4811-89c3-684c96d4afec","local_time":"20190310160633","is_ascension_mode":false,"campfire_choices":[{"data":"Crippling Poison","floor":7.0,"key":"SMITH"},{"data":"Poisoned Stab","floor":12.0,"key":"SMITH"},{"floor":15.0,"key":"REST"},{"floor":23,"key":"REST"},{"floor":25,"key":"REST"},{"floor":32,"key":"REST"},{"floor":40,"key":"REST"},{"data":"Sucker Punch","floor":44,"key":"SMITH"},{"floor":46,"key":"REST"},{"data":"PiercingWail","floor":49,"key":"SMITH"}],"neow_cost":"NO_GOLD","seed_source_timestamp":0,"circlet_count":0,"master_deck":["Defend_G","Defend_G","Defend_G","Defend_G","Defend_G+1","Survivor","Neutralize","Crippling Poison+1","Sucker Punch","PiercingWail","Sucker Punch+1","Poisoned Stab+1","PiercingWail+1","Distraction","Venomology","Deadly Poison+1","Bite","Bite","Bite","Bite","Bite","Footwork","Adrenaline","Prepared+1","Glass Knife","Infinite Blades+1","Die Die Die","Poisoned Stab+1","Deadly Poison+1"],"special_seed":0,"relics":["Ring of the Snake","Incense Burner","Anchor","MawBank","Astrolabe","Gremlin Horn","Bag of Preparation","Lantern","Strawberry","Tiny House","Snake Skull","Omamori","Meat on the Bone","Blood Vial","Red Mask"],"potions_floor_usage":[24,29,30,31,33,33,33,35,36,38,41,50],"damage_taken":[{"damage":0.0,"enemies":"2 Louse","floor":1.0,"turns":3.0},{"damage":0.0,"enemies":"Jaw Worm","floor":2.0,"turns":6.0},{"damage":2.0,"enemies":"Small Slimes","floor":4.0,"turns":3.0},{"damage":36.0,"enemies":"Gremlin Nob","floor":6.0,"turns":7.0},{"damage":0.0,"enemies":"2 Fungi Beasts","floor":11.0,"turns":4.0},{"damage":0.0,"enemies":"3 Louse","floor":13.0,"turns":2.0},{"damage":4.0,"enemies":"Red Slaver","floor":14.0,"turns":4.0},{"damage":31.0,"enemies":"The Guardian","floor":16.0,"turns":14.0},{"damage":11.0,"enemies":"2 Thieves","floor":18.0,"turns":4.0},{"damage":11.0,"enemies":"Shell Parasite","floor":19.0,"turns":8.0},{"damage":26.0,"enemies":"Sentry and Sphere","floor":21.0,"turns":5.0},{"damage":30,"enemies":"Book of Stabbing","floor":24,"turns":6},{"damage":7,"enemies":"Cultist and Chosen","floor":29,"turns":6},{"damage":15,"enemies":"Snake Plant","floor":30,"turns":5},{"damage":4,"enemies":"Centurion and Healer","floor":31,"turns":8},{"damage":54,"enemies":"Collector","floor":33,"turns":9},{"damage":9,"enemies":"Orb Walker","floor":35,"turns":5},{"damage":32,"enemies":"3 Darklings","floor":36,"turns":7},{"damage":26,"enemies":"Writhing Mass","floor":38,"turns":6},{"damage":28,"enemies":"Maw","floor":41,"turns":9},{"damage":19,"enemies":"Sphere and 2 Shapes","floor":47,"turns":5},{"damage":0,"enemies":"4 Shapes","floor":48,"turns":4},{"damage":72,"enemies":"Awakened One","floor":50,"turns":7}],"seed_played":"6992724151382689978","potions_obtained":[{"floor":1.0,"key":"EntropicBrew"},{"floor":13.0,"key":"GamblersBrew"},{"floor":14.0,"key":"EssenceOfSteel"},{"floor":16.0,"key":"LiquidBronze"},{"floor":18.0,"key":"PowerPotion"},{"floor":19.0,"key":"Swift Potion"},{"floor":29,"key":"FairyPotion"},{"floor":33,"key":"Block Potion"},{"floor":34,"key":"EssenceOfSteel"},{"floor":41,"key":"PowerPotion"}],"is_trial":false,"path_per_floor":["M","M","?","M","?","E","R","?","T","$","M","R","M","M","R","B",null,"M","M","?","M","$","R","E","R","T","?","?","M","M","M","R","B",null,"M","M","$","M","?","R","M","$","T","R","?","R","M","M","R","B"],"character_chosen":"THE_SILENT","items_purchased":["Gremlin Horn","Snake Skull","Omamori","Meat on the Bone"],"campfire_rested":6,"item_purchase_floors":[22,37,37,42],"current_hp_per_floor":[70,70,70,68,68,32,32,32,32,32,32,32,32,28,49,18,70,59,48,48,25,25,39,15,29,29,36,36,37,30,36,52,12,61,55,35,35,21,21,39,27,27,27,27,27,45,42,48,48,0],"gold":30,"neow_bonus":"ONE_RARE_RELIC","is_prod":false,"is_daily":false,"chose_seed":false,"campfire_upgraded":4,"win_rate":0.0,"timestamp":1552248393,"path_taken":["M","M","?","M","?","E","R","?","T","$","M","R","M","M","R","BOSS","M","M","?","M","$","R","E","R","T","?","?","M","M","M","R","BOSS","M","M","$","M","?","R","M","$","T","R","?","R","M","M","R","BOSS"],"build_version":"2019-01-23","purchased_purges":3,"victory":false,"max_hp_per_floor":[70,70,70,70,70,70,70,70,70,70,70,70,70,70,70,70,70,70,70,49,49,49,49,49,49,49,56,56,56,56,56,56,56,61,61,61,61,61,61,61,61,61,61,61,61,61,61,61,61,61],"card_choices":[{"not_picked":["Backflip","Blade Dance"],"picked":"Crippling Poison","floor":1.0},{"not_picked":["Dodge and Roll","Quick Slash"],"picked":"Sucker Punch","floor":2.0},{"not_picked":["Blade Dance","Prepared"],"picked":"PiercingWail","floor":4.0},{"not_picked":["Blade Dance","Escape Plan"],"picked":"Sucker Punch","floor":6.0},{"not_picked":["Unload","Dodge and Roll"],"picked":"Poisoned Stab","floor":11.0},{"not_picked":["Predator","Expertise"],"picked":"PiercingWail","floor":13.0},{"not_picked":["Outmaneuver","Deadly Poison"],"picked":"Distraction","floor":14.0},{"not_picked":["Tools of the Trade","After Image"],"picked":"Venomology","floor":16.0},{"not_picked":["Dagger Spray","Prepared","Flying Knee+1"],"picked":"SKIP","floor":18.0},{"not_picked":["Outmaneuver","Deflect"],"picked":"Deadly Poison+1","floor":19.0},{"not_picked":["Expertise+1","Prepared","Dash+1"],"picked":"SKIP","floor":21.0},{"not_picked":["Deadly Poison","Dash"],"picked":"Footwork","floor":24},{"not_picked":["Underhanded Strike+1","Slice","Prepared"],"picked":"SKIP","floor":29},{"not_picked":["Deflect","Quick Slash"],"picked":"Adrenaline","floor":30},{"not_picked":["Underhanded Strike+1","Acrobatics"],"picked":"Prepared+1","floor":31},{"not_picked":["Phantasmal Killer","Wraith Form v2"],"picked":"Glass Knife","floor":33},{"not_picked":["Outmaneuver","Slice"],"picked":"Infinite Blades+1","floor":34},{"not_picked":["Sucker Punch","Underhanded Strike+1","PiercingWail"],"picked":"SKIP","floor":35},{"not_picked":["Sucker Punch","Flying Knee"],"picked":"Die Die Die","floor":36},{"not_picked":["Sucker Punch","Dagger Throw+1","Dodge and Roll"],"picked":"SKIP","floor":38},{"not_picked":["Heel Hook","Prepared"],"picked":"Poisoned Stab+1","floor":41},{"not_picked":["Tools of the Trade","Outmaneuver+1"],"picked":"Deadly Poison+1","floor":47},{"not_picked":["Flying Knee+1","PiercingWail","Outmaneuver+1"],"picked":"SKIP","floor":48}],"player_experience":11191,"relics_obtained":[{"floor":6.0,"key":"Anchor"},{"floor":9.0,"key":"MawBank"},{"floor":24,"key":"Bag of Preparation"},{"floor":26,"key":"Lantern"},{"floor":43,"key":"Blood Vial"}],"event_choices":[{"damage_healed":0.0,"max_hp_gain":0.0,"max_hp_loss":0.0,"gold_gain":0.0,"event_name":"Golden Idol","player_choice":"Take Wound","floor":3.0,"gold_loss":0.0,"damage_taken":0.0,"relics_obtained":["Golden Idol"],"cards_obtained":["Injury"]},{"damage_healed":0.0,"max_hp_gain":0.0,"max_hp_loss":0.0,"gold_gain":0.0,"event_name":"The Cleric","player_choice":"Leave","floor":5.0,"gold_loss":0.0,"damage_taken":0.0},{"damage_healed":0.0,"max_hp_gain":0.0,"max_hp_loss":0.0,"gold_gain":30.0,"event_name":"Dead Adventurer","player_choice":"Searched \u00271\u0027 times","floor":8.0,"gold_loss":0.0,"damage_taken":0.0},{"damage_healed":0.0,"max_hp_gain":0.0,"max_hp_loss":21.0,"gold_gain":0.0,"event_name":"Vampires","player_choice":"Became a vampire","floor":20.0,"gold_loss":0.0,"damage_taken":0.0,"cards_obtained":["Bite","Bite","Bite","Bite","Bite"]},{"damage_healed":0,"gold_gain":0,"player_choice":"Obtained Relic","damage_taken":0,"relics_obtained":["Strawberry"],"max_hp_gain":0,"max_hp_loss":0,"event_name":"Addict","floor":27,"gold_loss":85},{"cards_removed":["Choke"],"damage_healed":0,"gold_gain":0,"player_choice":"Took Card","damage_taken":0,"max_hp_gain":0,"max_hp_loss":0,"event_name":"NoteForYourself","floor":28,"gold_loss":0,"cards_obtained":["Iron Wave"]},{"damage_healed":0,"gold_gain":333,"player_choice":"Gave Idol","damage_taken":0,"max_hp_gain":0,"max_hp_loss":0,"event_name":"The Moai Head","floor":39,"relics_lost":["Golden Idol"],"gold_loss":0},{"damage_healed":0,"gold_gain":0,"player_choice":"Paid","damage_taken":0,"relics_obtained":["Red Mask"],"max_hp_gain":0,"max_hp_loss":0,"event_name":"Tomb of Lord Red Mask","floor":45,"gold_loss":38}],"is_beta":false,"boss_relics":[{"not_picked":["Empty Cage","Lizard Tail"],"picked":"Astrolabe"},{"not_picked":["Coffee Dripper","Philosopher\u0027s Stone"],"picked":"Tiny House"}],"items_purged_floors":[22,37,42],"is_endless":false,"potions_floor_spawned":[1,2,13,14,16,18,19,29,30,31,33,35,41,47,48],"killed_by":"Awakened One","ascension_level":0}