{"gold_per_floor":[114,129,144,159,174,204,204,219,219,234,249,264,279,294,294,394,444,459,474,489,504,519,519,100,100,150,180,180,195,225,240,240,340,340,355,27,27,27,42,42,57,87,87,87,102,102,117,132,132,132],"floor_reached":51,"playtime":3404,"items_purged":[],"score":833,"play_id":"2702ba49-898e-424d-880a-14091128f3f3","local_time":"20190402200801","daily_mods":["Chimera","Vintage","Binary"],"is_ascension_mode":false,"campfire_choices":[{"floor":7,"key":"REST"},{"floor":15,"key":"REST"},{"floor":23,"key":"REST"},{"floor":25,"key":"REST"},{"floor":28,"key":"REST"},{"floor":32,"key":"REST"},{"floor":44,"key":"REST"},{"floor":49,"key":"REST"}],"neow_cost":"","seed_source_timestamp":0,"circlet_count":0,"master_deck":["Bash+1","Survivor","Zap+1","Strike_R","Strike_G","Strike_B+1","Defend_R+1","Defend_G","Defend_B","Dagger Throw","A Thousand Cuts","Sucker Punch+1","Infinite Blades","Poisoned Stab+1","PiercingWail","Noxious Fumes","Glass Knife+1","Noxious Fumes","Transmutation","Bandage Up","Outmaneuver","Madness","Madness+1"],"special_seed":17988,"relics":["Ring of the Snake","Prayer Wheel","Strawberry","Shuriken","Smiling Mask","Torii","Mango","Art of War","Dodecahedron","Happy Flower","Molten Egg 2","Snake Skull","Du-Vu Doll","Mummified Hand","Tiny House","Bag of Marbles","PreservedInsect","Pen Nib","Ornamental Fan","Pocketwatch","Thread and Needle","Orichalcum","Incense Burner","Centennial Puzzle","Paper Crane","Whetstone","Sozu","Oddly Smooth Stone","Frozen Egg 2","Unceasing Top","Dead Branch","Gambling Chip","Pear","Singing Bowl","Bottled Tornado","War Paint"],"potions_floor_usage":[6,13,16,16,22,22,33,42],"damage_taken":[{"damage":1,"enemies":"Cultist","floor":1,"turns":4},{"damage":0,"enemies":"Small Slimes","floor":2,"turns":4},{"damage":5,"enemies":"Jaw Worm","floor":3,"turns":4},{"damage":4,"enemies":"Looter","floor":4,"turns":4},{"damage":6,"enemies":"Blue Slaver","floor":5,"turns":5},{"damage":39,"enemies":"3 Sentries","floor":6,"turns":10},{"damage":11,"enemies":"3 Louse","floor":8,"turns":4},{"damage":6,"enemies":"Large Slime","floor":10,"turns":5},{"damage":1,"enemies":"Looter","floor":11,"turns":4},{"damage":1,"enemies":"Blue Slaver","floor":12,"turns":5},{"damage":2,"enemies":"Lots of Slimes","floor":13,"turns":4},{"damage":2,"enemies":"Looter","floor":14,"turns":3},{"damage":64,"enemies":"Slime Boss","floor":16,"turns":16},{"damage":13,"enemies":"2 Thieves","floor":18,"turns":5},{"damage":8,"enemies":"Shell Parasite","floor":19,"turns":8},{"damage":24,"enemies":"Snecko","floor":20,"turns":7},{"damage":18,"enemies":"Snake Plant","floor":21,"turns":6},{"damage":19,"enemies":"3 Cultists","floor":22,"turns":5},{"damage":21,"enemies":"Slavers","floor":27,"turns":4},{"damage":0,"enemies":"Centurion and Healer","floor":29,"turns":6},{"damage":1,"enemies":"Book of Stabbing","floor":30,"turns":4},{"damage":7,"enemies":"Snecko","floor":31,"turns":4},{"damage":11,"enemies":"Collector","floor":33,"turns":6},{"damage":9,"enemies":"3 Darklings","floor":35,"turns":3},{"damage":4,"enemies":"3 Shapes","floor":39,"turns":3},{"damage":23,"enemies":"Spire Growth","floor":41,"turns":4},{"damage":0,"enemies":"Giant Head","floor":42,"turns":5},{"damage":12,"enemies":"4 Shapes","floor":45,"turns":3},{"damage":15,"enemies":"Jaw Worm Horde","floor":47,"turns":3},{"damage":2,"enemies":"Sphere and 2 Shapes","floor":48,"turns":4},{"damage":51,"enemies":"Awakened One","floor":50,"turns":8}],"seed_played":"1331452613733458112","potions_obtained":[{"floor":2,"key":"Dexterity Potion"},{"floor":5,"key":"GamblersBrew"},{"floor":10,"key":"SkillPotion"},{"floor":13,"key":"FearPotion"},{"floor":17,"key":"SneckoOil"},{"floor":18,"key":"Swift Potion"},{"floor":27,"key":"Strength Potion"},{"floor":31,"key":"Energy Potion"},{"floor":33,"key":"GhostInAJar"}],"is_trial":false,"path_per_floor":["M","M","M","M","M","E","R","M","T","M","M","M","M","M","R","B",null,"M","M","M","M","M","R","$","R","T","E","R","M","E","M","R","B",null,"M","$","?","$","M","T","M","E","T","R","M","?","M","M","R","B",null],"character_chosen":"THE_SILENT","items_purchased":["Infinite Blades","Poisoned Stab+1","Thread and Needle","Noxious Fumes","Transmutation","Bandage Up"],"campfire_rested":8,"item_purchase_floors":[24,24,24,36,36,36],"current_hp_per_floor":[69,76,71,67,61,36,63,52,52,46,45,44,42,40,67,3,96,83,75,51,33,14,42,42,70,70,49,77,77,76,69,96,85,96,87,87,87,87,87,87,68,72,82,106,94,81,70,72,103,56],"gold":132,"neow_bonus":"","is_prod":false,"is_daily":true,"chose_seed":false,"campfire_upgraded":0,"win_rate":0,"timestamp":1554250081,"path_taken":["M","M","M","M","M","E","R","M","T","M","M","?","M","M","R","BOSS","M","M","M","M","M","R","$","R","T","E","R","M","E","M","R","BOSS","M","$","?","$","M","?","M","E","T","R","M","?","M","M","R","BOSS"],"build_version":"2019-01-23","purchased_purges":0,"victory":true,"max_hp_per_floor":[70,77,77,77,77,91,91,91,91,91,91,91,91,91,91,91,96,96,96,96,96,96,96,96,96,96,96,96,96,96,96,96,96,96,96,96,96,96,96,96,96,96,106,106,106,106,106,106,106,106],"card_choices":[{"not_picked":["Underhanded Strike"],"picked":"Dagger Throw","floor":6},{"not_picked":["Doppelganger"],"picked":"A Thousand Cuts","floor":16},{"not_picked":["Choke+1"],"picked":"Sucker Punch+1","floor":17},{"not_picked":["Expertise+1"],"picked":"PiercingWail","floor":27},{"not_picked":["Heel Hook+1"],"picked":"Noxious Fumes","floor":30},{"not_picked":["Die Die Die+1"],"picked":"Glass Knife+1","floor":33},{"not_picked":["Prepared+1"],"picked":"Outmaneuver","floor":42}],"player_experience":110857,"relics_obtained":[{"floor":1,"key":"Prayer Wheel"},{"floor":2,"key":"Strawberry"},{"floor":3,"key":"Shuriken"},{"floor":4,"key":"Smiling Mask"},{"floor":5,"key":"Torii"},{"floor":6,"key":"Mango"},{"floor":8,"key":"Art of War"},{"floor":9,"key":"Dodecahedron"},{"floor":10,"key":"Happy Flower"},{"floor":11,"key":"Molten Egg 2"},{"floor":12,"key":"Snake Skull"},{"floor":13,"key":"Du-Vu Doll"},{"floor":14,"key":"Mummified Hand"},{"floor":18,"key":"Bag of Marbles"},{"floor":19,"key":"PreservedInsect"},{"floor":20,"key":"Pen Nib"},{"floor":21,"key":"Ornamental Fan"},{"floor":22,"key":"Pocketwatch"},{"floor":26,"key":"Orichalcum"},{"floor":27,"key":"Incense Burner"},{"floor":29,"key":"Centennial Puzzle"},{"floor":30,"key":"Paper Crane"},{"floor":31,"key":"Whetstone"},{"floor":35,"key":"Oddly Smooth Stone"},{"floor":39,"key":"Frozen Egg 2"},{"floor":40,"key":"Unceasing Top"},{"floor":41,"key":"Dead Branch"},{"floor":42,"key":"Gambling Chip"},{"floor":43,"key":"Pear"},{"floor":45,"key":"Singing Bowl"},{"floor":47,"key":"Bottled Tornado"},{"floor":48,"key":"War Paint"}],"event_choices":[{"damage_healed":0,"gold_gain":0,"player_choice":"Ignored","damage_taken":0,"max_hp_gain":0,"max_hp_loss":0,"event_name":"Mysterious Sphere","floor":37,"gold_loss":0},{"damage_healed":0,"gold_gain":0,"player_choice":"Embrace Madness","damage_taken":13,"max_hp_gain":0,"max_hp_loss":0,"event_name":"Winding Halls","floor":46,"gold_loss":0,"cards_obtained":["Madness","Madness"]}],"is_beta":false,"boss_relics":[{"not_picked":["Calling Bell","Astrolabe"],"picked":"Tiny House"},{"not_picked":["Runic Dome","HoveringKite"],"picked":"Sozu"}],"items_purged_floors":[],"is_endless":false,"potions_floor_spawned":[2,5,10,13,18,27,31,33,39,47,48],"ascension_level":0}