{"gold_per_floor":[114,132,57,18,18,18,52,52,97,97,124,135,155,173,173,173],"floor_reached":16,"playtime":543,"items_purged":[],"score":257,"play_id":"96b9798e-9bb2-48d9-8e25-01dcc7fef7d1","local_time":"20190716133746","is_ascension_mode":true,"campfire_choices":[{"data":"Footwork","floor":6,"key":"SMITH"},{"data":"Neutralize","floor":10,"key":"SMITH"},{"floor":15,"key":"REST"}],"neow_cost":"NONE","seed_source_timestamp":9170730345035494,"circlet_count":0,"master_deck":["AscendersBane","Strike_G","Strike_G","Strike_G","Strike_G","Strike_G","Defend_G","Defend_G","Defend_G","Defend_G","Survivor","Neutralize+1","Finisher","Dagger Spray","Footwork+1","PiercingWail","Blade Dance","Grand Finale","Escape Plan","Blade Dance"],"relics":["Ring of the Snake","NeowsBlessing","Orichalcum","Omamori","Bottled Lightning"],"potions_floor_usage":[14,16],"damage_taken":[{"damage":0,"enemies":"Jaw Worm","floor":1,"turns":1},{"damage":0,"enemies":"Small Slimes","floor":2,"turns":1},{"damage":0,"enemies":"Lagavulin","floor":7,"turns":1},{"damage":23,"enemies":"3 Sentries","floor":11,"turns":11},{"damage":1,"enemies":"Cultist","floor":12,"turns":5},{"damage":17,"enemies":"Exordium Thugs","floor":13,"turns":5},{"damage":10,"enemies":"Gremlin Gang","floor":14,"turns":5},{"damage":34,"enemies":"The Guardian","floor":16,"turns":6}],"seed_played":"-1406095434065032114","potions_obtained":[{"floor":11,"key":"EntropicBrew"},{"floor":12,"key":"Energy Potion"},{"floor":14,"key":"Swift Potion"}],"is_trial":false,"path_per_floor":["M","M","?","$","?","R","E","?","T","R","E","M","M","M","R","B"],"character_chosen":"THE_SILENT","items_purchased":["Footwork"],"campfire_rested":1,"item_purchase_floors":[4],"current_hp_per_floor":[59,59,59,59,64,64,64,64,64,64,41,40,23,13,34,0],"gold":173,"neow_bonus":"THREE_ENEMY_KILL","is_prod":false,"is_daily":false,"chose_seed":false,"campfire_upgraded":2,"win_rate":0,"timestamp":1563262666,"path_taken":["M","M","?","$","?","R","E","?","T","R","E","?","M","M","R","BOSS"],"build_version":"2019-07-05","purchased_purges":0,"victory":false,"max_hp_per_floor":[66,66,66,66,71,71,71,71,71,71,71,71,71,71,71,71],"card_choices":[{"not_picked":["Slice","Expertise"],"picked":"Finisher","floor":1},{"not_picked":["Prepared","Acrobatics"],"picked":"Dagger Spray","floor":2},{"not_picked":["Eviscerate","Deadly Poison"],"picked":"PiercingWail","floor":7},{"not_picked":["Bouncing Flask","Distraction"],"picked":"Blade Dance","floor":11},{"not_picked":["Terror","Deadly Poison"],"picked":"Grand Finale","floor":12},{"not_picked":["Dagger Spray","Terror"],"picked":"Escape Plan","floor":13},{"not_picked":["Deadly Poison","Cloak And Dagger"],"picked":"Blade Dance","floor":14}],"player_experience":1539317,"relics_obtained":[{"floor":7,"key":"Orichalcum"},{"floor":9,"key":"Omamori"},{"floor":11,"key":"Bottled Lightning"}],"event_choices":[{"cards_removed":["Defend_G"],"damage_healed":0,"gold_gain":0,"player_choice":"Card Removal","damage_taken":0,"max_hp_gain":0,"max_hp_loss":0,"event_name":"The Cleric","floor":3,"gold_loss":75},{"damage_healed":0,"gold_gain":0,"player_choice":"Donut","damage_taken":0,"max_hp_gain":5,"max_hp_loss":0,"event_name":"Big Fish","floor":5,"gold_loss":0},{"damage_healed":0,"gold_gain":0,"player_choice":"0 cards matched","damage_taken":0,"max_hp_gain":0,"max_hp_loss":0,"event_name":"Match and Keep!","floor":8,"gold_loss":0,"cards_obtained":[]}],"is_beta":false,"boss_relics":[],"items_purged_floors":[],"is_endless":false,"potions_floor_spawned":[11,12,14],"killed_by":"The Guardian","ascension_level":18}