{"gold_per_floor":[116,127,127,202,202,230,230,256,256,271,284,284,294,319,319,391,391,401,419,81,81,91,91,123,123,123,134,134,150,150,165,165,239,239,259,275,287,24,24,24,41,41,88,113,129,143,171,171,171,171],"floor_reached":50,"playtime":1702,"items_purged":["Pain"],"score":1213,"play_id":"20b081d1-1b02-4435-9e9a-f6bf751429df","local_time":"20190928182035","is_ascension_mode":true,"campfire_choices":[{"data":"Wild Strike","floor":7.0,"key":"SMITH"},{"data":"Bash","floor":12.0,"key":"SMITH"},{"floor":15.0,"key":"REST"},{"floor":23.0,"key":"REST"},{"data":"Perfected Strike","floor":25.0,"key":"SMITH"},{"data":"Perfected Strike","floor":28.0,"key":"SMITH"},{"data":"Barricade","floor":30.0,"key":"SMITH"},{"data":"Offering","floor":32.0,"key":"SMITH"},{"data":"Discovery","floor":40,"key":"SMITH"},{"data":"Flame Barrier","floor":42,"key":"SMITH"},{"floor":49,"key":"REST"}],"neow_cost":"NONE","seed_source_timestamp":1014273601192200,"circlet_count":0,"master_deck":["AscendersBane","Strike_R","Strike_R","Strike_R","Strike_R+1","Strike_R","Defend_R","Defend_R","Defend_R","Defend_R+1","Wild Strike+1","Headbutt","Power Through","Anger","Perfected Strike+1","Offering+1","Disarm","Shrug It Off","Barricade+1","Perfected Strike+1","Pommel Strike","Body Slam+1","Perfected Strike+1","Pommel Strike+1","Perfected Strike+1","Offering","Twin Strike+1","Flame Barrier+1","Discovery+1","Fiend Fire+1","Feel No Pain+1","Twin Strike+1"],"special_seed":0,"relics":["Burning Blood","NeowsBlessing","WarpedTongs","Sundial","Letter Opener","Shuriken","Kunai","Sozu","Molten Egg 2","Matryoshka","Omamori","Meat on the Bone","Mercury Hourglass","Runic Cube","Pen Nib","Strawberry","Lantern","Oddly Smooth Stone"],"potions_floor_usage":[],"damage_taken":[{"damage":0.0,"enemies":"Jaw Worm","floor":1.0,"turns":1.0},{"damage":0.0,"enemies":"2 Louse","floor":2.0,"turns":1.0},{"damage":0.0,"enemies":"3 Sentries","floor":6.0,"turns":1.0},{"damage":28.0,"enemies":"Lagavulin","floor":8.0,"turns":5.0},{"damage":4.0,"enemies":"Cultist","floor":10.0,"turns":3.0},{"damage":0.0,"enemies":"Looter","floor":11.0,"turns":3.0},{"damage":6.0,"enemies":"Lots of Slimes","floor":13.0,"turns":5.0},{"damage":10.0,"enemies":"3 Sentries","floor":14.0,"turns":4.0},{"damage":35.0,"enemies":"Slime Boss","floor":16.0,"turns":10.0},{"damage":19.0,"enemies":"Shell Parasite","floor":18.0,"turns":5.0},{"damage":11.0,"enemies":"Spheric Guardian","floor":19.0,"turns":3.0},{"damage":12.0,"enemies":"3 Cultists","floor":22.0,"turns":3.0},{"damage":9.0,"enemies":"Book of Stabbing","floor":24.0,"turns":4.0},{"damage":6.0,"enemies":"Centurion and Healer","floor":27.0,"turns":3.0},{"damage":21.0,"enemies":"Shelled Parasite and Fungi","floor":29.0,"turns":3.0},{"damage":0.0,"enemies":"Chosen and Byrds","floor":31.0,"turns":3.0},{"damage":46,"enemies":"Champ","floor":33,"turns":13},{"damage":6,"enemies":"3 Shapes","floor":35,"turns":5},{"damage":4,"enemies":"3 Darklings","floor":36,"turns":3},{"damage":15,"enemies":"Jaw Worm Horde","floor":37,"turns":2},{"damage":12,"enemies":"Writhing Mass","floor":41,"turns":4},{"damage":19,"enemies":"Giant Head","floor":44,"turns":5},{"damage":1,"enemies":"4 Shapes","floor":45,"turns":4},{"damage":13,"enemies":"Sphere and 2 Shapes","floor":46,"turns":3},{"damage":28,"enemies":"Nemesis","floor":47,"turns":6},{"damage":86,"enemies":"Awakened One","floor":50,"turns":10}],"seed_played":"-3717619501053764007","potions_obtained":[{"floor":6.0,"key":"Fire Potion"},{"floor":10.0,"key":"AttackPotion"},{"floor":14.0,"key":"Energy Potion"},{"floor":16.0,"key":"Ancient Potion"}],"is_trial":false,"path_per_floor":["M","M","?","?","?","E","R","E","T","M","M","R","M","E","R","B",null,"M","M","$","?","M","R","E","R","T","M","R","M","R","M","R","B",null,"M","M","M","$","?","R","M","R","T","E","M","M","E","?","R","B"],"character_chosen":"IRONCLAD","items_purchased":["Molten Egg 2","Pen Nib","Discovery"],"campfire_rested":3,"item_purchase_floors":[20,38,38],"current_hp_per_floor":[74,75,52,41,41,47,47,25,25,27,33,33,33,29,51,22,62,49,44,44,44,38,60,57,57,57,57,57,54,54,60,60,32,64,64,66,57,57,57,57,51,51,58,57,62,55,45,61,82,0],"gold":171,"neow_bonus":"THREE_ENEMY_KILL","is_prod":false,"is_daily":false,"chose_seed":false,"campfire_upgraded":8,"win_rate":0,"timestamp":1569720035,"path_taken":["M","M","?","?","?","E","R","E","T","M","M","R","M","E","R","BOSS","M","M","?","?","M","R","E","R","T","M","R","M","R","?","R","BOSS","M","M","M","$","?","R","M","R","T","E","M","M","E","?","R","BOSS"],"build_version":"2019-09-27","purchased_purges":1,"victory":false,"max_hp_per_floor":[75,75,75,75,75,75,75,75,75,75,75,75,75,75,75,75,75,75,75,75,75,75,75,75,75,75,75,75,75,75,75,75,75,75,75,75,75,75,75,75,75,75,82,82,82,82,82,82,82,82],"card_choices":[{"not_picked":["Armaments","Flex"],"picked":"Wild Strike","floor":1.0},{"not_picked":["Flex","Second Wind"],"picked":"Headbutt","floor":2.0},{"not_picked":["Twin Strike","Wild Strike"],"picked":"Power Through","floor":6.0},{"not_picked":["Flex","Intimidate"],"picked":"Anger","floor":8.0},{"not_picked":["Seeing Red","Entrench"],"picked":"Perfected Strike","floor":10.0},{"not_picked":["Anger","Disarm"],"picked":"Offering","floor":11.0},{"not_picked":["Dropkick","Pommel Strike"],"picked":"Disarm","floor":13.0},{"not_picked":["Combust","Spot Weakness"],"picked":"Shrug It Off","floor":14.0},{"not_picked":["Reaper","Bludgeon"],"picked":"Barricade","floor":16.0},{"not_picked":["Pommel Strike","Warcry"],"picked":"Perfected Strike","floor":18.0},{"not_picked":["Combust","Cleave"],"picked":"Pommel Strike","floor":19.0},{"not_picked":["Searing Blow+1","Burning Pact","Havoc"],"picked":"SKIP","floor":22.0},{"not_picked":["Inflame","Blood for Blood+1"],"picked":"Body Slam+1","floor":24.0},{"not_picked":["Dropkick+1","Demon Form"],"picked":"Perfected Strike+1","floor":27.0},{"not_picked":["Thunderclap+1","True Grit"],"picked":"Pommel Strike+1","floor":29.0},{"not_picked":["Spot Weakness","Warcry"],"picked":"Perfected Strike+1","floor":31.0},{"not_picked":["Limit Break","Exhume"],"picked":"Offering","floor":33},{"not_picked":["Clash+1","Armaments+1"],"picked":"Twin Strike+1","floor":35},{"not_picked":["Hemokinesis+1","Cleave+1","Havoc"],"picked":"SKIP","floor":36},{"not_picked":["Searing Blow+1","Evolve"],"picked":"Flame Barrier","floor":37},{"not_picked":["Cleave+1","Warcry","Rampage+1"],"picked":"SKIP","floor":41},{"not_picked":["Spot Weakness+1","Havoc"],"picked":"Fiend Fire+1","floor":44},{"not_picked":["Searing Blow+1","Twin Strike+1"],"picked":"Feel No Pain+1","floor":45},{"not_picked":["Flex","Spot Weakness+1","Warcry"],"picked":"SKIP","floor":46},{"not_picked":["Combust","Metallicize"],"picked":"Twin Strike+1","floor":47}],"player_experience":1109567,"relics_obtained":[{"floor":6.0,"key":"Sundial"},{"floor":8.0,"key":"Letter Opener"},{"floor":9.0,"key":"Shuriken"},{"floor":14.0,"key":"Kunai"},{"floor":24.0,"key":"Omamori"},{"floor":26.0,"key":"Meat on the Bone"},{"floor":26.0,"key":"Mercury Hourglass"},{"floor":43,"key":"Strawberry"},{"floor":44,"key":"Lantern"},{"floor":47,"key":"Oddly Smooth Stone"}],"event_choices":[{"damage_healed":0.0,"max_hp_gain":0.0,"max_hp_loss":0.0,"gold_gain":0.0,"event_name":"Shining Light","player_choice":"Entered Light","floor":3.0,"gold_loss":0.0,"damage_taken":23.0,"cards_upgraded":["Strike_R","Defend_R"]},{"damage_healed":0.0,"max_hp_gain":0.0,"max_hp_loss":0.0,"gold_gain":75.0,"event_name":"World of Goop","player_choice":"Gather Gold","floor":4.0,"gold_loss":0.0,"damage_taken":11.0},{"damage_healed":0.0,"max_hp_gain":0.0,"max_hp_loss":0.0,"gold_gain":0.0,"event_name":"Accursed Blacksmith","player_choice":"Rummage","floor":5.0,"gold_loss":0.0,"damage_taken":0.0,"relics_obtained":["WarpedTongs"],"cards_obtained":["Pain"]},{"damage_healed":0.0,"max_hp_gain":0.0,"max_hp_loss":0.0,"gold_gain":0.0,"event_name":"WeMeetAgain","player_choice":"Gave Potion","floor":21.0,"gold_loss":0.0,"damage_taken":0.0,"relics_obtained":["Matryoshka"]},{"cards_removed":["Bash"],"damage_healed":0,"gold_gain":0,"player_choice":"Removed Attack","damage_taken":0,"max_hp_gain":0,"max_hp_loss":0,"event_name":"Falling","floor":39,"gold_loss":0},{"damage_healed":16,"gold_gain":0,"player_choice":"Writhe","damage_taken":0,"max_hp_gain":0,"max_hp_loss":0,"event_name":"Winding Halls","floor":48,"gold_loss":0,"cards_obtained":["Writhe"]}],"is_beta":true,"boss_relics":[{"not_picked":["Fusion Hammer","Calling Bell"],"picked":"Sozu"},{"not_picked":["Astrolabe","Runic Pyramid"],"picked":"Runic Cube"}],"items_purged_floors":[20],"is_endless":false,"potions_floor_spawned":[6,10,14,16,22,29,31,33,37,44,46,47],"killed_by":"Awakened One","ascension_level":20}