{"gold_per_floor":[110,110,123,34,54,54,81,81,81,107,119,119,153,153,153,251,251,276,276,34,59,89,89,125,325,394,418,434,434,453,486,486,575,575,598,241,260,276,294,294,333,414,414,235,235,235,271,287,287,287,287],"floor_reached":52,"playtime":3631,"items_purged":["Strike_R","Strike_R"],"score":2061,"play_id":"75fb7bb1-19df-4595-8180-0d7bab87c0bb","local_time":"20190930141441","is_ascension_mode":true,"campfire_choices":[{"data":"Uppercut","floor":6,"key":"SMITH"},{"data":"Armaments","floor":8,"key":"SMITH"},{"data":"True Grit","floor":15,"key":"SMITH"},{"data":"Battle Trance","floor":23,"key":"SMITH"},{"floor":29,"key":"REST"},{"data":"Barricade","floor":32,"key":"SMITH"},{"data":"Feel No Pain","floor":40,"key":"SMITH"},{"data":"Burning Pact","floor":46,"key":"SMITH"},{"data":"Burning Pact","floor":49,"key":"SMITH"}],"neow_cost":"NONE","seed_source_timestamp":1170445979370100,"circlet_count":0,"master_deck":["AscendersBane","Strike_R","Defend_R","Defend_R","Defend_R","Defend_R+1","Bash","Battle Trance+1","Uppercut+1","Feel No Pain+1","True Grit+1","Armaments+1","Power Through+1","Fiend Fire","Barricade+1","Intimidate","Metallicize","Body Slam","Headbutt+1","Fiend Fire","Burning Pact+1","Sentinel+1","Shrug It Off","Headbutt+1","Burning Pact+1","Metallicize"],"relics":["Burning Blood","Matryoshka","Vajra","Bottled Lightning","HornCleat","Golden Idol","Blood Vial","SlaversCollar","Lantern","Pantograph","Tiny Chest","Bag of Preparation","Letter Opener","MealTicket","Runic Dome","Bottled Tornado","Happy Flower","Mercury Hourglass","Pocketwatch","War Paint"],"potions_floor_usage":[7,10,16,24,38,41,51],"damage_taken":[{"damage":3,"enemies":"Small Slimes","floor":1,"turns":4},{"damage":6,"enemies":"Cultist","floor":3,"turns":3},{"damage":9,"enemies":"Jaw Worm","floor":5,"turns":5},{"damage":11,"enemies":"3 Sentries","floor":7,"turns":14},{"damage":24,"enemies":"Gremlin Nob","floor":10,"turns":4},{"damage":5,"enemies":"Large Slime","floor":11,"turns":6},{"damage":17,"enemies":"Lagavulin","floor":13,"turns":7},{"damage":14,"enemies":"Hexaghost","floor":16,"turns":9},{"damage":16,"enemies":"Shell Parasite","floor":18,"turns":9},{"damage":0,"enemies":"Spheric Guardian","floor":21,"turns":10},{"damage":51,"enemies":"Slavers","floor":24,"turns":13},{"damage":0,"enemies":"Snake Plant","floor":27,"turns":4},{"damage":0,"enemies":"Centurion and Healer","floor":28,"turns":5},{"damage":1,"enemies":"3 Cultists","floor":30,"turns":6},{"damage":15,"enemies":"Gremlin Leader","floor":31,"turns":6},{"damage":0,"enemies":"Champ","floor":33,"turns":17},{"damage":0,"enemies":"Orb Walker","floor":35,"turns":4},{"damage":0,"enemies":"3 Shapes","floor":37,"turns":7},{"damage":0,"enemies":"Transient","floor":38,"turns":6},{"damage":0,"enemies":"Maw","floor":39,"turns":8},{"damage":26,"enemies":"Reptomancer","floor":41,"turns":15},{"damage":0,"enemies":"Giant Head","floor":47,"turns":6},{"damage":0,"enemies":"Writhing Mass","floor":48,"turns":4},{"damage":8,"enemies":"Donu and Deca","floor":50,"turns":7},{"damage":18,"enemies":"Awakened One","floor":51,"turns":16}],"seed_played":"-6888666847409215188","potions_obtained":[{"floor":1,"key":"BloodPotion"},{"floor":2,"key":"Fire Potion"},{"floor":10,"key":"LiquidBronze"},{"floor":21,"key":"EssenceOfSteel"},{"floor":31,"key":"Regen Potion"},{"floor":35,"key":"AttackPotion"},{"floor":41,"key":"Explosive Potion"}],"is_trial":false,"path_per_floor":["M","?","M","$","M","R","E","R","T","E","M","?","E","?","R","B",null,"M","?","$","M","T","R","E","?","T","M","M","R","M","E","R","B",null,"M","$","M","M","M","R","E","T","T","$","?","R","E","M","R","B","B",null],"character_chosen":"IRONCLAD","items_purchased":["Feel No Pain","Lantern","Metallicize","Bottled Tornado","Metallicize"],"campfire_rested":1,"item_purchase_floors":[4,20,20,36,44],"current_hp_per_floor":[71,71,71,71,68,68,63,63,63,60,61,35,24,24,24,18,61,53,53,53,61,61,61,18,18,18,26,34,56,63,56,56,75,75,75,75,75,75,75,75,70,70,70,75,75,75,75,75,75,73,63],"gold":287,"neow_bonus":"REMOVE_CARD","is_prod":false,"is_daily":false,"chose_seed":false,"campfire_upgraded":8,"win_rate":0,"timestamp":1569878081,"path_taken":["M","?","M","$","M","R","E","R","T","E","?","?","E","?","R","BOSS","M","?","$","?","?","R","E","?","T","M","M","R","M","E","R","BOSS","M","$","M","M","M","R","E","?","T","$","?","R","E","M","R","BOSS","BOSS"],"build_version":"2019-09-27","purchased_purges":2,"victory":true,"max_hp_per_floor":[75,75,75,75,75,75,75,75,75,75,75,75,75,75,75,75,75,75,75,75,75,75,75,75,75,75,75,75,75,75,75,75,75,75,75,75,75,75,75,75,75,75,75,75,75,75,75,75,75,75,75],"card_choices":[{"not_picked":["Heavy Blade","Body Slam"],"picked":"Battle Trance","floor":1},{"not_picked":["Second Wind","Clash"],"picked":"Uppercut","floor":3},{"not_picked":["Sever Soul","Shockwave"],"picked":"True Grit","floor":5},{"not_picked":["Twin Strike","Headbutt"],"picked":"Armaments","floor":7},{"not_picked":["Searing Blow","Rampage"],"picked":"Power Through","floor":10},{"not_picked":["Twin Strike","Heavy Blade"],"picked":"Fiend Fire","floor":11},{"not_picked":["Thunderclap","Pummel","Bloodletting"],"picked":"SKIP","floor":13},{"not_picked":["Juggernaut","Double Tap"],"picked":"Barricade","floor":16},{"not_picked":["Sword Boomerang","Havoc+1","Twin Strike"],"picked":"SKIP","floor":18},{"not_picked":["Heavy Blade","Warcry"],"picked":"Body Slam","floor":21},{"not_picked":["Reaper","Clash"],"picked":"Headbutt+1","floor":24},{"not_picked":["Iron Wave","Twin Strike","Headbutt"],"picked":"SKIP","floor":27},{"not_picked":["Rampage","Uppercut","Warcry"],"picked":"SKIP","floor":28},{"not_picked":["Headbutt","Rampage"],"picked":"Ghostly Armor","floor":30},{"not_picked":["Iron Wave","Spot Weakness","Heavy Blade"],"picked":"SKIP","floor":31},{"not_picked":["Limit Break","Reaper"],"picked":"Fiend Fire","floor":33},{"not_picked":["Inflame","Iron Wave"],"picked":"Burning Pact","floor":35},{"not_picked":["Cleave","Sentinel+1","Wild Strike+1"],"picked":"SKIP","floor":37},{"not_picked":["Cleave","Wild Strike+1"],"picked":"Sentinel+1","floor":37},{"not_picked":["Shockwave","Clothesline","Shrug It Off"],"picked":"SKIP","floor":38},{"not_picked":["Shockwave","Clothesline"],"picked":"Shrug It Off","floor":38},{"not_picked":["Armaments","Sword Boomerang"],"picked":"Headbutt+1","floor":39},{"not_picked":["Flex","Uppercut"],"picked":"Burning Pact","floor":41},{"not_picked":["Thunderclap+1","Hemokinesis","Limit Break"],"picked":"SKIP","floor":47},{"not_picked":["Warcry","Heavy Blade","Headbutt+1"],"picked":"SKIP","floor":48}],"player_experience":1142899,"relics_obtained":[{"floor":7,"key":"Matryoshka"},{"floor":9,"key":"Vajra"},{"floor":9,"key":"Bottled Lightning"},{"floor":10,"key":"HornCleat"},{"floor":13,"key":"Blood Vial"},{"floor":22,"key":"Pantograph"},{"floor":22,"key":"Tiny Chest"},{"floor":24,"key":"Bag of Preparation"},{"floor":26,"key":"Letter Opener"},{"floor":31,"key":"MealTicket"},{"floor":41,"key":"Happy Flower"},{"floor":42,"key":"Mercury Hourglass"},{"floor":43,"key":"Pocketwatch"},{"floor":47,"key":"War Paint"}],"event_choices":[{"damage_healed":0,"gold_gain":0,"player_choice":"Got Potions","damage_taken":0,"max_hp_gain":0,"max_hp_loss":0,"event_name":"Lab","floor":2,"gold_loss":0},{"damage_healed":0,"gold_gain":0,"player_choice":"Take Damage","damage_taken":26,"relics_obtained":["Golden Idol"],"max_hp_gain":0,"max_hp_loss":0,"event_name":"Golden Idol","floor":12,"gold_loss":0},{"damage_healed":0,"gold_gain":0,"player_choice":"Ignored","damage_taken":0,"max_hp_gain":0,"max_hp_loss":0,"event_name":"Liars Game","floor":14,"gold_loss":0},{"damage_healed":0,"gold_gain":0,"cards_transformed":["Strike_R"],"player_choice":"Transformed","damage_taken":0,"max_hp_gain":0,"max_hp_loss":0,"event_name":"Transmorgrifier","floor":19,"gold_loss":0,"cards_obtained":["Intimidate"]},{"damage_healed":0,"gold_gain":200,"player_choice":"Gold","damage_taken":0,"max_hp_gain":0,"max_hp_loss":0,"event_name":"Wheel of Change","floor":25,"gold_loss":0},{"cards_removed":["Ghostly Armor"],"damage_healed":0,"gold_gain":0,"player_choice":"Removed Skill","damage_taken":0,"max_hp_gain":0,"max_hp_loss":0,"event_name":"Falling","floor":45,"gold_loss":0}],"is_beta":true,"boss_relics":[{"not_picked":["Empty Cage","Black Blood"],"picked":"SlaversCollar"},{"not_picked":["Pandora\u0027s Box","Astrolabe"],"picked":"Runic Dome"}],"items_purged_floors":[36,44],"is_endless":false,"potions_floor_spawned":[1,5,10,21,31,35,41],"ascension_level":20}