{"gold_per_floor":[114,114,179,229,244,274,24,54,129,129,144,209,259,324,324,424,474,489,264,279,329,188,218,274,149,174,189,204,219,269,119,119,219,219,234,284,299,314,135,165,195,345,345,375,19,49,99,114,114,114],"floor_reached":51,"playtime":3043,"items_purged":["Strike_R","Strike_R","Defend_R","Strike_R"],"score":1070,"play_id":"6c0271c1-6bf7-49e3-9e33-af8015167c04","local_time":"20190116001610","daily_mods":["Cursed Run","Time Dilation","Lethality"],"is_ascension_mode":false,"campfire_choices":[{"data":"Bash","floor":10,"key":"SMITH"},{"data":"Spot Weakness","floor":15,"key":"SMITH"},{"data":"Pommel Strike","floor":32,"key":"SMITH"},{"data":"Sword Boomerang","floor":49,"key":"SMITH"}],"neow_cost":"","seed_source_timestamp":0,"circlet_count":0,"master_deck":["Strike_R","Strike_R+1","Defend_R","Defend_R","Bash+1","Spot Weakness+1","Shrug It Off","Impervious","Decay","Headbutt","Warcry+1","Warcry+1","Shame","Feed+1","Warcry+1","Pummel","Anger+1","Finesse+1","Pummel","Doubt","Pommel Strike+1","Sword Boomerang+1","Injury","Impervious+1","Dark Shackles+1","Thinking Ahead+1","Metamorphosis+1","Thinking Ahead+1","Pummel","Infernal Blade+1","Heavy Blade+1","Normality","Discovery+1","Shrug It Off+1","Writhe","Writhe"],"special_seed":17912,"relics":["Cursed Key","Darkstone Periapt","Du-Vu Doll","SsserpentHead","Pear","Shuriken","PreservedInsect","Toxic Egg 2","Tiny House","Vajra","Boot","Red Mask","Strawberry","MutagenicStrength","WingedGreaves","Question Card","Bird Faced Urn","Ancient Tea Set","Pen Nib","Bottled Flame","Mummified Hand"],"potions_floor_usage":[6,16,23,23,24,41,41,42,42,44,44,44,50],"damage_taken":[{"damage":0,"enemies":"Small Slimes","floor":1,"turns":2},{"damage":0,"enemies":"Cultist","floor":3,"turns":2},{"damage":0,"enemies":"2 Louse","floor":5,"turns":2},{"damage":9,"enemies":"Gremlin Nob","floor":6,"turns":4},{"damage":6,"enemies":"3 Sentries","floor":8,"turns":6},{"damage":0,"enemies":"2 Fungi Beasts","floor":11,"turns":3},{"damage":2,"enemies":"Looter","floor":12,"turns":2},{"damage":0,"enemies":"Blue Slaver","floor":14,"turns":1},{"damage":2,"enemies":"Slime Boss","floor":16,"turns":5},{"damage":8,"enemies":"2 Thieves","floor":18,"turns":3},{"damage":0,"enemies":"Spheric Guardian","floor":20,"turns":2},{"damage":4,"enemies":"Slavers","floor":23,"turns":2},{"damage":0,"enemies":"Masked Bandits","floor":24,"turns":2},{"damage":0,"enemies":"Snake Plant","floor":27,"turns":2},{"damage":0,"enemies":"Snecko","floor":28,"turns":2},{"damage":6,"enemies":"Centurion and Healer","floor":29,"turns":2},{"damage":32,"enemies":"Champ","floor":33,"turns":5},{"damage":0,"enemies":"Orb Walker","floor":35,"turns":2},{"damage":11,"enemies":"3 Shapes","floor":37,"turns":3},{"damage":9,"enemies":"Sphere and 2 Shapes","floor":38,"turns":5},{"damage":40,"enemies":"Nemesis","floor":40,"turns":3},{"damage":0,"enemies":"Reptomancer","floor":41,"turns":2},{"damage":0,"enemies":"Mind Bloom Boss Battle","floor":42,"turns":3},{"damage":0,"enemies":"Nemesis","floor":44,"turns":1},{"damage":0,"enemies":"Reptomancer","floor":46,"turns":1},{"damage":0,"enemies":"4 Shapes","floor":48,"turns":5},{"damage":18,"enemies":"Time Eater","floor":50,"turns":6}],"seed_played":"-4273612193647818048","potions_obtained":[{"floor":3,"key":"Swift Potion"},{"floor":11,"key":"AttackPotion"},{"floor":14,"key":"Poison Potion"},{"floor":16,"key":"SteroidPotion"},{"floor":17,"key":"Poison Potion"},{"floor":18,"key":"SteroidPotion"},{"floor":23,"key":"EntropicBrew"},{"floor":28,"key":"Explosive Potion"},{"floor":29,"key":"Fire Potion"},{"floor":35,"key":"Poison Potion"},{"floor":42,"key":"SteroidPotion"},{"floor":44,"key":"Fruit Juice"}],"is_trial":false,"path_per_floor":["M","?","M","?","M","E","$","E","T","R","M","M","?","M","R","B",null,"M","$","M","?","$","E","?","$","T","M","M","M","?","$","R","B",null,"M","?","M","M","$","E","E","?","T","E","$","E","?","M","R","B",null],"character_chosen":"IRONCLAD","items_purchased":["Shuriken","Vajra","Finesse+1","Thinking Ahead+1","Bottled Flame","Discovery+1","Shrug It Off+1"],"campfire_rested":0,"item_purchase_floors":[7,19,22,39,45,45,45],"current_hp_per_floor":[80,80,80,80,80,81,81,75,81,81,81,79,79,79,79,83,107,102,102,102,102,102,102,106,106,119,119,123,117,117,117,117,91,141,145,135,128,123,123,83,83,98,104,113,113,113,161,165,165,153],"gold":114,"neow_bonus":"","is_prod":false,"is_daily":true,"chose_seed":false,"campfire_upgraded":4,"win_rate":0,"timestamp":1547626570,"path_taken":["M","?","?","?","M","E","$","E","T","R","M","?","?","?","R","BOSS","M","$","M","?","?","E","?","$","T","M","M","M","?","$","R","BOSS","M","?","M","M","$","E","E","?","T","E","$","E","?","M","R","BOSS"],"build_version":"2019-01-14v2","purchased_purges":4,"victory":true,"max_hp_per_floor":[80,80,80,80,80,90,90,90,96,96,96,96,96,96,96,102,107,110,110,110,110,110,114,118,118,131,131,135,135,135,135,135,141,141,145,145,149,153,153,153,153,153,159,168,168,168,174,178,178,184],"card_choices":[{"not_picked":["Flex","Flame Barrier"],"picked":"Spot Weakness","floor":1},{"not_picked":["Warcry","Body Slam"],"picked":"Shrug It Off","floor":3},{"not_picked":["Perfected Strike","Thunderclap","True Grit"],"picked":"SKIP","floor":5},{"not_picked":["Warcry","Perfected Strike","Clothesline"],"picked":"SKIP","floor":6},{"not_picked":["Thunderclap","Dual Wield","Wild Strike"],"picked":"SKIP","floor":8},{"not_picked":["Exhume+1","Searing Blow"],"picked":"Headbutt","floor":11},{"not_picked":["Clothesline","Iron Wave"],"picked":"Warcry+1","floor":12},{"not_picked":["Twin Strike","Evolve"],"picked":"Warcry+1","floor":14},{"not_picked":["Bludgeon","Immolate"],"picked":"Feed","floor":16},{"not_picked":["Searing Blow","True Grit+1"],"picked":"Warcry+1","floor":17},{"not_picked":["Havoc+1","Flex+1"],"picked":"Pummel","floor":18},{"not_picked":["Pommel Strike","Rampage"],"picked":"Anger+1","floor":20},{"not_picked":["Feed","Headbutt"],"picked":"Pummel","floor":23},{"not_picked":["Cleave+1","Combust+1"],"picked":"Pommel Strike","floor":27},{"not_picked":["Reckless Charge","Pommel Strike"],"picked":"Sword Boomerang","floor":28},{"not_picked":["Wild Strike","Bludgeon","Clash"],"picked":"SKIP","floor":29},{"not_picked":["Bludgeon","Immolate"],"picked":"Impervious+1","floor":33},{"not_picked":["Pommel Strike","Headbutt","Armaments+1"],"picked":"SKIP","floor":35},{"not_picked":["Apotheosis+1","Mind Blast"],"picked":"Dark Shackles+1","floor":36},{"not_picked":["Panache","Impatience+1"],"picked":"Thinking Ahead+1","floor":36},{"not_picked":["The Bomb+1","Good Instincts+1"],"picked":"Metamorphosis+1","floor":36},{"not_picked":["Dropkick+1","Burning Pact+1","Armaments+1"],"picked":"SKIP","floor":37},{"not_picked":["Body Slam","Hemokinesis+1","Armaments+1"],"picked":"SKIP","floor":38},{"not_picked":["Flame Barrier+1","Pommel Strike+1"],"picked":"Pummel","floor":40},{"not_picked":["Bludgeon","Sentinel+1"],"picked":"Infernal Blade+1","floor":41},{"not_picked":["Warcry+1","Carnage+1","Seeing Red+1"],"picked":"Heavy Blade+1","floor":42},{"not_picked":["Hemokinesis","Entrench+1","Sword Boomerang+1","Heavy Blade+1"],"picked":"SKIP","floor":44},{"not_picked":["Perfected Strike+1","Armaments+1","Blood for Blood+1","Disarm+1"],"picked":"SKIP","floor":46},{"not_picked":["Heavy Blade","Wild Strike","Blood for Blood+1","Anger+1"],"picked":"SKIP","floor":48}],"player_experience":579329,"relics_obtained":[{"floor":6,"key":"Pear"},{"floor":8,"key":"PreservedInsect"},{"floor":9,"key":"Toxic Egg 2"},{"floor":23,"key":"Boot"},{"floor":24,"key":"Red Mask"},{"floor":26,"key":"Strawberry"},{"floor":40,"key":"WingedGreaves"},{"floor":41,"key":"Question Card"},{"floor":42,"key":"Bird Faced Urn"},{"floor":43,"key":"Ancient Tea Set"},{"floor":44,"key":"Pen Nib"},{"floor":46,"key":"Mummified Hand"}],"event_choices":[{"damage_healed":0,"gold_gain":0,"player_choice":"Trade","damage_taken":0,"relics_obtained":["SsserpentHead"],"max_hp_gain":0,"max_hp_loss":0,"event_name":"FaceTrader","floor":2,"gold_loss":0},{"damage_healed":0,"gold_gain":0,"player_choice":"1 cards matched","damage_taken":0,"max_hp_gain":0,"max_hp_loss":0,"event_name":"Match and Keep!","floor":4,"gold_loss":0,"cards_obtained":["Impervious"]},{"cards_removed":["Defend_R"],"damage_healed":0,"gold_gain":0,"player_choice":"Offered Basic","damage_taken":0,"max_hp_gain":0,"max_hp_loss":0,"event_name":"Bonfire Elementals","floor":13,"gold_loss":0},{"damage_healed":0,"gold_gain":0,"player_choice":"Upgraded","damage_taken":0,"max_hp_gain":0,"max_hp_loss":0,"event_name":"Upgrade Shrine","floor":21,"gold_loss":0,"cards_upgraded":["Feed"]},{"damage_healed":0,"gold_gain":0,"player_choice":"Fought Bandits","damage_taken":0,"max_hp_gain":0,"max_hp_loss":0,"event_name":"Masked Bandits","floor":24,"gold_loss":0},{"damage_healed":0,"gold_gain":0,"player_choice":"Inject Mutagens","damage_taken":0,"relics_obtained":["MutagenicStrength"],"max_hp_gain":0,"max_hp_loss":0,"event_name":"Drug Dealer","floor":30,"gold_loss":0},{"damage_healed":0,"gold_gain":0,"player_choice":"Memory 3","damage_taken":10,"max_hp_gain":0,"max_hp_loss":0,"event_name":"SensoryStone","floor":36,"gold_loss":0},{"damage_healed":0,"gold_gain":0,"player_choice":"Fight","damage_taken":0,"max_hp_gain":0,"max_hp_loss":0,"event_name":"MindBloom","floor":42,"gold_loss":0},{"damage_healed":42,"gold_gain":0,"player_choice":"Writhe","damage_taken":0,"max_hp_gain":0,"max_hp_loss":0,"event_name":"Winding Halls","floor":47,"gold_loss":0,"cards_obtained":["Writhe"]}],"is_beta":true,"boss_relics":[{"not_picked":["Lizard Tail","Eternal Feather"],"picked":"Tiny House"},{"not_picked":["Fusion Hammer","Runic Dome","Velvet Choker"]}],"items_purged_floors":[19,22,25,31],"is_endless":false,"potions_floor_spawned":[3,11,14,16,18,23,28,29,35,40,42,44],"ascension_level":0}