{"gold_per_floor":[112,112,127,143,143,168,168,187,187,201,201,201,216,242,242,313,313,325,325,49,0,13,13,30,30,30,30,30,30,30,61,61,61],"floor_reached":33,"playtime":1475,"items_purged":[],"score":546,"play_id":"7b3fbb0e-1f6a-4726-bddc-411085bfcfb1","local_time":"20190928151512","is_ascension_mode":true,"campfire_choices":[{"data":"Shockwave","floor":7,"key":"SMITH"},{"data":"Feel No Pain","floor":12,"key":"SMITH"},{"data":"True Grit","floor":15,"key":"SMITH"},{"floor":23,"key":"REST"},{"floor":25,"key":"REST"},{"data":"Corruption","floor":28,"key":"SMITH"},{"floor":32,"key":"REST"}],"neow_cost":"NONE","seed_source_timestamp":1003418738471400,"circlet_count":0,"master_deck":["AscendersBane","Strike_R","Strike_R","Strike_R","Strike_R","Strike_R","Defend_R","Defend_R","Defend_R","Defend_R","Bash","Fire Breathing+1","Shockwave+1","Battle Trance","Seeing Red","Feel No Pain+1","True Grit+1","Exhume","Offering","Spot Weakness","Carnage","Battle Trance","Body Slam","Armaments+1","Corruption+1","Barricade"],"special_seed":0,"relics":["Burning Blood","Anchor","The Courier","Nunchaku","Runic Dome","Prayer Wheel","Mercury Hourglass","Smiling Mask"],"potions_floor_usage":[14,14,16,16,33],"damage_taken":[{"damage":2,"enemies":"2 Louse","floor":1,"turns":3},{"damage":9,"enemies":"Jaw Worm","floor":3,"turns":5},{"damage":4,"enemies":"Cultist","floor":4,"turns":3},{"damage":35,"enemies":"3 Sentries","floor":6,"turns":5},{"damage":0,"enemies":"Looter","floor":8,"turns":4},{"damage":1,"enemies":"Red Slaver","floor":10,"turns":3},{"damage":12,"enemies":"Exordium Wildlife","floor":13,"turns":6},{"damage":36,"enemies":"Gremlin Nob","floor":14,"turns":4},{"damage":31,"enemies":"Hexaghost","floor":16,"turns":13},{"damage":26,"enemies":"Shell Parasite","floor":18,"turns":12},{"damage":29,"enemies":"Spheric Guardian","floor":22,"turns":6},{"damage":23,"enemies":"3 Cultists","floor":24,"turns":5},{"damage":16,"enemies":"Slavers","floor":31,"turns":5},{"damage":75,"enemies":"Collector","floor":33,"turns":9}],"seed_played":"-6158532836751738809","potions_obtained":[{"floor":1,"key":"FearPotion"},{"floor":6,"key":"EntropicBrew"},{"floor":13,"key":"Fire Potion"},{"floor":16,"key":"FearPotion"},{"floor":18,"key":"GamblersBrew"}],"is_trial":false,"path_per_floor":["M","?","M","M","?","E","R","M","T","M","?","R","M","E","R","B",null,"M","?","$","?","M","R","M","R","T","?","R","$","$","E","R","B"],"character_chosen":"IRONCLAD","items_purchased":["Prayer Wheel"],"campfire_rested":3,"item_purchase_floors":[20],"current_hp_per_floor":[79,84,81,83,87,58,58,64,64,69,69,69,63,33,33,8,67,47,47,47,47,24,50,33,59,59,59,59,59,59,49,75,0],"gold":61,"neow_bonus":"TEN_PERCENT_HP_BONUS","is_prod":false,"is_daily":false,"chose_seed":false,"campfire_upgraded":4,"win_rate":0,"timestamp":1569708912,"path_taken":["M","?","M","M","?","E","R","M","T","?","?","R","M","E","R","BOSS","M","?","$","?","M","R","M","R","T","?","R","?","$","E","R","BOSS"],"build_version":"2019-09-27","purchased_purges":0,"victory":false,"max_hp_per_floor":[82,87,87,87,87,87,87,87,87,87,87,87,87,87,87,87,87,87,87,87,87,87,87,87,87,87,87,87,87,87,87,87,87],"card_choices":[{"not_picked":["Thunderclap","True Grit"],"picked":"Fire Breathing","floor":1},{"not_picked":["Warcry","Heavy Blade"],"picked":"Shockwave","floor":3},{"not_picked":["Twin Strike","Blood for Blood","Body Slam"],"picked":"SKIP","floor":4},{"not_picked":["Combust","Shrug It Off"],"picked":"Battle Trance","floor":6},{"not_picked":["Bloodletting","Cleave"],"picked":"Seeing Red","floor":8},{"not_picked":["Infernal Blade","Blood for Blood"],"picked":"Feel No Pain","floor":10},{"not_picked":["Pummel","Warcry"],"picked":"True Grit","floor":13},{"not_picked":["Blood for Blood","Entrench"],"picked":"Exhume","floor":14},{"not_picked":["Double Tap","Juggernaut"],"picked":"Offering","floor":16},{"not_picked":["Wild Strike","Feel No Pain"],"picked":"Spot Weakness","floor":18},{"not_picked":["Flex+1","Headbutt"],"picked":"Battle Trance","floor":22},{"not_picked":["Ghostly Armor+1","Wild Strike"],"picked":"Body Slam","floor":22},{"not_picked":["Entrench","Headbutt"],"picked":"Armaments+1","floor":24},{"not_picked":["Twin Strike+1","Seeing Red"],"picked":"Corruption","floor":24},{"not_picked":["Shrug It Off","Dual Wield"],"picked":"Barricade","floor":31}],"player_experience":1099387,"relics_obtained":[{"floor":6,"key":"Anchor"},{"floor":9,"key":"The Courier"},{"floor":14,"key":"Nunchaku"},{"floor":26,"key":"Mercury Hourglass"},{"floor":31,"key":"Smiling Mask"}],"event_choices":[{"damage_healed":0,"gold_gain":0,"player_choice":"Donut","damage_taken":0,"max_hp_gain":5,"max_hp_loss":0,"event_name":"Big Fish","floor":2,"gold_loss":0},{"damage_healed":4,"gold_gain":0,"player_choice":"Full Heal","damage_taken":0,"max_hp_gain":0,"max_hp_loss":0,"event_name":"Wheel of Change","floor":5,"gold_loss":0},{"damage_healed":0,"gold_gain":0,"player_choice":"Upgraded","damage_taken":0,"max_hp_gain":0,"max_hp_loss":0,"event_name":"Upgrade Shrine","floor":11,"gold_loss":0,"cards_upgraded":["Fire Breathing"]},{"damage_healed":0,"gold_gain":0,"player_choice":"Read","damage_taken":0,"max_hp_gain":0,"max_hp_loss":0,"event_name":"The Library","floor":19,"gold_loss":0,"cards_obtained":["Carnage"]},{"damage_healed":0,"gold_gain":0,"player_choice":"Paid Fearfully","damage_taken":0,"max_hp_gain":0,"max_hp_loss":0,"event_name":"Masked Bandits","floor":21,"gold_loss":49},{"damage_healed":0,"gold_gain":0,"player_choice":"Ignored","damage_taken":0,"max_hp_gain":0,"max_hp_loss":0,"event_name":"The Mausoleum","floor":27,"gold_loss":0}],"is_beta":true,"boss_relics":[{"not_picked":["SacredBark","Coffee Dripper"],"picked":"Runic Dome"}],"items_purged_floors":[],"is_endless":false,"potions_floor_spawned":[1,6,13,14,16,18],"killed_by":"Collector","ascension_level":20}