{"gold_per_floor":[212,224,35,45,63,63,96,96,96,96,96],"floor_reached":11,"playtime":730,"items_purged":["Strike_G"],"score":124,"play_id":"4bba733f-0642-4e1a-afac-ee3e545dc804","local_time":"20190922200152","is_ascension_mode":true,"campfire_choices":[{"data":"Neutralize","floor":6,"key":"SMITH"},{"data":"Finisher","floor":8,"key":"SMITH"},{"floor":10,"key":"REST"}],"neow_cost":"NONE","seed_source_timestamp":81224354050300,"circlet_count":0,"master_deck":["AscendersBane","Strike_G","Strike_G","Strike_G","Strike_G","Defend_G","Defend_G","Defend_G","Defend_G","Defend_G","Survivor","Neutralize+1","Poisoned Stab","Endless Agony","Dagger Throw","Finisher+1","PiercingWail","Backstab"],"relics":["Ring of the Snake","Dodecahedron","HornCleat"],"potions_floor_usage":[7],"damage_taken":[{"damage":2,"enemies":"Cultist","floor":1,"turns":5},{"damage":7,"enemies":"Jaw Worm","floor":2,"turns":4},{"damage":0,"enemies":"Small Slimes","floor":4,"turns":3},{"damage":8,"enemies":"Exordium Thugs","floor":5,"turns":5},{"damage":27,"enemies":"3 Sentries","floor":7,"turns":10},{"damage":35,"enemies":"Lagavulin","floor":11,"turns":7}],"seed_played":"6881114043633823536","potions_obtained":[{"floor":4,"key":"CunningPotion"}],"is_trial":false,"path_per_floor":["M","M","$","M","M","R","E","R","T","R","E"],"character_chosen":"THE_SILENT","items_purchased":["Dagger Throw","Finisher"],"campfire_rested":1,"item_purchase_floors":[3,3],"current_hp_per_floor":[57,50,50,50,42,42,15,15,15,34,0],"gold":96,"neow_bonus":"HUNDRED_GOLD","is_prod":false,"is_daily":false,"chose_seed":false,"campfire_upgraded":2,"win_rate":0,"timestamp":1569150112,"path_taken":["M","?","$","M","M","R","E","R","T","R","E"],"build_version":"2019-09-20","purchased_purges":1,"victory":false,"max_hp_per_floor":[66,66,66,66,66,66,66,66,66,66,66],"card_choices":[{"not_picked":["Deflect","Leg Sweep"],"picked":"Poisoned Stab","floor":1},{"not_picked":["Calculated Gamble","Quick Slash"],"picked":"Endless Agony","floor":2},{"not_picked":["Quick Slash","Acrobatics"],"picked":"PiercingWail","floor":4},{"not_picked":["PiercingWail","Escape Plan","Quick Slash"],"picked":"SKIP","floor":5},{"not_picked":["Dodge and Roll","Expertise"],"picked":"Backstab","floor":7}],"player_experience":830632,"relics_obtained":[{"floor":7,"key":"Dodecahedron"},{"floor":9,"key":"HornCleat"}],"event_choices":[],"is_beta":true,"boss_relics":[],"items_purged_floors":[3],"is_endless":false,"potions_floor_spawned":[4],"killed_by":"Lagavulin","ascension_level":14}