{"gold_per_floor":[213,230,246,264,25,53,64,64,64,83,83,93,93,103,103,200,200,125,125,125,125,125,125,125,125,125,125,125,125,125,125,125,125],"floor_reached":33,"playtime":3367,"items_purged":[],"score":297,"play_id":"1db7e049-5955-4c44-9fc7-e9c855dbd861","local_time":"20190310212418","is_ascension_mode":false,"campfire_choices":[{"data":"Rainbow","floor":11,"key":"SMITH"},{"data":"Fusion","floor":13,"key":"SMITH"},{"data":"Dualcast","floor":15,"key":"SMITH"},{"data":"Rainbow","floor":23,"key":"SMITH"},{"floor":25,"key":"REST"},{"data":"Go for the Eyes","floor":28,"key":"SMITH"},{"floor":32,"key":"REST"}],"neow_cost":"NONE","seed_source_timestamp":19107011244551,"circlet_count":0,"master_deck":["Strike_B","Strike_B","Strike_B","Strike_B","Defend_B","Defend_B","Defend_B","Defend_B","Zap","Dualcast+1","Coolheaded","Go for the Eyes+1","Cold Snap","Skim","Self Repair","Rainbow+1","Fusion+1","Rainbow+1","Chill+1","Force Field+1","Steam+1","Redo","Ball Lightning+1","Electrodynamics","Hello World","Undo"],"relics":["Cracked Core","Toolbox","Mummified Hand","Du-Vu Doll","Ectoplasm","Darkstone Periapt","Bottled Flame","Ginger"],"potions_floor_usage":[6,16,27,27,33,33,33],"damage_taken":[{"damage":1,"enemies":"2 Louse","floor":1,"turns":4},{"damage":4,"enemies":"Jaw Worm","floor":2,"turns":3},{"damage":0,"enemies":"Cultist","floor":3,"turns":3},{"damage":14,"enemies":"Large Slime","floor":4,"turns":7},{"damage":9,"enemies":"Gremlin Nob","floor":6,"turns":5},{"damage":5,"enemies":"Exordium Thugs","floor":7,"turns":4},{"damage":0,"enemies":"2 Fungi Beasts","floor":10,"turns":2},{"damage":4,"enemies":"Red Slaver","floor":12,"turns":4},{"damage":0,"enemies":"Large Slime","floor":14,"turns":4},{"damage":41,"enemies":"Hexaghost","floor":16,"turns":10},{"damage":22,"enemies":"2 Thieves","floor":18,"turns":4},{"damage":8,"enemies":"3 Byrds","floor":19,"turns":4},{"damage":11,"enemies":"Snake Plant","floor":20,"turns":4},{"damage":13,"enemies":"Sentry and Sphere","floor":21,"turns":6},{"damage":0,"enemies":"3 Cultists","floor":22,"turns":5},{"damage":13,"enemies":"Cultist and Chosen","floor":24,"turns":7},{"damage":29,"enemies":"Gremlin Leader","floor":27,"turns":6},{"damage":15,"enemies":"Chosen and Byrds","floor":29,"turns":6},{"damage":9,"enemies":"Slavers","floor":30,"turns":3},{"damage":8,"enemies":"Centurion and Healer","floor":31,"turns":7},{"damage":72,"enemies":"Automaton","floor":33,"turns":14}],"seed_played":"610866844660850515","potions_obtained":[{"floor":2,"key":"PowerPotion"},{"floor":10,"key":"Poison Potion"},{"floor":12,"key":"Fire Potion"},{"floor":14,"key":"Explosive Potion"},{"floor":16,"key":"Block Potion"},{"floor":22,"key":"AttackPotion"},{"floor":30,"key":"FearPotion"},{"floor":31,"key":"Poison Potion"}],"is_trial":false,"path_per_floor":["M","M","M","M","$","E","M","?","T","M","R","M","R","M","R","B",null,"M","M","M","M","M","R","M","R","T","E","R","M","E","M","R","B"],"character_chosen":"DEFECT","items_purchased":["Toolbox","Self Repair"],"campfire_rested":2,"item_purchase_floors":[5,5],"current_hp_per_floor":[74,70,70,56,56,54,49,49,49,49,49,52,52,59,59,25,75,60,62,58,52,59,59,53,75,75,53,53,45,36,35,57,0],"gold":125,"neow_bonus":"HUNDRED_GOLD","is_prod":false,"is_daily":false,"chose_seed":false,"campfire_upgraded":5,"win_rate":0.0,"timestamp":1552267458,"path_taken":["M","M","M","M","$","E","M","?","T","M","R","M","R","M","R","BOSS","M","M","M","M","M","R","M","R","T","E","R","M","E","M","R","BOSS"],"build_version":"2019-01-23","purchased_purges":0,"victory":false,"max_hp_per_floor":[75,75,75,75,75,75,75,75,75,75,75,75,75,75,75,75,75,75,75,75,75,75,75,75,75,75,75,75,75,75,75,75,75],"card_choices":[{"not_picked":["Stack","Streamline"],"picked":"Coolheaded","floor":1},{"not_picked":["Gash","Streamline"],"picked":"Go for the Eyes","floor":2},{"not_picked":["Leap","Coolheaded"],"picked":"Cold Snap","floor":3},{"not_picked":["Beam Cell","Streamline"],"picked":"Skim","floor":4},{"not_picked":["Heatsinks","Redo"],"picked":"Rainbow","floor":6},{"not_picked":["Rebound","Undo","Coolheaded"],"picked":"SKIP","floor":7},{"not_picked":["Rebound","Go for the Eyes","Coolheaded"],"picked":"SKIP","floor":10},{"not_picked":["Gash","Go for the Eyes"],"picked":"Fusion","floor":12},{"not_picked":["Coolheaded","Steam","Go for the Eyes"],"picked":"SKIP","floor":14},{"not_picked":["All For One","Biased Cognition"],"picked":"Rainbow","floor":16},{"not_picked":["Cold Snap","Redo"],"picked":"Chill+1","floor":18},{"not_picked":["Hologram","White Noise"],"picked":"Force Field+1","floor":19},{"not_picked":["Cold Snap","Heatsinks","Hologram"],"picked":"SKIP","floor":20},{"not_picked":["Barrage","Reprogram"],"picked":"Steam+1","floor":21},{"not_picked":["Force Field+1","Skim"],"picked":"Redo","floor":22},{"not_picked":["Lockon+1","Conserve Battery+1"],"picked":"Ball Lightning+1","floor":24},{"not_picked":["Scrape","Reinforced Body"],"picked":"Electrodynamics","floor":27},{"not_picked":["Compile Driver","Cold Snap"],"picked":"Hello World","floor":29},{"not_picked":["Redo","Cold Snap"],"picked":"Undo","floor":30},{"not_picked":["Coolheaded","Gash","Go for the Eyes"],"picked":"SKIP","floor":31}],"player_experience":22051,"relics_obtained":[{"floor":6,"key":"Mummified Hand"},{"floor":9,"key":"Du-Vu Doll"},{"floor":26,"key":"Darkstone Periapt"},{"floor":27,"key":"Bottled Flame"},{"floor":30,"key":"Ginger"}],"event_choices":[{"damage_healed":0,"gold_gain":0,"player_choice":"Ignored","damage_taken":0,"max_hp_gain":0,"max_hp_loss":0,"event_name":"Liars Game","floor":8,"gold_loss":0}],"is_beta":false,"boss_relics":[{"not_picked":["Coffee Dripper","Snecko Eye"],"picked":"Ectoplasm"}],"items_purged_floors":[],"is_endless":false,"potions_floor_spawned":[2,10,12,14,16,20,22,30,31],"killed_by":"Automaton","ascension_level":0}