{"path_per_floor":["M","$","?","?","M","R","?","M","T","E","R","E","R","M","R","B",null,"M","?","M","?","$","R","?","R","T","E","R","$","?","E","R","B",null,"M","?","?","$","M","E","M","E","T","M","R","E","M","$","R","B"],"character_chosen":"THE_SILENT","items_purchased":["Frozen Egg 2","Apotheosis","Outmaneuver"],"gold_per_floor":[114,39,39,39,54,54,229,244,244,274,274,304,304,319,319,419,419,434,434,449,449,99,99,99,99,99,129,129,4,4,34,34,134,134,149,149,149,29,44,74,89,119,119,134,134,164,179,16,16,16],"floor_reached":51,"campfire_rested":0,"playtime":2686,"current_hp_per_floor":[69,69,69,69,69,69,75,75,81,77,77,62,62,62,62,75,88,82,82,79,63,63,71,77,85,91,67,77,77,77,78,88,102,134,134,134,134,134,134,120,120,111,117,121,142,127,135,135,149,148],"items_purged":["Defend_G","Regret","Regret","Normality"],"gold":16,"score":1052,"play_id":"52137ce0-86ee-460e-8b54-e531027083a2","local_time":"20180324220948","daily_mods":["Heirloom","Cursed Run","Elite Swarm"],"is_prod":false,"is_daily":true,"is_ascension_mode":false,"campfire_upgraded":0,"timestamp":1521954588,"path_taken":["M","$","?","?","M","R","?","?","T","E","R","E","R","M","R","BOSS","M","?","M","?","$","R","?","R","T","E","R","$","?","E","R","BOSS","M","?","?","$","M","E","M","E","T","M","R","E","M","$","R","BOSS"],"build_version":"2018-03-22","purchased_purges":4,"victory":true,"master_deck":["Defend_G","Defend_G","Defend_G","Defend_G","Strike_G","Strike_G","Strike_G","Strike_G+1","Strike_G","Survivor","Neutralize","Blur","Neutralize+1","Poisoned Stab","Doubt","Deflect","Parasite","After Image","After Image","Malaise","Die Die Die","Skewer+1","Deadly Poison+1","Decay","Storm of Steel","Doppelganger+1","Regret","Glass Knife","Doubt","Pain","Bane","Cloak And Dagger+1","Backflip+1","After Image+1","Decay","Adrenaline+1","PiercingWail+1","Apotheosis+1","Outmaneuver+1","Writhe"],"max_hp_per_floor":[70,70,70,70,70,70,76,76,82,82,82,82,82,82,82,88,88,88,88,88,88,88,88,94,94,100,100,100,100,100,100,100,106,134,134,134,134,134,134,136,136,136,142,144,151,151,151,151,151,157],"relics":["Cursed Key","Darkstone Periapt","Du-Vu Doll","Girya","Bronze Scales","Dead Branch","Shovel","Orichalcum","Eternal Feather","Enchiridion","Frozen Egg 2","Vajra","Dodecahedron","Bird Faced Urn","Oddly Smooth Stone","Whetstone","Toxic Egg 2","Singing Bowl","Calling Bell","Ancient Tea Set","Pear","Bag of Preparation","The Courier","Dream Catcher","Blood Vial","Ginger","Strawberry","Kunai","Art of War"],"card_choices":[{"not_picked":["Deflect","Eviscerate"],"picked":"Blur","floor":1},{"not_picked":["Predator","Prepared"],"picked":"Poisoned Stab","floor":5},{"not_picked":["Bane","Deadly Poison"],"picked":"Deflect","floor":8},{"not_picked":["Corpse Explosion","Envenom"],"picked":"After Image","floor":10},{"not_picked":["Night Terror","Storm of Steel"],"picked":"After Image","floor":12},{"not_picked":["Acrobatics","Underhanded Strike"],"picked":"Malaise","floor":14},{"not_picked":["Wraith Form","Burst"],"picked":"Die Die Die","floor":16},{"not_picked":["Bane","Accuracy"],"picked":"Skewer","floor":18},{"not_picked":["Prepared","Leg Sweep"],"picked":"Deadly Poison","floor":20},{"not_picked":["Corpse Explosion","Tools of the Trade"],"picked":"Storm of Steel","floor":27},{"not_picked":["Tools of the Trade","Night Terror"],"picked":"Doppelganger","floor":31},{"not_picked":["Doppelganger","Grand Finale"],"picked":"Glass Knife","floor":33},{"not_picked":["Underhanded Strike","Dash"],"picked":"Bane","floor":35},{"not_picked":["Poisoned Stab","Quick Slash"],"picked":"Cloak And Dagger","floor":39},{"not_picked":["Backstab","Dagger Spray"],"picked":"Backflip","floor":41},{"not_picked":["Grand Finale","Adrenaline"],"picked":"After Image","floor":42},{"not_picked":["Phantasmal Killer","Envenom"],"picked":"Adrenaline","floor":46},{"not_picked":["Blade Dance","Malaise"],"picked":"PiercingWail","floor":47}],"player_experience":378463,"potions_floor_usage":[12,16,16,20,33,40,41,50],"damage_taken":[{"damage":1,"enemies":"Jaw Worm","floor":1,"turns":4},{"damage":0,"enemies":"Cultist","floor":5,"turns":4},{"damage":0,"enemies":"2 Louse","floor":8,"turns":2},{"damage":4,"enemies":"3 Sentries","floor":10,"turns":8},{"damage":15,"enemies":"Gremlin Nob","floor":12,"turns":4},{"damage":0,"enemies":"Blue Slaver","floor":14,"turns":3},{"damage":8,"enemies":"Slime Boss","floor":16,"turns":8},{"damage":6,"enemies":"Spheric Guardian","floor":18,"turns":3},{"damage":3,"enemies":"3 Byrds","floor":20,"turns":2},{"damage":28,"enemies":"Book of Stabbing","floor":27,"turns":4},{"damage":5,"enemies":"Slavers","floor":31,"turns":4},{"damage":12,"enemies":"Collector","floor":33,"turns":8},{"damage":0,"enemies":"Orb Walker","floor":35,"turns":1},{"damage":0,"enemies":"Flame Bruiser 1 Orb","floor":39,"turns":3},{"damage":22,"enemies":"Nemesis","floor":40,"turns":5},{"damage":4,"enemies":"4 Shapes","floor":41,"turns":3},{"damage":13,"enemies":"2 Orb Walkers","floor":42,"turns":3},{"damage":8,"enemies":"Spire Growth","floor":44,"turns":3},{"damage":27,"enemies":"Nemesis","floor":46,"turns":5},{"damage":0,"enemies":"Sphere and 2 Shapes","floor":47,"turns":3},{"damage":9,"enemies":"Donu and Deca","floor":50,"turns":4}],"event_choices":[{"event_name":"Match and Keep!","player_choice":"1 cards matched","floor":3,"damage_taken":0},{"event_name":"The Cleric","player_choice":"Leave","floor":4,"damage_taken":0},{"event_name":"Liars Game","player_choice":"agreed","floor":7,"damage_taken":0},{"event_name":"Drug Dealer","player_choice":"Ignored","floor":19,"damage_taken":0},{"event_name":"Cursed Tome","player_choice":"Obtained Book","floor":21,"damage_taken":0},{"event_name":"Forgotten Altar","player_choice":"Smashed Altar","floor":24,"damage_taken":0},{"event_name":"Addict","player_choice":"Ignored","floor":30,"damage_taken":0},{"event_name":"Wheel of Change","player_choice":"Relic","floor":36,"damage_taken":0},{"event_name":"Mysterious Sphere","player_choice":"Ignore","floor":37,"damage_taken":0}],"boss_relics":[{"not_picked":["White Beast Statue","Lizard Tail"],"picked":"Eternal Feather"},{"not_picked":["Pandora\u0027s Box","Runic Dome"],"picked":"Calling Bell"}],"potions_floor_spawned":[1,10,14,18,27,33,39,46],"seed_played":"-458385073084776932","ascension_level":0,"is_trial":false}