{"gold_per_floor":[213,225,225,225,238,238,279,1,1,1,41,41,61,75,75,204,204,227,0,0,18,37,37],"floor_reached":23,"playtime":1059,"items_purged":["Injury"],"score":211,"play_id":"ed64ab47-b3db-4b72-b0c9-a015d7642a0a","local_time":"20190318180538","is_ascension_mode":true,"campfire_choices":[{"data":"Infinite Blades","floor":6,"key":"SMITH"},{"floor":12,"key":"REST"},{"floor":15,"key":"REST"}],"neow_cost":"NONE","seed_source_timestamp":66711634260345,"circlet_count":0,"master_deck":["Defend_G","Defend_G","Defend_G","Defend_G","Defend_G","Strike_G","Strike_G","Strike_G","Strike_G","Strike_G","Survivor","Neutralize","Infinite Blades+1","Deadly Poison","Sucker Punch","Heel Hook","Well Laid Plans","Setup","Poisoned Stab","Glass Knife","PiercingWail","Distraction"],"relics":["Ring of the Snake","Golden Idol","Peace Pipe","TwistedFunnel","Shuriken","Regal Pillow","Lizard Tail","Nilry\u0027s Codex"],"potions_floor_usage":[7,14,23,23,23],"damage_taken":[{"damage":1,"enemies":"2 Louse","floor":1,"turns":2},{"damage":0,"enemies":"Small Slimes","floor":2,"turns":5},{"damage":1,"enemies":"Cultist","floor":5,"turns":4},{"damage":20,"enemies":"Gremlin Nob","floor":7,"turns":5},{"damage":20,"enemies":"3 Sentries","floor":11,"turns":8},{"damage":6,"enemies":"3 Louse","floor":13,"turns":2},{"damage":19,"enemies":"Gremlin Gang","floor":14,"turns":3},{"damage":38,"enemies":"The Guardian","floor":16,"turns":10},{"damage":17,"enemies":"3 Byrds","floor":18,"turns":4},{"damage":11,"enemies":"Chosen","floor":21,"turns":5},{"damage":35,"enemies":"Snecko","floor":22,"turns":5},{"damage":38,"enemies":"Slavers","floor":23,"turns":2}],"seed_played":"3057068981636264655","potions_obtained":[{"floor":1,"key":"Block Potion"},{"floor":13,"key":"Weak Potion"},{"floor":16,"key":"Dexterity Potion"},{"floor":21,"key":"Strength Potion"},{"floor":22,"key":"SneckoOil"}],"is_trial":false,"path_per_floor":["M","M","?","?","M","R","E","$","T","?","E","R","M","M","R","B",null,"M","?","?","M","M","E"],"character_chosen":"THE_SILENT","items_purchased":["TwistedFunnel"],"campfire_rested":2,"item_purchase_floors":[8],"current_hp_per_floor":[69,69,69,69,68,68,48,48,48,48,28,64,58,39,70,32,70,53,53,37,26,35,0],"gold":37,"neow_bonus":"HUNDRED_GOLD","is_prod":false,"is_daily":false,"chose_seed":false,"campfire_upgraded":1,"win_rate":0,"timestamp":1552946738,"path_taken":["M","M","?","?","M","R","E","$","T","?","E","R","M","M","R","BOSS","M","?","?","M","M","E"],"build_version":"2019-01-23","purchased_purges":1,"victory":false,"max_hp_per_floor":[70,70,70,70,70,70,70,70,70,70,70,70,70,70,70,70,70,70,70,70,70,70,70],"card_choices":[{"not_picked":["Escape Plan","Deflect"],"picked":"Infinite Blades","floor":1},{"not_picked":["Cloak And Dagger","Dodge and Roll"],"picked":"Deadly Poison","floor":2},{"not_picked":["Blade Dance","Dodge and Roll"],"picked":"Sucker Punch","floor":5},{"not_picked":["Cloak And Dagger","Prepared"],"picked":"Heel Hook","floor":7},{"not_picked":["Escape Plan","Prepared"],"picked":"Well Laid Plans","floor":11},{"not_picked":["Heel Hook","Deadly Poison"],"picked":"Setup","floor":13},{"not_picked":["Dagger Spray","Predator"],"picked":"Poisoned Stab","floor":14},{"not_picked":["Tools of the Trade","Malaise"],"picked":"Glass Knife","floor":16},{"not_picked":["Slice","Backflip"],"picked":"PiercingWail","floor":18},{"not_picked":["Outmaneuver","Expertise+1","Dodge and Roll"],"picked":"SKIP","floor":21},{"not_picked":["Quick Slash","Slice"],"picked":"Distraction","floor":22}],"player_experience":87982,"relics_obtained":[{"floor":7,"key":"Peace Pipe"},{"floor":9,"key":"Shuriken"},{"floor":11,"key":"Regal Pillow"},{"floor":20,"key":"Nilry\u0027s Codex"}],"event_choices":[{"damage_healed":0,"gold_gain":0,"player_choice":"Take Wound","damage_taken":0,"relics_obtained":["Golden Idol"],"max_hp_gain":0,"max_hp_loss":0,"event_name":"Golden Idol","floor":3,"gold_loss":0,"cards_obtained":["Injury"]},{"damage_healed":0,"gold_gain":0,"player_choice":"Ignored","damage_taken":0,"max_hp_gain":0,"max_hp_loss":0,"event_name":"Golden Wing","floor":4,"gold_loss":0},{"damage_healed":0,"gold_gain":0,"player_choice":"Leave","damage_taken":0,"max_hp_gain":0,"max_hp_loss":0,"event_name":"The Cleric","floor":10,"gold_loss":0},{"damage_healed":0,"gold_gain":0,"player_choice":"Paid Fearfully","damage_taken":0,"max_hp_gain":0,"max_hp_loss":0,"event_name":"Masked Bandits","floor":19,"gold_loss":227},{"damage_healed":0,"gold_gain":0,"player_choice":"Obtained Book","damage_taken":16,"max_hp_gain":0,"max_hp_loss":0,"event_name":"Cursed Tome","floor":20,"gold_loss":0}],"is_beta":false,"boss_relics":[{"not_picked":["Ectoplasm","Black Star"],"picked":"Lizard Tail"}],"items_purged_floors":[8],"is_endless":false,"potions_floor_spawned":[1,13,16,21,22],"killed_by":"Slavers","ascension_level":1}