{"gold_per_floor":[118,138,158,333,333,361,361,380,405,40,66,86,102,73,73,73],"floor_reached":16,"playtime":1745,"items_purged":[],"score":114,"play_id":"83854d0a-47fc-42b0-9ca8-f7a4e7ea10b9","local_time":"20190310134519","is_ascension_mode":false,"campfire_choices":[{"floor":7,"key":"REST"},{"floor":15,"key":"REST"}],"neow_cost":"NONE","seed_source_timestamp":1987598975074,"circlet_count":0,"master_deck":["Defend_G","Defend_G","Defend_G+1","Defend_G","Defend_G","Strike_G","Strike_G","Strike_G","Strike_G","Strike_G","Survivor","Neutralize","Well Laid Plans","Dagger Spray","Distraction","Doubt","Calculated Gamble+1","Acrobatics","Footwork","PiercingWail","Acrobatics","Underhanded Strike"],"relics":["Ring of the Snake","NeowsBlessing","Oddly Smooth Stone","Anchor","Boot","Gambling Chip","War Paint"],"potions_floor_usage":[6,16],"damage_taken":[{"damage":0,"enemies":"2 Louse","floor":1,"turns":1},{"damage":0,"enemies":"Cultist","floor":2,"turns":1},{"damage":0,"enemies":"Small Slimes","floor":3,"turns":1},{"damage":46,"enemies":"Gremlin Nob","floor":6,"turns":6},{"damage":9,"enemies":"Blue Slaver","floor":8,"turns":5},{"damage":7,"enemies":"Lagavulin","floor":11,"turns":14},{"damage":5,"enemies":"2 Fungi Beasts","floor":12,"turns":3},{"damage":0,"enemies":"Lots of Slimes","floor":13,"turns":1},{"damage":3,"enemies":"Exordium Thugs","floor":14,"turns":5},{"damage":54,"enemies":"The Guardian","floor":16,"turns":19}],"seed_played":"-2813255125196721118","potions_obtained":[{"floor":1,"key":"Fire Potion"},{"floor":2,"key":"FearPotion"},{"floor":3,"key":"Swift Potion"},{"floor":13,"key":"SmokeBomb"}],"is_trial":false,"path_per_floor":["M","M","M","?","?","E","R","M","T","$","E","M","M","M","R","B"],"character_chosen":"THE_SILENT","items_purchased":["Gambling Chip","Footwork"],"campfire_rested":2,"item_purchase_floors":[10,10],"current_hp_per_floor":[70,70,70,70,70,24,45,36,36,36,29,24,24,21,42,0],"gold":73,"neow_bonus":"THREE_ENEMY_KILL","is_prod":false,"is_daily":false,"chose_seed":false,"campfire_upgraded":0,"win_rate":0.0,"timestamp":1552239919,"path_taken":["M","M","M","?","?","E","R","M","T","$","E","M","M","M","R","BOSS"],"build_version":"2019-01-23","purchased_purges":0,"victory":false,"max_hp_per_floor":[70,70,70,70,70,70,70,70,70,70,70,70,70,70,70,70],"card_choices":[{"not_picked":["Flechettes","Flying Knee"],"picked":"Well Laid Plans","floor":1},{"not_picked":["Reflex","Dagger Throw"],"picked":"Dagger Spray","floor":2},{"not_picked":["Leg Sweep","Flying Knee"],"picked":"Distraction","floor":3},{"not_picked":["Prepared","Heel Hook"],"picked":"Calculated Gamble","floor":6},{"not_picked":["Dagger Throw","Poisoned Stab"],"picked":"Acrobatics","floor":8},{"not_picked":["Flying Knee","Prepared"],"picked":"PiercingWail","floor":11},{"not_picked":["Calculated Gamble","Prepared"],"picked":"Acrobatics","floor":12},{"not_picked":["All Out Attack","Infinite Blades"],"picked":"Underhanded Strike","floor":13},{"not_picked":["Deflect","Dash","Prepared"],"picked":"SKIP","floor":14}],"player_experience":9446,"relics_obtained":[{"floor":6,"key":"Anchor"},{"floor":9,"key":"Boot"},{"floor":11,"key":"War Paint"}],"event_choices":[{"damage_healed":0,"gold_gain":175,"player_choice":"AGREE","damage_taken":0,"max_hp_gain":0,"max_hp_loss":0,"event_name":"Liars Game","floor":4,"gold_loss":0,"cards_obtained":["Doubt"]},{"damage_healed":0,"gold_gain":0,"player_choice":"Gave Potion","damage_taken":0,"relics_obtained":["Oddly Smooth Stone"],"max_hp_gain":0,"max_hp_loss":0,"event_name":"WeMeetAgain","floor":5,"gold_loss":0}],"is_beta":false,"boss_relics":[],"items_purged_floors":[],"is_endless":false,"potions_floor_spawned":[1,2,3,13],"killed_by":"The Guardian","ascension_level":0}