{"gold_per_floor":[114,41,41,56,71,101,66,96,121,136,166,166,131,161,161,261,261,276,256,271,286,136,136,136,136,136,166,266,296,296,146,146,246,246,261,221,236,251,283,313,328,358,358,388,388,388,88,103,103,103],"floor_reached":51,"playtime":2272,"items_purged":[],"score":1074,"play_id":"1fa808b0-7f73-4d8b-b822-683ed6f1ef44","local_time":"20190710194300","daily_mods":["Cursed Run","Green Cards","Elite Swarm"],"is_ascension_mode":false,"campfire_choices":[{"data":"Dark Embrace","floor":12.0,"key":"SMITH"},{"data":"Double Tap","floor":15.0,"key":"SMITH"},{"floor":23,"key":"REST"},{"data":"Exhume","floor":25,"key":"SMITH"},{"data":"1","floor":32,"key":"LIFT"},{"data":"2","floor":45,"key":"LIFT"},{"data":"3","floor":49,"key":"LIFT"}],"neow_cost":"","seed_source_timestamp":0,"circlet_count":0,"master_deck":["Strike_R+1","Strike_R+1","Strike_R+1","Strike_R+1","Strike_R+1","Defend_R+1","Defend_R+1","Defend_R+1","Defend_R+1","Bash","Crippling Poison","Footwork+1","Pain","Blur","Dagger Spray","Bludgeon","Inflame","Dark Embrace+1","Normality","Intimidate","Offering","Double Tap+1","Exhume+1","Intimidate+1","Pommel Strike+1","Glass Knife","Thunderclap+1","Reaper","Normality","Venomology+1","Skewer+1","Limit Break","Battle Trance+1","Normality","Normality"],"special_seed":18087,"relics":["Cursed Key","Darkstone Periapt","Du-Vu Doll","WarpedTongs","Gambling Chip","Centennial Puzzle","Omamori","Question Card","Anchor","Black Star","Red Skull","Bottled Flame","Matryoshka","Letter Opener","Girya","Pear","Torii","FossilizedHelix","Strawberry","Runic Dome","Prayer Wheel","Charon\u0027s Ashes","Dead Branch","Bottled Lightning","Self Forming Clay","Potion Belt","Ornamental Fan","Dream Catcher","Gremlin Horn","Turnip"],"potions_floor_usage":[27,29,38,38,40,40,50,50,50,50],"damage_taken":[{"damage":0.0,"enemies":"Cultist","floor":1.0,"turns":3.0},{"damage":3.0,"enemies":"Small Slimes","floor":4.0,"turns":3.0},{"damage":0.0,"enemies":"Jaw Worm","floor":5.0,"turns":2.0},{"damage":8.0,"enemies":"Lagavulin","floor":6.0,"turns":5.0},{"damage":6.0,"enemies":"Gremlin Nob","floor":8.0,"turns":3.0},{"damage":1.0,"enemies":"Lots of Slimes","floor":10.0,"turns":2.0},{"damage":9.0,"enemies":"3 Sentries","floor":11.0,"turns":5.0},{"damage":16.0,"enemies":"Lagavulin","floor":14.0,"turns":6.0},{"damage":22.0,"enemies":"Slime Boss","floor":16.0,"turns":5.0},{"damage":18,"enemies":"3 Byrds","floor":18,"turns":5},{"damage":3,"enemies":"Spheric Guardian","floor":20,"turns":3},{"damage":23,"enemies":"Centurion and Healer","floor":21,"turns":6},{"damage":35,"enemies":"Book of Stabbing","floor":27,"turns":5},{"damage":0,"enemies":"Colosseum Slavers","floor":28,"turns":1},{"damage":11,"enemies":"Colosseum Nobs","floor":28,"turns":4},{"damage":2,"enemies":"Gremlin Leader","floor":29,"turns":3},{"damage":58,"enemies":"Champ","floor":33,"turns":8},{"damage":3,"enemies":"3 Darklings","floor":35,"turns":2},{"damage":13,"enemies":"3 Shapes","floor":37,"turns":2},{"damage":1,"enemies":"Spire Growth","floor":38,"turns":3},{"damage":12,"enemies":"2 Orb Walkers","floor":39,"turns":3},{"damage":13,"enemies":"Giant Head","floor":40,"turns":5},{"damage":0,"enemies":"Sphere and 2 Shapes","floor":41,"turns":3},{"damage":0,"enemies":"Reptomancer","floor":42,"turns":3},{"damage":34,"enemies":"Nemesis","floor":44,"turns":5},{"damage":0,"enemies":"3 Darklings","floor":48,"turns":1},{"damage":25,"enemies":"Donu and Deca","floor":50,"turns":6}],"seed_played":"5181335540580506732","potions_obtained":[{"floor":8.0,"key":"Block Potion"},{"floor":10.0,"key":"PowerPotion"},{"floor":14.0,"key":"FearPotion"},{"floor":19,"key":"FairyPotion"},{"floor":21,"key":"Swift Potion"},{"floor":27,"key":"Ancient Potion"},{"floor":33,"key":"Ancient Potion"},{"floor":37,"key":"Fire Potion"},{"floor":39,"key":"Explosive Potion"},{"floor":41,"key":"Swift Potion"},{"floor":44,"key":"SkillPotion"}],"is_trial":false,"path_per_floor":["M","$","?","M","M","E","$","E","T","M","E","R","?","E","R","B",null,"M","?","M","M","$","R","$","R","T","E","?","E","?","$","R","B",null,"M","?","M","M","?","E","M","E","T","E","R","?","$","M","R","B",null],"character_chosen":"IRONCLAD","items_purchased":["Footwork","Inflame","Red Skull","Strawberry","Turnip"],"campfire_rested":1,"item_purchase_floors":[2,7,22,31,47],"current_hp_per_floor":[80,80,86,83,83,75,75,69,75,74,65,65,88,72,72,50,92,74,74,71,48,48,75,75,75,75,40,39,37,37,44,44,17,115,112,112,99,98,95,102,105,115,121,87,87,87,87,87,87,100],"gold":103,"neow_bonus":"","is_prod":false,"is_daily":true,"chose_seed":false,"campfire_upgraded":3,"win_rate":0,"timestamp":1562802180,"path_taken":["M","$","?","?","M","E","?","E","T","M","E","R","?","E","R","BOSS","M","?","?","M","$","R","$","R","T","E","?","E","?","$","R","BOSS","M","?","?","M","?","E","M","E","T","E","R","?","$","M","R","BOSS"],"build_version":"2019-07-05","purchased_purges":0,"victory":true,"max_hp_per_floor":[80,80,86,86,86,86,86,86,92,92,92,92,92,92,92,92,92,92,92,92,92,92,92,92,92,92,92,102,102,102,109,109,115,115,115,115,115,115,115,115,115,115,121,121,121,121,121,121,121,127],"card_choices":[{"not_picked":["Underhanded Strike","Rupture"],"picked":"Crippling Poison","floor":1.0},{"not_picked":["Flex","Shrug It Off"],"picked":"Blur","floor":4.0},{"not_picked":["Tactician","Heavy Blade"],"picked":"Dagger Spray","floor":5.0},{"not_picked":["Barricade","Night Terror"],"picked":"Bludgeon","floor":6.0},{"not_picked":["Corpse Explosion","Doppelganger"],"picked":"Dark Embrace","floor":8.0},{"not_picked":["Armaments","Havoc"],"picked":"Intimidate","floor":10.0},{"not_picked":["Immolate","Phantasmal Killer"],"picked":"Offering","floor":11.0},{"not_picked":["Immolate","Offering","Brutality"],"picked":"Double Tap","floor":14.0},{"not_picked":["Double Tap","Storm of Steel","Unload"],"picked":"Exhume","floor":16.0},{"not_picked":["Disarm","Bane","Warcry"],"picked":"Intimidate+1","floor":18},{"not_picked":["Outmaneuver","Acrobatics","Blood for Blood+1"],"picked":"Pommel Strike+1","floor":20},{"not_picked":["Quick Slash","Night Terror","Perfected Strike","Noxious Fumes"],"picked":"SKIP","floor":21},{"not_picked":["Limit Break","Brutality","Fiend Fire"],"picked":"Glass Knife","floor":27},{"not_picked":["Quick Slash+1","Terror","Bloodletting"],"picked":"Thunderclap+1","floor":28},{"not_picked":["Tools of the Trade","Demon Form","Unload"],"picked":"Reaper","floor":29},{"not_picked":["Dark Embrace","Malaise","Doppelganger"],"picked":"Venomology","floor":33},{"not_picked":["Caltrops","Headbutt+1","Finisher","Prepared"],"picked":"SKIP","floor":35},{"not_picked":["Anger","PiercingWail","Wild Strike+1"],"picked":"Skewer+1","floor":37},{"not_picked":["Outmaneuver","Havoc+1","Clash","Dagger Spray+1"],"picked":"SKIP","floor":38},{"not_picked":["Berserk","Wraith Form v2","Brutality"],"picked":"Limit Break","floor":40},{"not_picked":["Outmaneuver","Poisoned Stab","Flex"],"picked":"Battle Trance+1","floor":41},{"not_picked":["PiercingWail","Intimidate","Warcry","Dagger Spray+1"],"picked":"SKIP","floor":41},{"not_picked":["Grand Finale","Die Die Die","Limit Break","Unload"],"picked":"SKIP","floor":42},{"not_picked":["Wraith Form v2","Night Terror","Exhume","Feed"],"picked":"SKIP","floor":44},{"not_picked":["Twin Strike+1","Acrobatics+1","Sucker Punch+1","Perfected Strike+1"],"picked":"SKIP","floor":48},{"not_picked":["Blade Dance","Slice","Dodge and Roll+1","Thunderclap"],"picked":"SKIP","floor":48}],"player_experience":148856,"relics_obtained":[{"floor":6.0,"key":"Gambling Chip"},{"floor":8.0,"key":"Centennial Puzzle"},{"floor":9.0,"key":"Omamori"},{"floor":11.0,"key":"Question Card"},{"floor":14.0,"key":"Anchor"},{"floor":26,"key":"Bottled Flame"},{"floor":27,"key":"Matryoshka"},{"floor":27,"key":"Letter Opener"},{"floor":28,"key":"Girya"},{"floor":28,"key":"Pear"},{"floor":29,"key":"Torii"},{"floor":29,"key":"FossilizedHelix"},{"floor":39,"key":"Prayer Wheel"},{"floor":40,"key":"Charon\u0027s Ashes"},{"floor":40,"key":"Dead Branch"},{"floor":42,"key":"Bottled Lightning"},{"floor":42,"key":"Self Forming Clay"},{"floor":43,"key":"Potion Belt"},{"floor":43,"key":"Ornamental Fan"},{"floor":44,"key":"Dream Catcher"},{"floor":44,"key":"Gremlin Horn"}],"event_choices":[{"damage_healed":0.0,"max_hp_gain":0.0,"max_hp_loss":0.0,"gold_gain":0.0,"event_name":"Accursed Blacksmith","player_choice":"Rummage","floor":3.0,"gold_loss":0.0,"damage_taken":0.0,"relics_obtained":["WarpedTongs"],"cards_obtained":["Pain"]},{"damage_healed":23.0,"max_hp_gain":0.0,"max_hp_loss":0.0,"gold_gain":0.0,"event_name":"The Cleric","player_choice":"Healed","floor":13.0,"gold_loss":35.0,"damage_taken":0.0},{"damage_healed":0,"gold_gain":0,"player_choice":"Bought 1 Potion","damage_taken":0,"max_hp_gain":0,"max_hp_loss":0,"event_name":"The Woman in Blue","floor":19,"gold_loss":0},{"damage_healed":0,"gold_gain":0,"player_choice":"Fight","damage_taken":0,"max_hp_gain":0,"max_hp_loss":0,"event_name":"Colosseum","floor":28,"gold_loss":0},{"damage_healed":0,"gold_gain":0,"player_choice":"Fought Nobs","damage_taken":0,"max_hp_gain":0,"max_hp_loss":0,"event_name":"Colosseum","floor":28,"gold_loss":0},{"damage_healed":0,"gold_gain":0,"player_choice":"Simplicity","damage_taken":0,"max_hp_gain":0,"max_hp_loss":0,"event_name":"Back to Basics","floor":30,"gold_loss":0,"cards_upgraded":["Strike_R","Strike_R","Strike_R","Strike_R","Strike_R","Defend_R","Defend_R","Defend_R","Defend_R"]},{"damage_healed":0,"gold_gain":0,"player_choice":"Upgraded Two","damage_taken":0,"max_hp_gain":0,"max_hp_loss":0,"event_name":"Designer","floor":36,"gold_loss":40,"cards_upgraded":["Venomology","Footwork"]},{"damage_healed":0,"gold_gain":0,"player_choice":"Fight","damage_taken":0,"max_hp_gain":0,"max_hp_loss":0,"event_name":"Mysterious Sphere","floor":39,"gold_loss":0},{"damage_healed":0,"gold_gain":0,"player_choice":"Ignored","damage_taken":0,"max_hp_gain":0,"max_hp_loss":0,"event_name":"Fountain of Cleansing","floor":46,"gold_loss":0}],"is_beta":false,"boss_relics":[{"not_picked":["Astrolabe","Busted Crown"],"picked":"Black Star"},{"not_picked":["Pandora\u0027s Box","Runic Pyramid"],"picked":"Runic Dome"}],"items_purged_floors":[],"is_endless":false,"potions_floor_spawned":[8,10,14,21,27,33,37,39,41,44],"ascension_level":0}