{"gold_per_floor":[115,115,6,23,42,67,77,77,100,100,132,147,147,167,167,238,238,248,260,175,204,204,232,232,262,285,319,319,11,41,57,57,129,129,140,150,160,175,188,220,95,121,121,121,156,156,169,189,189,189,189,189,67,67],"floor_reached":54,"playtime":5893,"items_purged":["Pain","Strike_B","Strike_B"],"score":1348,"play_id":"758fac41-f5fa-4494-a549-29b132ec676c","local_time":"20191001154756","is_ascension_mode":true,"campfire_choices":[{"floor":8,"key":"REST"},{"floor":10,"key":"REST"},{"data":"Defragment","floor":13,"key":"SMITH"},{"data":"Zap","floor":15,"key":"SMITH"},{"data":"Echo Form","floor":24,"key":"SMITH"},{"floor":28,"key":"REST"},{"data":"Hologram","floor":32,"key":"SMITH"},{"floor":44,"key":"REST"},{"floor":46,"key":"RECALL"},{"data":"Buffer","floor":49,"key":"SMITH"},{"data":"Strike_B","floor":52,"key":"PURGE"}],"neow_cost":"NONE","seed_source_timestamp":381531234527166,"circlet_count":0,"master_deck":["AscendersBane","Strike_B","Defend_B","Defend_B","Defend_B","Defend_B","Zap+1","Dualcast","Auto Shields","Glacier","Rip and Tear","Steam","FTL","Defragment+1","Ball Lightning","Self Repair","Chill","Thunder Strike","Echo Form+1","Stack","Defragment+1","Self Repair+1","Chaos","Hologram+1","Redo+1","Echo Form","Capacitor","Conserve Battery+1","Buffer+1","Darkness+1","Barrage+1","Loop"],"relics":["Cracked Core","WarpedTongs","Oddly Smooth Stone","Dream Catcher","Bag of Preparation","Velvet Choker","Dodecahedron","Red Mask","Peace Pipe","Potion Belt","Lantern","Ancient Tea Set","Frozen Eye","Anchor","Eternal Feather","Question Card","Omamori","Centennial Puzzle"],"potions_floor_usage":[11,23,39,40,42,42,54,54],"damage_taken":[{"damage":7,"enemies":"2 Louse","floor":1,"turns":2},{"damage":0,"enemies":"Cultist","floor":4,"turns":2},{"damage":9,"enemies":"Small Slimes","floor":5,"turns":3},{"damage":18,"enemies":"Gremlin Nob","floor":6,"turns":5},{"damage":5,"enemies":"Exordium Thugs","floor":7,"turns":5},{"damage":5,"enemies":"3 Sentries","floor":11,"turns":6},{"damage":0,"enemies":"2 Fungi Beasts","floor":12,"turns":2},{"damage":0,"enemies":"Large Slime","floor":14,"turns":4},{"damage":12,"enemies":"The Guardian","floor":16,"turns":12},{"damage":8,"enemies":"3 Byrds","floor":18,"turns":6},{"damage":0,"enemies":"Chosen","floor":19,"turns":3},{"damage":21,"enemies":"Masked Bandits","floor":21,"turns":6},{"damage":8,"enemies":"Slavers","floor":23,"turns":7},{"damage":54,"enemies":"Gremlin Leader","floor":25,"turns":8},{"damage":30,"enemies":"Slavers","floor":27,"turns":8},{"damage":11,"enemies":"Gremlin Leader","floor":30,"turns":9},{"damage":4,"enemies":"Snake Plant","floor":31,"turns":5},{"damage":45,"enemies":"Automaton","floor":33,"turns":11},{"damage":16,"enemies":"3 Darklings","floor":35,"turns":8},{"damage":0,"enemies":"Orb Walker","floor":36,"turns":5},{"damage":23,"enemies":"Spire Growth","floor":37,"turns":8},{"damage":58,"enemies":"Transient","floor":38,"turns":5},{"damage":0,"enemies":"4 Shapes","floor":39,"turns":9},{"damage":104,"enemies":"Giant Head","floor":40,"turns":11},{"damage":41,"enemies":"Reptomancer","floor":42,"turns":10},{"damage":0,"enemies":"Giant Head","floor":45,"turns":9},{"damage":0,"enemies":"Spire Growth","floor":47,"turns":8},{"damage":0,"enemies":"3 Darklings","floor":48,"turns":7},{"damage":10,"enemies":"Time Eater","floor":50,"turns":11},{"damage":81,"enemies":"Shield and Spear","floor":54,"turns":5}],"seed_played":"-1422015130310801537","potions_obtained":[{"floor":1,"key":"PowerPotion"},{"floor":5,"key":"Ancient Potion"},{"floor":6,"key":"Strength Potion"},{"floor":16,"key":"Poison Potion"},{"floor":21,"key":"EssenceOfSteel"},{"floor":25,"key":"FocusPotion"},{"floor":30,"key":"Fire Potion"},{"floor":35,"key":"Explosive Potion"},{"floor":37,"key":"FairyPotion"},{"floor":39,"key":"Fruit Juice"},{"floor":40,"key":"SteroidPotion"},{"floor":45,"key":"Explosive Potion"}],"is_trial":false,"path_per_floor":["M","?","$","M","M","E","M","R","T","R","E","M","R","M","R","B",null,"M","M","?","?","?","E","R","E","T","E","R","$","E","M","R","B",null,"M","M","M","M","M","E","$","E","T","R","E","R","M","M","R","B",null,"R","$","E"],"character_chosen":"DEFECT","items_purchased":["Rip and Tear","Frozen Eye","Loop","Dexterity Potion"],"campfire_rested":4,"item_purchase_floors":[3,29,53,53],"current_hp_per_floor":[61,61,61,61,52,34,29,51,51,73,68,75,75,75,75,70,74,75,75,75,74,74,75,75,41,41,38,60,60,73,75,75,70,74,75,75,72,34,68,48,48,34,34,76,80,80,80,80,80,80,80,80,80,0],"gold":67,"neow_bonus":"THREE_CARDS","is_prod":false,"is_daily":false,"chose_seed":false,"campfire_upgraded":5,"win_rate":0,"timestamp":1569970076,"path_taken":["M","?","$","M","M","E","M","R","T","R","E","?","R","M","R","BOSS","M","M","?","?","?","E","R","E","T","E","R","$","E","?","R","BOSS","M","M","M","M","M","E","$","E","T","R","E","R","M","M","R","BOSS","R","$","E"],"build_version":"2019-07-17","purchased_purges":3,"victory":false,"max_hp_per_floor":[75,75,75,75,75,75,75,75,75,75,75,75,75,75,75,75,75,75,75,75,75,75,75,75,75,75,75,75,75,75,75,75,75,75,75,75,75,75,75,80,80,80,80,80,80,80,80,80,80,80,80,80,80,80],"card_choices":[{"not_picked":["Lockon","Double Energy"],"picked":"Auto Shields","floor":0},{"not_picked":["Hologram","Gash"],"picked":"Glacier","floor":1},{"not_picked":["Recycle","Barrage","Static Discharge"],"picked":"SKIP","floor":4},{"not_picked":["Double Energy","Streamline"],"picked":"Steam","floor":5},{"not_picked":["Go for the Eyes","Gash"],"picked":"FTL","floor":6},{"not_picked":["Stack","Turbo"],"picked":"Defragment","floor":7},{"not_picked":["Gash","Sweeping Beam"],"picked":"Ball Lightning","floor":10},{"not_picked":["Redo","Stack"],"picked":"Self Repair","floor":11},{"not_picked":["Sweeping Beam","Stack"],"picked":"Chill","floor":12},{"not_picked":["Static Discharge","Redo"],"picked":"Thunder Strike","floor":14},{"not_picked":["Hyperbeam","Thunder Strike"],"picked":"Echo Form","floor":16},{"not_picked":["Compile Driver","Coolheaded","Turbo"],"picked":"SKIP","floor":18},{"not_picked":["Skim","Double Energy","Glacier"],"picked":"SKIP","floor":19},{"not_picked":["Ball Lightning","Redo"],"picked":"Stack","floor":21},{"not_picked":["Beam Cell+1","Compile Driver"],"picked":"Self Repair+1","floor":23},{"not_picked":["Sweeping Beam","Hyperbeam","Recycle"],"picked":"SKIP","floor":25},{"not_picked":["Beam Cell+1","Coolheaded","Fusion"],"picked":"SKIP","floor":27},{"not_picked":["Turbo","Go for the Eyes"],"picked":"Chaos","floor":28},{"not_picked":["Rebound","Biased Cognition"],"picked":"Hologram","floor":30},{"not_picked":["Hologram","Cold Snap"],"picked":"Redo+1","floor":31},{"not_picked":["All For One","Amplify"],"picked":"Echo Form","floor":33},{"not_picked":["Ball Lightning","Skim+1"],"picked":"Capacitor","floor":35},{"not_picked":["Rebound","Steam+1","Double Energy"],"picked":"SKIP","floor":36},{"not_picked":["Heatsinks","Static Discharge"],"picked":"Conserve Battery+1","floor":37},{"not_picked":["Double Energy+1","Chaos","Reprogram+1"],"picked":"SKIP","floor":38},{"not_picked":["Conserve Battery","Hello World","Turbo"],"picked":"SKIP","floor":39},{"not_picked":["Glacier","Streamline"],"picked":"Buffer","floor":40},{"not_picked":["Conserve Battery","Go for the Eyes","Thunder Strike","Gash"],"picked":"SKIP","floor":42},{"not_picked":["Cold Snap","Leap","Conserve Battery"],"picked":"Darkness+1","floor":45},{"not_picked":["Recycle","Melter","Cold Snap"],"picked":"Barrage+1","floor":47},{"not_picked":["Rebound","Streamline","Conserve Battery","Ball Lightning"],"picked":"SKIP","floor":48}],"player_experience":644496,"relics_obtained":[{"floor":6,"key":"Oddly Smooth Stone"},{"floor":9,"key":"Dream Catcher"},{"floor":11,"key":"Bag of Preparation"},{"floor":21,"key":"Red Mask"},{"floor":23,"key":"Peace Pipe"},{"floor":25,"key":"Potion Belt"},{"floor":26,"key":"Lantern"},{"floor":27,"key":"Ancient Tea Set"},{"floor":30,"key":"Anchor"},{"floor":40,"key":"Question Card"},{"floor":42,"key":"Omamori"},{"floor":45,"key":"Centennial Puzzle"}],"event_choices":[{"damage_healed":0,"gold_gain":0,"player_choice":"Rummage","damage_taken":0,"relics_obtained":["WarpedTongs"],"max_hp_gain":0,"max_hp_loss":0,"event_name":"Accursed Blacksmith","floor":2,"gold_loss":0,"cards_obtained":["Pain"]},{"damage_healed":0,"gold_gain":0,"player_choice":"Obtained Relic","damage_taken":0,"relics_obtained":["Dodecahedron"],"max_hp_gain":0,"max_hp_loss":0,"event_name":"Addict","floor":20,"gold_loss":85},{"damage_healed":0,"gold_gain":0,"player_choice":"Fought Bandits","damage_taken":0,"max_hp_gain":0,"max_hp_loss":0,"event_name":"Masked Bandits","floor":21,"gold_loss":0},{"damage_healed":0,"gold_gain":0,"player_choice":"Copied","damage_taken":0,"max_hp_gain":0,"max_hp_loss":0,"event_name":"Duplicator","floor":22,"gold_loss":0,"cards_obtained":["Defragment"]}],"is_beta":false,"boss_relics":[{"not_picked":["Philosopher\u0027s Stone","Ectoplasm"],"picked":"Velvet Choker"},{"not_picked":["White Beast Statue","Pandora\u0027s Box"],"picked":"Eternal Feather"}],"items_purged_floors":[3,29,41],"is_endless":false,"potions_floor_spawned":[1,5,6,16,18,21,25,30,35,37,39,40,45],"killed_by":"Shield and Spear","ascension_level":13}