{"gold_per_floor":[114,133,151,30,30,62,62,62,62,33,59,59,21,37,37,113,113,126,176,101,115,115,115,115],"floor_reached":24,"playtime":822,"items_purged":["Strike_G"],"score":508,"play_id":"63b513e0-863d-420b-aeab-d700b721ba6f","local_time":"20190903132505","is_ascension_mode":true,"campfire_choices":[{"floor":8,"key":"REST"},{"data":"Strike_G","floor":15,"key":"PURGE"},{"data":"Strike_G","floor":23,"key":"PURGE"}],"neow_cost":"NONE","seed_source_timestamp":2941322153141195,"circlet_count":0,"master_deck":["AscendersBane","Defend_G","Defend_G","Defend_G","Defend_G","Defend_G","Survivor","Neutralize","All Out Attack","Backflip","Leg Sweep","Noxious Fumes","Crippling Poison","Corpse Explosion","Footwork"],"relics":["Ring of the Snake","NeowsBlessing","Ginger","Ornamental Fan","Peace Pipe","Black Star"],"potions_floor_usage":[11,16,21],"damage_taken":[{"damage":0,"enemies":"2 Louse","floor":1,"turns":1},{"damage":0,"enemies":"Jaw Worm","floor":2,"turns":1},{"damage":0,"enemies":"Cultist","floor":3,"turns":1},{"damage":39,"enemies":"Gremlin Nob","floor":6,"turns":6},{"damage":7,"enemies":"Exordium Thugs","floor":10,"turns":4},{"damage":7,"enemies":"3 Sentries","floor":11,"turns":4},{"damage":0,"enemies":"3 Louse","floor":14,"turns":2},{"damage":0,"enemies":"The Guardian","floor":16,"turns":12},{"damage":18,"enemies":"Chosen","floor":18,"turns":8},{"damage":19,"enemies":"3 Byrds","floor":21,"turns":4},{"damage":24,"enemies":"Centurion and Healer","floor":24,"turns":7}],"seed_played":"5463670965825203007","potions_obtained":[{"floor":1,"key":"Energy Potion"},{"floor":6,"key":"FearPotion"},{"floor":7,"key":"Block Potion"},{"floor":11,"key":"Strength Potion"},{"floor":16,"key":"SkillPotion"}],"is_trial":false,"path_per_floor":["M","M","M","$","?","E","?","R","T","M","E","$","?","M","R","B",null,"M","?","$","M","?","R","M"],"character_chosen":"THE_SILENT","items_purchased":["Noxious Fumes","Crippling Poison"],"campfire_rested":1,"item_purchase_floors":[4,4],"current_hp_per_floor":[59,59,59,59,52,13,13,32,32,25,18,18,18,18,18,18,54,36,36,36,17,17,17,0],"gold":115,"neow_bonus":"THREE_ENEMY_KILL","is_prod":false,"is_daily":false,"chose_seed":false,"campfire_upgraded":0,"win_rate":0,"timestamp":1567495505,"path_taken":["M","M","M","$","?","E","?","R","T","?","E","$","?","M","R","BOSS","M","?","$","M","?","R","M"],"build_version":"2019-07-17","purchased_purges":1,"victory":false,"max_hp_per_floor":[66,66,66,66,66,66,66,66,66,66,66,66,66,66,66,66,66,66,66,66,66,66,66,66],"card_choices":[{"not_picked":["Quick Slash","Deadly Poison"],"picked":"All Out Attack","floor":1},{"not_picked":["Outmaneuver","Expertise"],"picked":"Backflip","floor":2},{"not_picked":["Masterful Stab","Infinite Blades"],"picked":"Leg Sweep","floor":3},{"not_picked":["Quick Slash","Dagger Throw","Choke"],"picked":"SKIP","floor":6},{"not_picked":["Dodge and Roll","Crippling Poison"],"picked":"Corpse Explosion","floor":10},{"not_picked":["Reflex","Deadly Poison","Bane"],"picked":"SKIP","floor":11},{"not_picked":["Underhanded Strike","Catalyst"],"picked":"Footwork","floor":14},{"not_picked":["Deflect","Outmaneuver","Dagger Throw"],"picked":"SKIP","floor":18},{"not_picked":["Concentrate","PiercingWail+1","Slice"],"picked":"SKIP","floor":21}],"player_experience":1722560,"relics_obtained":[{"floor":6,"key":"Ginger"},{"floor":9,"key":"Ornamental Fan"},{"floor":11,"key":"Peace Pipe"}],"event_choices":[{"cards_removed":["Strike_G"],"damage_healed":0,"gold_gain":0,"player_choice":"Card Removal","damage_taken":7,"max_hp_gain":0,"max_hp_loss":0,"event_name":"Golden Wing","floor":5,"gold_loss":0},{"damage_healed":0,"gold_gain":0,"player_choice":"Got Potions","damage_taken":0,"max_hp_gain":0,"max_hp_loss":0,"event_name":"Lab","floor":7,"gold_loss":0},{"damage_healed":0,"gold_gain":0,"player_choice":"Left Gold","damage_taken":0,"max_hp_gain":0,"max_hp_loss":0,"event_name":"World of Goop","floor":13,"gold_loss":38},{"damage_healed":0,"gold_gain":50,"player_choice":"Stole From Cult","damage_taken":0,"max_hp_gain":0,"max_hp_loss":0,"event_name":"Nest","floor":19,"gold_loss":0},{"cards_removed":["Strike_G"],"damage_healed":0,"gold_gain":0,"player_choice":"Elegance","damage_taken":0,"max_hp_gain":0,"max_hp_loss":0,"event_name":"Back to Basics","floor":22,"gold_loss":0}],"is_beta":false,"boss_relics":[{"not_picked":["Orrery","Calling Bell"],"picked":"Black Star"}],"items_purged_floors":[20],"is_endless":false,"potions_floor_spawned":[1,6,10,11,16,18],"killed_by":"Centurion and Healer","ascension_level":20}