{"gold_per_floor":[119,135,210,2,14,39,39,65,89,89,89,105,105,121,121,197,197,177,196,196,27,46,46,80,80,151,169,181,181,207,218,218,218],"floor_reached":33,"playtime":1958,"items_purged":[],"score":604,"play_id":"6c347fc3-3b54-4e45-b237-d50ddf5c6ee7","local_time":"20190902084920","is_ascension_mode":true,"campfire_choices":[{"data":"Armaments","floor":11,"key":"SMITH"},{"floor":13,"key":"REST"},{"data":"Bash","floor":15,"key":"SMITH"},{"data":"Whirlwind","floor":23,"key":"SMITH"},{"data":"Shockwave","floor":25,"key":"SMITH"},{"data":"1","floor":32,"key":"LIFT"}],"neow_cost":"NONE","seed_source_timestamp":323080698209400,"circlet_count":0,"master_deck":["AscendersBane","Defend_R+1","Defend_R+1","Defend_R+1","Defend_R+1","Bash+1","Armaments+1","Evolve","Carnage+1","Disarm","Exhume","Sword Boomerang","Shrug It Off","Impervious","Shockwave+1","Whirlwind+1","Battle Trance","Feed","Bite","Bite","Bite","Bite","Bite","Body Slam+1","Rampage"],"relics":["Burning Blood","Boot","Vajra","Dream Catcher","Red Skull","Orichalcum","Sozu","Pen Nib","Strawberry","Mummified Hand","Girya"],"potions_floor_usage":[6,33,33],"damage_taken":[{"damage":2,"enemies":"Cultist","floor":1,"turns":4},{"damage":11,"enemies":"Jaw Worm","floor":2,"turns":6},{"damage":2,"enemies":"2 Louse","floor":5,"turns":3},{"damage":20,"enemies":"Gremlin Nob","floor":6,"turns":4},{"damage":37,"enemies":"3 Sentries","floor":8,"turns":9},{"damage":13,"enemies":"Large Slime","floor":12,"turns":3},{"damage":0,"enemies":"2 Fungi Beasts","floor":14,"turns":2},{"damage":33,"enemies":"Slime Boss","floor":16,"turns":5},{"damage":16,"enemies":"2 Thieves","floor":18,"turns":4},{"damage":0,"enemies":"3 Byrds","floor":19,"turns":6},{"damage":8,"enemies":"Snake Plant","floor":22,"turns":5},{"damage":16,"enemies":"Book of Stabbing","floor":24,"turns":6},{"damage":13,"enemies":"Shelled Parasite and Fungi","floor":27,"turns":4},{"damage":1,"enemies":"Centurion and Healer","floor":28,"turns":5},{"damage":29,"enemies":"Slavers","floor":30,"turns":9},{"damage":9,"enemies":"3 Cultists","floor":31,"turns":5},{"damage":94,"enemies":"Collector","floor":33,"turns":8}],"seed_played":"-968547504865703480","potions_obtained":[{"floor":5,"key":"Block Potion"},{"floor":8,"key":"Weak Potion"},{"floor":12,"key":"EssenceOfSteel"}],"is_trial":false,"path_per_floor":["M","M","?","$","M","E","$","E","T","?","R","M","R","M","R","B",null,"M","M","?","$","M","R","E","R","T","M","M","?","E","M","R","B"],"character_chosen":"IRONCLAD","items_purchased":["Carnage","Vajra","Pen Nib"],"campfire_rested":1,"item_purchase_floors":[4,4,21],"current_hp_per_floor":[72,67,56,56,60,46,46,15,15,15,15,8,30,36,36,9,59,49,55,55,55,53,53,50,50,50,43,48,48,49,60,60,0],"gold":218,"neow_bonus":"RANDOM_COMMON_RELIC","is_prod":false,"is_daily":false,"chose_seed":false,"campfire_upgraded":4,"win_rate":0,"timestamp":1567381760,"path_taken":["M","M","?","$","M","E","?","E","T","?","R","M","R","M","R","BOSS","M","M","?","$","M","R","E","R","T","M","M","?","E","M","R","BOSS"],"build_version":"2019-07-17","purchased_purges":0,"victory":false,"max_hp_per_floor":[75,75,75,75,75,75,75,75,75,75,75,75,75,75,75,75,75,75,75,75,75,75,75,82,82,82,82,82,57,60,63,63,63],"card_choices":[{"not_picked":["Wild Strike","Clash"],"picked":"Armaments","floor":1},{"not_picked":["Twin Strike","Sword Boomerang"],"picked":"Evolve","floor":2},{"not_picked":["Armaments","Twin Strike"],"picked":"Disarm","floor":5},{"not_picked":["Barricade","Pommel Strike"],"picked":"Exhume","floor":6},{"not_picked":["Dual Wield","Rage"],"picked":"Sword Boomerang","floor":8},{"not_picked":["Sword Boomerang","Perfected Strike"],"picked":"Shrug It Off","floor":12},{"not_picked":["Anger","Heavy Blade","Sword Boomerang"],"picked":"SKIP","floor":14},{"not_picked":["Reaper","Barricade"],"picked":"Impervious","floor":16},{"not_picked":["Armaments","Body Slam"],"picked":"Shockwave","floor":18},{"not_picked":["Heavy Blade","Warcry"],"picked":"Whirlwind","floor":19},{"not_picked":["Anger","Pommel Strike","Blood for Blood"],"picked":"SKIP","floor":22},{"not_picked":["Rage","Warcry","Sword Boomerang"],"picked":"SKIP","floor":24},{"not_picked":["Flame Barrier","Infernal Blade"],"picked":"Battle Trance","floor":27},{"not_picked":["Dropkick","Flame Barrier"],"picked":"Feed","floor":28},{"not_picked":["Iron Wave","Combust"],"picked":"Body Slam+1","floor":30},{"not_picked":["Whirlwind","Dropkick"],"picked":"Rampage","floor":31}],"player_experience":565403,"relics_obtained":[{"floor":6,"key":"Dream Catcher"},{"floor":8,"key":"Red Skull"},{"floor":9,"key":"Orichalcum"},{"floor":24,"key":"Strawberry"},{"floor":26,"key":"Mummified Hand"},{"floor":30,"key":"Girya"}],"event_choices":[{"damage_healed":0,"gold_gain":75,"player_choice":"Gather Gold","damage_taken":11,"max_hp_gain":0,"max_hp_loss":0,"event_name":"World of Goop","floor":3,"gold_loss":0},{"damage_healed":0,"gold_gain":0,"player_choice":"Grow","damage_taken":0,"max_hp_gain":0,"max_hp_loss":0,"event_name":"Living Wall","floor":10,"gold_loss":0,"cards_upgraded":["Carnage"]},{"damage_healed":0,"gold_gain":0,"player_choice":"Simplicity","damage_taken":0,"max_hp_gain":0,"max_hp_loss":0,"event_name":"Back to Basics","floor":20,"gold_loss":0,"cards_upgraded":["Strike_R","Strike_R","Strike_R","Strike_R","Strike_R","Defend_R","Defend_R","Defend_R","Defend_R"]},{"damage_healed":0,"gold_gain":0,"player_choice":"Became a vampire","damage_taken":0,"max_hp_gain":0,"max_hp_loss":25,"event_name":"Vampires","floor":29,"gold_loss":0,"cards_obtained":["Bite","Bite","Bite","Bite","Bite"]}],"is_beta":false,"boss_relics":[{"not_picked":["Cursed Key","Eternal Feather"],"picked":"Sozu"}],"items_purged_floors":[],"is_endless":false,"potions_floor_spawned":[5,8,12,16,22,24,28],"killed_by":"Collector","ascension_level":19}