{"gold_per_floor":[110,110,121,134,134,134,170,170,170,203,51,51,64,84,84,205,205,230,155,171,186,202,202,218,257,257,270,270,283,23,38,38,168,168,191,0,20,20,20,20,63,63,142,142],"floor_reached":44,"playtime":2321,"items_purged":["Strike_B"],"score":619,"play_id":"95dbc823-eba0-4da0-99b6-c34dc2d5e063","local_time":"20190513144106","is_ascension_mode":true,"campfire_choices":[{"floor":6,"key":"RECALL"},{"floor":12,"key":"REST"},{"floor":15,"key":"REST"},{"data":"Rainbow","floor":23,"key":"SMITH"},{"floor":28,"key":"REST"},{"floor":32,"key":"REST"},{"floor":40,"key":"REST"},{"floor":42,"key":"REST"}],"neow_cost":"NONE","seed_source_timestamp":139375617967289,"circlet_count":0,"master_deck":["Strike_B+1","Strike_B","Defend_B+1","Defend_B","Defend_B","Defend_B","Zap+1","Dualcast","Cold Snap+1","Coolheaded","Blizzard","Injury","Loop+1","Rainbow+1","Ball Lightning+1","Static Discharge+1","White Noise+1","Conserve Battery","Chill+1","Fission+1","Parasite","Regret","Injury","Storm+1","Writhe"],"relics":["Cracked Core","Golden Idol","Art of War","Bottled Tornado","Singing Bowl","War Paint","Inserter","Pantograph","Toxic Egg 2","Calling Bell","Ancient Tea Set","Dodecahedron","StoneCalendar","Red Mask","Whetstone","Letter Opener"],"potions_floor_usage":[7,16,24,25,33,37,41,44,44],"damage_taken":[{"damage":1,"enemies":"Cultist","floor":1,"turns":3},{"damage":2,"enemies":"Small Slimes","floor":3,"turns":4},{"damage":0,"enemies":"Jaw Worm","floor":4,"turns":4},{"damage":29,"enemies":"3 Sentries","floor":7,"turns":12},{"damage":26,"enemies":"Gremlin Nob","floor":10,"turns":5},{"damage":25,"enemies":"3 Louse","floor":13,"turns":3},{"damage":7,"enemies":"Blue Slaver","floor":14,"turns":3},{"damage":38,"enemies":"Slime Boss","floor":16,"turns":13},{"damage":7,"enemies":"Chosen","floor":18,"turns":5},{"damage":28,"enemies":"3 Byrds","floor":20,"turns":5},{"damage":11,"enemies":"Snecko","floor":21,"turns":5},{"damage":16,"enemies":"Sentry and Sphere","floor":22,"turns":5},{"damage":19,"enemies":"Chosen and Byrds","floor":24,"turns":4},{"damage":22,"enemies":"Book of Stabbing","floor":25,"turns":5},{"damage":17,"enemies":"Centurion and Healer","floor":27,"turns":5},{"damage":14,"enemies":"Cultist and Chosen","floor":29,"turns":5},{"damage":4,"enemies":"Snecko","floor":31,"turns":6},{"damage":28,"enemies":"Champ","floor":33,"turns":11},{"damage":43,"enemies":"3 Shapes","floor":35,"turns":6},{"damage":22,"enemies":"Orb Walker","floor":37,"turns":5},{"damage":81,"enemies":"Reptomancer","floor":41,"turns":7},{"damage":41,"enemies":"Giant Head","floor":44,"turns":6}],"seed_played":"2465810403773960023","potions_obtained":[{"floor":1,"key":"LiquidBronze"},{"floor":14,"key":"Strength Potion"},{"floor":16,"key":"GamblersBrew"},{"floor":21,"key":"FearPotion"},{"floor":22,"key":"PowerPotion"},{"floor":27,"key":"GamblersBrew"},{"floor":29,"key":"Block Potion"},{"floor":33,"key":"Ancient Potion"},{"floor":35,"key":"SkillPotion"},{"floor":41,"key":"Block Potion"}],"is_trial":false,"path_per_floor":["M","?","M","M","?","R","E","?","T","E","$","R","M","M","R","B",null,"M","$","M","M","M","R","M","E","T","M","R","M","$","M","R","B",null,"M","?","M","?","?","R","E","R","T","E"],"character_chosen":"DEFECT","items_purchased":["War Paint","Toxic Egg 2"],"campfire_rested":6,"item_purchase_floors":[11,30],"current_hp_per_floor":[81,74,72,72,72,72,43,43,43,17,17,41,25,27,52,21,86,86,86,67,65,56,56,53,31,31,23,51,44,44,47,75,73,94,60,60,38,38,62,90,11,40,40,0],"gold":142,"neow_bonus":"TEN_PERCENT_HP_BONUS","is_prod":false,"is_daily":false,"chose_seed":false,"campfire_upgraded":1,"win_rate":0,"timestamp":1557772866,"path_taken":["M","?","M","M","?","R","E","?","T","E","$","R","M","M","R","BOSS","M","$","M","M","M","R","?","E","T","?","R","M","$","M","R","BOSS","M","?","M","?","?","R","E","R","T","E"],"build_version":"2019-01-23","purchased_purges":1,"victory":false,"max_hp_per_floor":[82,82,82,82,82,82,82,82,82,82,82,82,84,86,86,86,86,86,86,88,90,90,90,92,92,92,94,94,94,94,94,94,94,94,96,96,96,96,96,96,98,98,98,98],"card_choices":[{"not_picked":["Steam Power","Rebound"],"picked":"Cold Snap","floor":1},{"not_picked":["Scrape","Compile Driver"],"picked":"Coolheaded","floor":3},{"not_picked":["Sunder","Compile Driver"],"picked":"Blizzard","floor":4},{"not_picked":["Redo","Gash"],"picked":"Loop","floor":7},{"not_picked":["Chill","Heatsinks"],"picked":"Self Repair","floor":10},{"not_picked":["Reprogram","Stack","Redo"],"picked":"Singing Bowl","floor":13},{"not_picked":["Reprogram","BootSequence","Steam"],"picked":"Singing Bowl","floor":14},{"not_picked":["Machine Learning","Seek"],"picked":"Rainbow","floor":16},{"not_picked":["Conserve Battery","Sunder"],"picked":"Ball Lightning+1","floor":18},{"not_picked":["Leap+1","Coolheaded+1","Conserve Battery"],"picked":"Singing Bowl","floor":20},{"not_picked":["Ball Lightning+1","Auto Shields+1","Recycle+1"],"picked":"Singing Bowl","floor":21},{"not_picked":["Stack","Tempest"],"picked":"Static Discharge+1","floor":22},{"not_picked":["Cold Snap","Conserve Battery","Stack"],"picked":"Singing Bowl","floor":24},{"not_picked":["Hologram","Auto Shields+1"],"picked":"White Noise+1","floor":25},{"not_picked":["Seek","Gash","Barrage"],"picked":"Singing Bowl","floor":27},{"not_picked":["Compile Driver","White Noise+1"],"picked":"Conserve Battery","floor":29},{"not_picked":["Steam+1","Reboot+1"],"picked":"Chill+1","floor":31},{"not_picked":["Creative AI","Rainbow+1"],"picked":"Fission+1","floor":33},{"not_picked":["Redo+1","Sweeping Beam","Leap+1"],"picked":"Singing Bowl","floor":35},{"not_picked":["Loop","Leap+1"],"picked":"Storm+1","floor":37},{"not_picked":["Lockon","Beam Cell","Stack+1"],"picked":"Singing Bowl","floor":41}],"player_experience":122101,"relics_obtained":[{"floor":7,"key":"Art of War"},{"floor":9,"key":"Bottled Tornado"},{"floor":10,"key":"Singing Bowl"},{"floor":25,"key":"Pantograph"},{"floor":34,"key":"Ancient Tea Set"},{"floor":34,"key":"Dodecahedron"},{"floor":34,"key":"StoneCalendar"},{"floor":41,"key":"Whetstone"},{"floor":43,"key":"Letter Opener"}],"event_choices":[{"cards_removed":["Strike_B"],"damage_healed":0,"gold_gain":0,"player_choice":"Card Removal","damage_taken":7,"max_hp_gain":0,"max_hp_loss":0,"event_name":"Golden Wing","floor":2,"gold_loss":0},{"damage_healed":0,"gold_gain":0,"player_choice":"Take Wound","damage_taken":0,"relics_obtained":["Golden Idol"],"max_hp_gain":0,"max_hp_loss":0,"event_name":"Golden Idol","floor":5,"gold_loss":0,"cards_obtained":["Injury"]},{"damage_healed":0,"gold_gain":0,"player_choice":"Forge","damage_taken":0,"max_hp_gain":0,"max_hp_loss":0,"event_name":"Accursed Blacksmith","floor":8,"gold_loss":0,"cards_upgraded":["Loop"]},{"damage_healed":0,"gold_gain":0,"player_choice":"Paid","damage_taken":0,"relics_obtained":["Red Mask"],"max_hp_gain":0,"max_hp_loss":0,"event_name":"Tomb of Lord Red Mask","floor":36,"gold_loss":191},{"cards_removed":["Self Repair"],"damage_healed":0,"gold_gain":0,"player_choice":"Removed Power","damage_taken":0,"max_hp_gain":0,"max_hp_loss":0,"event_name":"Falling","floor":38,"gold_loss":0},{"damage_healed":24,"gold_gain":0,"player_choice":"Writhe","damage_taken":0,"max_hp_gain":0,"max_hp_loss":0,"event_name":"Winding Halls","floor":39,"gold_loss":0,"cards_obtained":["Writhe"]}],"is_beta":false,"boss_relics":[{"not_picked":["Eternal Feather","White Beast Statue"],"picked":"Inserter"},{"not_picked":["FrozenCore","Lizard Tail"],"picked":"Calling Bell"}],"items_purged_floors":[19],"is_endless":false,"potions_floor_spawned":[1,14,16,21,22,27,29,33,35,41],"killed_by":"Giant Head","ascension_level":1}