{"gold_per_floor":[117,97,109,126,201,229,229,248,272,286,296,296],"floor_reached":12,"playtime":341,"items_purged":[],"score":164,"play_id":"61a84fa5-d09f-46d0-832d-ec0b8347ccef","local_time":"20190930210006","is_ascension_mode":true,"campfire_choices":[{"data":"Flame Barrier","floor":7,"key":"SMITH"}],"neow_cost":"NONE","seed_source_timestamp":1198069768427400,"circlet_count":0,"master_deck":["AscendersBane","Strike_R","Strike_R","Strike_R","Strike_R","Strike_R","Defend_R","Defend_R","Defend_R","Defend_R","Bash","Shrug It Off","Fire Breathing","Flame Barrier+1","Infernal Blade","Immolate"],"relics":["Burning Blood","NeowsBlessing","Dodecahedron","Toy Ornithopter"],"potions_floor_usage":[6,6,6,10,12],"damage_taken":[{"damage":3,"enemies":"Small Slimes","floor":1,"turns":2},{"damage":0,"enemies":"Cultist","floor":3,"turns":1},{"damage":0,"enemies":"Jaw Worm","floor":4,"turns":1},{"damage":48,"enemies":"Lagavulin","floor":6,"turns":8},{"damage":11,"enemies":"Blue Slaver","floor":8,"turns":6},{"damage":9,"enemies":"3 Louse","floor":10,"turns":4},{"damage":1,"enemies":"2 Fungi Beasts","floor":11,"turns":5},{"damage":36,"enemies":"Gremlin Nob","floor":12,"turns":3}],"seed_played":"-8656747847074756793","potions_obtained":[{"floor":1,"key":"Block Potion"},{"floor":2,"key":"EntropicBrew"},{"floor":6,"key":"Strength Potion"}],"is_trial":false,"path_per_floor":["M","?","M","M","?","E","R","M","T","M","M","E"],"character_chosen":"IRONCLAD","items_purchased":[],"campfire_rested":0,"item_purchase_floors":[],"current_hp_per_floor":[71,71,75,75,64,22,22,17,17,19,24,0],"gold":296,"neow_bonus":"THREE_ENEMY_KILL","is_prod":false,"is_daily":false,"chose_seed":false,"campfire_upgraded":1,"win_rate":0,"timestamp":1569902406,"path_taken":["M","?","M","?","?","E","R","M","T","M","M","E"],"build_version":"2019-09-27","purchased_purges":0,"victory":false,"max_hp_per_floor":[75,75,75,75,75,75,75,75,75,75,75,75],"card_choices":[{"not_picked":["Heavy Blade","Iron Wave"],"picked":"Shrug It Off","floor":1},{"not_picked":["Burning Pact","Cleave"],"picked":"Fire Breathing","floor":3},{"not_picked":["Havoc","True Grit","Cleave"],"picked":"SKIP","floor":4},{"not_picked":["Ghostly Armor","Thunderclap"],"picked":"Flame Barrier","floor":6},{"not_picked":["Havoc","Heavy Blade","Twin Strike"],"picked":"SKIP","floor":8},{"not_picked":["Sever Soul","Flex"],"picked":"Infernal Blade","floor":10},{"not_picked":["Heavy Blade","Hemokinesis"],"picked":"Immolate","floor":11}],"player_experience":1164756,"relics_obtained":[{"floor":6,"key":"Dodecahedron"},{"floor":9,"key":"Toy Ornithopter"}],"event_choices":[{"damage_healed":0,"gold_gain":0,"player_choice":"Bought 1 Potion","damage_taken":0,"max_hp_gain":0,"max_hp_loss":0,"event_name":"The Woman in Blue","floor":2,"gold_loss":0},{"damage_healed":0,"gold_gain":75,"player_choice":"Gather Gold","damage_taken":11,"max_hp_gain":0,"max_hp_loss":0,"event_name":"World of Goop","floor":5,"gold_loss":0}],"is_beta":true,"boss_relics":[],"items_purged_floors":[],"is_endless":false,"potions_floor_spawned":[1,4,6],"killed_by":"Gremlin Nob","ascension_level":20}