{"gold_per_floor":[114,114,153,153,197,197,216,246,246,290,328,372,435,481,481,606,669,713,139,139,158,83,121,121,159,159,159,203,203,203,247,247,372,372,391,410,60,79,123,123],"floor_reached":40,"playtime":2440,"items_purged":["Pain","Injury"],"score":563,"play_id":"19512f7f-aee4-4dae-8d13-736a152e20b9","local_time":"20190326224859","daily_mods":["Allstar","Green Cards","Terminal"],"is_ascension_mode":false,"campfire_choices":[{"data":"Apotheosis","floor":6.0,"key":"SMITH"},{"data":"Echo Form","floor":15.0,"key":"SMITH"},{"floor":24,"key":"REST"},{"floor":27,"key":"REST"},{"floor":29,"key":"REST"},{"data":"Infinite Blades","floor":32,"key":"SMITH"}],"neow_cost":"","seed_source_timestamp":0,"circlet_count":0,"master_deck":["Strike_B","Strike_B","Strike_B","Strike_B","Defend_B","Defend_B","Defend_B","Defend_B","Zap","Dualcast","Secret Technique","Apotheosis+1","Panacea+1","Panache","HandOfGreed","Coolheaded","Poisoned Stab","Dagger Throw","Calculated Gamble","Conserve Battery","Echo Form+1","A Thousand Cuts","Loop","Noxious Fumes","Setup","Backstab","Reinforced Body","Infinite Blades+1","Beam Cell+1","Sucker Punch+1","PiercingWail+1"],"special_seed":17982,"relics":["Cracked Core","Golden Idol","Bottled Lightning","Strawberry","Art of War","Odd Mushroom","Tiny House","DataDisk","Orichalcum","Toolbox","WarpedTongs","Blood Vial","Ancient Tea Set","Meat on the Bone","Runic Pyramid","Symbiotic Virus"],"potions_floor_usage":[23,25,25,33,33,33,38],"damage_taken":[{"damage":6.0,"enemies":"Jaw Worm","floor":1.0,"turns":3.0},{"damage":3.0,"enemies":"Small Slimes","floor":3.0,"turns":2.0},{"damage":0.0,"enemies":"Cultist","floor":5.0,"turns":4.0},{"damage":1.0,"enemies":"Red Slaver","floor":7.0,"turns":3.0},{"damage":7.0,"enemies":"Blue Slaver","floor":10.0,"turns":2.0},{"damage":0.0,"enemies":"Gremlin Nob","floor":11.0,"turns":3.0},{"damage":0.0,"enemies":"Lots of Slimes","floor":12.0,"turns":3.0},{"damage":0.0,"enemies":"3 Sentries","floor":13.0,"turns":4.0},{"damage":5.0,"enemies":"The Mushroom Lair","floor":14.0,"turns":4.0},{"damage":0.0,"enemies":"Hexaghost","floor":16.0,"turns":8.0},{"damage":0.0,"enemies":"Chosen","floor":18.0,"turns":4.0},{"damage":3,"enemies":"Spheric Guardian","floor":21,"turns":5},{"damage":30,"enemies":"Gremlin Leader","floor":23,"turns":7},{"damage":17,"enemies":"Book of Stabbing","floor":25,"turns":6},{"damage":15,"enemies":"Snake Plant","floor":28,"turns":3},{"damage":0,"enemies":"Cultist and Chosen","floor":31,"turns":5},{"damage":31,"enemies":"Automaton","floor":33,"turns":9},{"damage":5,"enemies":"Orb Walker","floor":35,"turns":4},{"damage":17,"enemies":"3 Shapes","floor":36,"turns":6},{"damage":0,"enemies":"Maw","floor":38,"turns":6},{"damage":11,"enemies":"4 Shapes","floor":39,"turns":5},{"damage":43,"enemies":"Nemesis","floor":40,"turns":3}],"seed_played":"2705991791978996183","potions_obtained":[{"floor":1.0,"key":"EssenceOfSteel"},{"floor":5.0,"key":"AttackPotion"},{"floor":10.0,"key":"EntropicBrew"},{"floor":14.0,"key":"Explosive Potion"},{"floor":17.0,"key":"FearPotion"},{"floor":30,"key":"SteroidPotion"},{"floor":30,"key":"SneckoOil"},{"floor":30,"key":"LiquidBronze"},{"floor":31,"key":"SkillPotion"},{"floor":35,"key":"Dexterity Potion"},{"floor":39,"key":"SteroidPotion"}],"is_trial":false,"path_per_floor":["M","?","M","$","M","R","M","?","T","M","E","M","E","?","R","B",null,"M","$","?","M","$","E","R","E","T","R","M","R","?","M","R","B",null,"M","M","$","M","M","E"],"character_chosen":"DEFECT","items_purchased":["DataDisk","Orichalcum","Toolbox","Noxious Fumes","Symbiotic Virus"],"campfire_rested":3,"item_purchase_floors":[19,19,19,19,37],"current_hp_per_floor":[68,68,65,65,65,65,64,64,64,57,64,64,64,59,59,59,69,68,67,66,63,63,33,51,36,36,54,41,57,56,55,54,35,52,47,32,32,34,25,0],"gold":123,"neow_bonus":"","is_prod":false,"is_daily":true,"chose_seed":false,"campfire_upgraded":3,"win_rate":0,"timestamp":1553654939,"path_taken":["M","?","M","$","M","R","M","?","T","M","E","?","E","?","R","BOSS","M","$","?","?","?","E","R","E","T","R","M","R","?","?","R","BOSS","M","M","$","M","M","E"],"build_version":"2019-01-23","purchased_purges":2,"victory":false,"max_hp_per_floor":[73,72,71,70,69,68,67,66,65,64,70,69,68,67,66,65,69,68,67,66,65,64,63,62,61,60,59,58,57,56,55,54,53,52,51,50,49,48,47,47],"card_choices":[{"not_picked":["Flying Knee","Gash"],"picked":"Coolheaded","floor":1.0},{"not_picked":["Underhanded Strike","Aggregate","Prepared"],"picked":"SKIP","floor":3.0},{"not_picked":["Deadly Poison","Skim"],"picked":"Poisoned Stab","floor":5.0},{"not_picked":["Streamline","Outmaneuver"],"picked":"Dagger Throw","floor":7.0},{"not_picked":["Rebound","Force Field","Rip and Tear"],"picked":"SKIP","floor":10.0},{"not_picked":["Storm of Steel","Barrage"],"picked":"Calculated Gamble","floor":11.0},{"not_picked":["Deflect","Flying Knee"],"picked":"Conserve Battery","floor":12.0},{"not_picked":["Storm","Rip and Tear"],"picked":"Echo Form","floor":13.0},{"not_picked":["Fission","Grand Finale"],"picked":"A Thousand Cuts","floor":16.0},{"not_picked":["Turbo","Streamline"],"picked":"Loop","floor":17.0},{"not_picked":["Coolheaded","Gash+1","BootSequence"],"picked":"SKIP","floor":18.0},{"not_picked":["Outmaneuver","Cloak And Dagger+1"],"picked":"Setup","floor":21},{"not_picked":["Sucker Punch+1","Setup","Backflip"],"picked":"SKIP","floor":23},{"not_picked":["Night Terror","Dagger Throw"],"picked":"Backstab","floor":25},{"not_picked":["Skewer","Flying Knee+1"],"picked":"Reinforced Body","floor":28},{"not_picked":["Leap+1","Finisher"],"picked":"Infinite Blades","floor":31},{"not_picked":["Barrage","Dodge and Roll+1"],"picked":"Beam Cell+1","floor":35},{"not_picked":["Deflect+1","Cloak And Dagger+1"],"picked":"Sucker Punch+1","floor":36},{"not_picked":["Dagger Spray+1","Recycle","Acrobatics"],"picked":"SKIP","floor":38},{"not_picked":["Core Surge","Backflip+1"],"picked":"PiercingWail+1","floor":39}],"player_experience":103039,"relics_obtained":[{"floor":9.0,"key":"Bottled Lightning"},{"floor":11.0,"key":"Strawberry"},{"floor":13.0,"key":"Art of War"},{"floor":14.0,"key":"Odd Mushroom"},{"floor":23,"key":"Blood Vial"},{"floor":25,"key":"Ancient Tea Set"},{"floor":26,"key":"Meat on the Bone"}],"event_choices":[{"damage_healed":0.0,"max_hp_gain":0.0,"max_hp_loss":0.0,"gold_gain":0.0,"event_name":"Golden Idol","player_choice":"Take Wound","floor":2.0,"gold_loss":0.0,"damage_taken":0.0,"relics_obtained":["Golden Idol"],"cards_obtained":["Injury"]},{"damage_healed":0.0,"max_hp_gain":0.0,"max_hp_loss":0.0,"gold_gain":30.0,"event_name":"Dead Adventurer","player_choice":"Searched \u00272\u0027 times","floor":8.0,"gold_loss":0.0,"damage_taken":0.0},{"damage_healed":0.0,"max_hp_gain":0.0,"max_hp_loss":0.0,"gold_gain":0.0,"event_name":"Mushrooms","player_choice":"Fought Mushrooms","floor":14.0,"gold_loss":0.0,"damage_taken":0.0},{"damage_healed":0,"gold_gain":0,"player_choice":"Rummage","damage_taken":0,"relics_obtained":["WarpedTongs"],"max_hp_gain":0,"max_hp_loss":0,"event_name":"Accursed Blacksmith","floor":20,"gold_loss":0,"cards_obtained":["Pain"]},{"damage_healed":0,"gold_gain":0,"player_choice":"Got Potions","damage_taken":0,"max_hp_gain":0,"max_hp_loss":0,"event_name":"Lab","floor":30,"gold_loss":0}],"is_beta":false,"boss_relics":[{"not_picked":["Sozu","Black Star"],"picked":"Tiny House"},{"not_picked":["Snecko Eye","FrozenCore"],"picked":"Runic Pyramid"}],"items_purged_floors":[22,37],"is_endless":false,"potions_floor_spawned":[1,5,10,14,18,31,35,39],"killed_by":"Nemesis","ascension_level":0}