{"gold_per_floor":[110,122,122,141,158,158,176,192,192,202,202,202,232,257,257,386,386,401,401,419,2,2,2,21,21,47,9,32,32,60,0,0,99,99,114,0,20,36,50,50,66,66,66,66,12,112,145,145,145,145],"floor_reached":50,"playtime":5126,"items_purged":["Defend_P+1"],"score":532,"play_id":"ba99e818-cb80-424a-b61b-9ddd64ad7449","local_time":"20190913173056","is_ascension_mode":false,"campfire_choices":[{"data":"Protect","floor":6,"key":"SMITH"},{"data":"Weave","floor":15,"key":"SMITH"},{"floor":23,"key":"REST"},{"floor":32,"key":"REST"},{"floor":40,"key":"REST"},{"floor":42,"key":"REST"},{"data":"1","floor":44,"key":"LIFT"},{"data":"2","floor":49,"key":"LIFT"}],"neow_cost":"NONE","seed_source_timestamp":8821155392200,"circlet_count":0,"master_deck":["Strike_P+1","Strike_P+1","Strike_P+1","Strike_P+1","Defend_P+1","Defend_P+1","Defend_P+1","Eruption","Vigilance","Protect+1","ThirdEye","Weave+1","Adaptation+1","Pray+1","DeusExMachina+1","EmptyMind+1","FlurryOfBlows+1","EmptyFist+1","Bandage Up+1","JustLucky+1","FlowState+1","CurseOfTheBell","ClearTheMind+1","CrushJoints+1","Halt+1","SpiritShield+1","Worship+1","InnerPeace+1","Sanctity+1","MasterReality","ForeignInfluence+1","Chrysalis+1"],"relics":["PureWater","Melange","Toxic Egg 2","Bloody Idol","Sozu","Membership Card","Girya","Whetstone","Smiling Mask","Gambling Chip","Calling Bell","Bag of Marbles","The Courier","Prayer Wheel","Red Mask","Molten Egg 2","Du-Vu Doll","Lizard Tail"],"potions_floor_usage":[16,16,16,18],"damage_taken":[{"damage":5,"enemies":"Small Slimes","floor":1,"turns":5},{"damage":1,"enemies":"Jaw Worm","floor":2,"turns":6},{"damage":0,"enemies":"Cultist","floor":4,"turns":4},{"damage":1,"enemies":"Red Slaver","floor":5,"turns":6},{"damage":0,"enemies":"Exordium Thugs","floor":7,"turns":4},{"damage":2,"enemies":"Large Slime","floor":8,"turns":7},{"damage":3,"enemies":"Looter","floor":10,"turns":4},{"damage":1,"enemies":"2 Fungi Beasts","floor":14,"turns":4},{"damage":17,"enemies":"Hexaghost","floor":16,"turns":7},{"damage":48,"enemies":"Chosen","floor":18,"turns":10},{"damage":5,"enemies":"Shell Parasite","floor":20,"turns":8},{"damage":0,"enemies":"Sentry and Sphere","floor":24,"turns":5},{"damage":20,"enemies":"Book of Stabbing","floor":30,"turns":5},{"damage":27,"enemies":"Collector","floor":33,"turns":12},{"damage":15,"enemies":"Orb Walker","floor":35,"turns":5},{"damage":26,"enemies":"3 Darklings","floor":37,"turns":5},{"damage":27,"enemies":"Transient","floor":38,"turns":5},{"damage":9,"enemies":"4 Shapes","floor":39,"turns":5},{"damage":35,"enemies":"Maw","floor":41,"turns":8},{"damage":0,"enemies":"Mind Bloom Boss Battle","floor":46,"turns":5},{"damage":1,"enemies":"Giant Head","floor":47,"turns":5},{"damage":106,"enemies":"Donu and Deca","floor":50,"turns":6}],"seed_played":"-4403438727088124836","potions_obtained":[{"floor":4,"key":"PowerPotion"},{"floor":8,"key":"Poison Potion"},{"floor":14,"key":"Strength Potion"},{"floor":16,"key":"GamblersBrew"}],"is_trial":false,"path_per_floor":["M","M","?","M","M","R","M","M","T","M","?","?","?","M","R","B",null,"M","?","M","$","?","R","M","$","T","$","T","?","E","?","R","B",null,"M","?","M","M","M","R","M","R","T","R","$","?","E","?","R","B"],"character_chosen":"WATCHER","items_purchased":["Membership Card","FlurryOfBlows","Girya","EmptyFist","Bandage Up+1","MasterReality"],"campfire_rested":4,"item_purchase_floors":[21,21,21,21,21,45],"current_hp_per_floor":[60,59,59,59,58,58,58,56,56,53,53,46,46,45,45,28,65,17,17,12,12,12,31,37,37,37,37,37,37,28,28,47,31,65,55,55,40,24,26,45,21,40,40,40,40,51,61,61,61,0],"gold":145,"neow_bonus":"RANDOM_COMMON_RELIC","is_prod":false,"is_daily":false,"chose_seed":false,"campfire_upgraded":2,"win_rate":0.0,"timestamp":1568421056,"path_taken":["M","M","?","M","M","R","M","M","T","M","?","?","?","M","R","BOSS","M","?","M","$","?","R","?","$","T","?","?","?","E","?","R","BOSS","M","?","M","M","M","R","M","R","T","R","$","?","E","?","R","BOSS"],"build_version":"2019-09-12","purchased_purges":1,"victory":false,"max_hp_per_floor":[65,65,65,65,65,65,65,65,65,65,65,65,65,65,65,65,65,65,65,65,65,65,65,65,65,65,65,65,65,65,65,65,65,65,65,65,65,65,65,65,65,65,65,65,65,65,65,65,65,65],"card_choices":[{"not_picked":["ClearTheMind","Crescendo"],"picked":"Protect","floor":1},{"not_picked":["ClearTheMind","FlyingSleeves","WaveOfTheHand"],"picked":"SKIP","floor":2},{"not_picked":["Protect","Worship"],"picked":"ThirdEye","floor":4},{"not_picked":["ClearTheMind","Scrawl","Crescendo"],"picked":"SKIP","floor":5},{"not_picked":["Halt","ForeignInfluence"],"picked":"Weave","floor":7},{"not_picked":["BowlingBash","CleanseEvil"],"picked":"Adaptation","floor":8},{"not_picked":["ClearTheMind+1","CutThroughFate"],"picked":"Pray+1","floor":10},{"not_picked":["Halt+1","Swivel+1","WreathOfFlame+1"],"picked":"SKIP","floor":14},{"not_picked":["LessonLearned","Wallop"],"picked":"DeusExMachina+1","floor":16},{"not_picked":["ClearTheMind+1","BowlingBash","Sanctity+1"],"picked":"SKIP","floor":18},{"not_picked":["Evaluate+1","Sanctity+1"],"picked":"EmptyMind+1","floor":20},{"not_picked":["TalkToTheHand","Halt+1"],"picked":"JustLucky+1","floor":24},{"not_picked":["TalkToTheHand","PathToVictory+1","JustLucky"],"picked":"SKIP","floor":30},{"not_picked":["DeusExMachina+1","Unraveling+1"],"picked":"FlowState+1","floor":33},{"not_picked":["EmptyBody+1","Weave"],"picked":"ClearTheMind+1","floor":35},{"not_picked":["SandsOfTime","Conclude+1"],"picked":"CrushJoints+1","floor":35},{"not_picked":["ClearTheMind+1","Evaluate+1"],"picked":"Halt+1","floor":37},{"not_picked":["PathToVictory+1","ThirdEye+1","Weave"],"picked":"SKIP","floor":37},{"not_picked":["Meditate+1","JustLucky"],"picked":"SpiritShield+1","floor":38},{"not_picked":["Tantrum","CutThroughFate","PathToVictory+1"],"picked":"SKIP","floor":38},{"not_picked":["ClearTheMind+1","DeusExMachina+1"],"picked":"Worship+1","floor":39},{"not_picked":["Meditate+1","Conclude+1","EmptyMind+1"],"picked":"SKIP","floor":39},{"not_picked":["Protect+1","Conclude+1"],"picked":"InnerPeace+1","floor":41},{"not_picked":["EmptyFist","ClearTheMind+1"],"picked":"Sanctity+1","floor":41},{"not_picked":["ClearTheMind+1","FlyingSleeves+1"],"picked":"ForeignInfluence+1","floor":46},{"not_picked":["DeceiveReality+1","JustLucky+1","SpiritShield+1"],"picked":"SKIP","floor":47},{"not_picked":["Bandage Up+1","Finesse+1"],"picked":"Chrysalis+1","floor":48}],"player_experience":686411,"relics_obtained":[{"floor":9,"key":"Toxic Egg 2"},{"floor":26,"key":"Whetstone"},{"floor":28,"key":"Smiling Mask"},{"floor":30,"key":"Gambling Chip"},{"floor":34,"key":"Bag of Marbles"},{"floor":34,"key":"The Courier"},{"floor":34,"key":"Prayer Wheel"},{"floor":43,"key":"Molten Egg 2"},{"floor":46,"key":"Du-Vu Doll"},{"floor":47,"key":"Lizard Tail"}],"event_choices":[{"damage_healed":0,"gold_gain":0,"player_choice":"Ignored","damage_taken":0,"max_hp_gain":0,"max_hp_loss":0,"event_name":"Liars Game","floor":3,"gold_loss":0},{"damage_healed":0,"gold_gain":0,"player_choice":"Take Wound","damage_taken":0,"relics_obtained":["Golden Idol"],"max_hp_gain":0,"max_hp_loss":0,"event_name":"Golden Idol","floor":11,"gold_loss":0,"cards_obtained":["Injury"]},{"cards_removed":["Injury"],"damage_healed":0,"gold_gain":0,"player_choice":"Card Removal","damage_taken":7,"max_hp_gain":0,"max_hp_loss":0,"event_name":"Golden Wing","floor":12,"gold_loss":0},{"damage_healed":0,"gold_gain":30,"player_choice":"Searched \u00271\u0027 times","damage_taken":0,"max_hp_gain":0,"max_hp_loss":0,"event_name":"Dead Adventurer","floor":13,"gold_loss":0},{"damage_healed":0,"gold_gain":0,"player_choice":"Simplicity","damage_taken":0,"max_hp_gain":0,"max_hp_loss":0,"event_name":"Back to Basics","floor":19,"gold_loss":0,"cards_upgraded":["Strike_P","Strike_P","Strike_P","Strike_P","Defend_P","Defend_P","Defend_P","Defend_P"]},{"damage_healed":0,"gold_gain":0,"player_choice":"Forge","damage_taken":0,"max_hp_gain":0,"max_hp_loss":0,"event_name":"Accursed Blacksmith","floor":22,"gold_loss":0,"cards_upgraded":["Adaptation"]},{"damage_healed":0,"gold_gain":0,"player_choice":"Gave Idol","damage_taken":0,"relics_obtained":["Bloody Idol"],"max_hp_gain":0,"max_hp_loss":0,"event_name":"Forgotten Altar","floor":29,"relics_lost":["Golden Idol"],"gold_loss":0},{"damage_healed":0,"gold_gain":0,"player_choice":"Paid Fearfully","damage_taken":0,"max_hp_gain":0,"max_hp_loss":0,"event_name":"Masked Bandits","floor":31,"gold_loss":60},{"damage_healed":0,"gold_gain":0,"player_choice":"Paid","damage_taken":0,"relics_obtained":["Red Mask"],"max_hp_gain":0,"max_hp_loss":0,"event_name":"Tomb of Lord Red Mask","floor":36,"gold_loss":114},{"damage_healed":0,"gold_gain":0,"player_choice":"Fight","damage_taken":0,"max_hp_gain":0,"max_hp_loss":0,"event_name":"MindBloom","floor":46,"gold_loss":0},{"damage_healed":0,"gold_gain":0,"player_choice":"Memory 1","damage_taken":0,"max_hp_gain":0,"max_hp_loss":0,"event_name":"SensoryStone","floor":48,"gold_loss":0}],"is_beta":true,"boss_relics":[{"not_picked":["Black Star","SlaversCollar"],"picked":"Sozu"},{"not_picked":["Runic Dome","Fusion Hammer"],"picked":"Calling Bell"}],"items_purged_floors":[27],"is_endless":false,"potions_floor_spawned":[4,8,14,16,20,30,35,37,47],"killed_by":"Donu and Deca","ascension_level":0}