{"gold_per_floor":[114,129,181,181,196,226,226,241,241,241,271,286,286,301,301,401,401,401,401,101,101,101,101,101,101,101,101,101,101,101,101,101,101,101,101,101,101,101,101,101,101,101,101,101,101,101,101,101,101,101],"floor_reached":51,"playtime":3149,"items_purged":[],"score":727,"play_id":"7acc02e0-73de-4d91-ae3e-f3df9af4e45e","local_time":"20190405213910","daily_mods":["SealedDeck","Red Cards","Lethality"],"is_ascension_mode":false,"campfire_choices":[{"data":"1","floor":7,"key":"LIFT"},{"data":"2","floor":10,"key":"LIFT"},{"floor":15,"key":"REST"},{"data":"3","floor":23,"key":"LIFT"},{"data":"Capacitor","floor":25,"key":"SMITH"},{"floor":32,"key":"REST"},{"data":"Creative AI","floor":40,"key":"SMITH"},{"data":"Warcry","floor":42,"key":"SMITH"},{"floor":46,"key":"REST"},{"floor":49,"key":"REST"}],"neow_cost":"","seed_source_timestamp":0,"circlet_count":0,"master_deck":["Reprogram","Warcry+1","Uppercut","Stack","Shrug It Off","Cold Snap","Cold Snap","Rip and Tear","Ball Lightning","Capacitor+1","Burning Pact","Cold Snap","Power Through","Disarm","Armaments","Genetic Algorithm","Immolate","Battle Trance","Zap","Conserve Battery","Reprogram+1","Stack","Auto Shields","Rip and Tear","Creative AI+1","Shockwave+1","Storm","Demon Form","Hello World+1","Madness","Madness","Body Slam","Shrug It Off+1"],"special_seed":17992,"relics":["Cracked Core","Girya","Pear","Ancient Tea Set","Ectoplasm","Nunchaku","DataDisk","Oddly Smooth Stone","MutagenicStrength","Anchor","Sozu","Ginger","Prayer Wheel","Letter Opener"],"potions_floor_usage":[16,27,31,33],"damage_taken":[{"damage":0,"enemies":"Small Slimes","floor":1,"turns":1},{"damage":0,"enemies":"2 Louse","floor":2,"turns":2},{"damage":0,"enemies":"Cultist","floor":5,"turns":2},{"damage":20,"enemies":"3 Sentries","floor":6,"turns":5},{"damage":5,"enemies":"Looter","floor":8,"turns":2},{"damage":15,"enemies":"Lagavulin","floor":11,"turns":6},{"damage":0,"enemies":"Blue Slaver","floor":12,"turns":3},{"damage":0,"enemies":"Exordium Thugs","floor":14,"turns":3},{"damage":20,"enemies":"The Guardian","floor":16,"turns":7},{"damage":4,"enemies":"Chosen","floor":18,"turns":3},{"damage":16,"enemies":"3 Byrds","floor":21,"turns":3},{"damage":8,"enemies":"Centurion and Healer","floor":22,"turns":5},{"damage":9,"enemies":"Snecko","floor":24,"turns":5},{"damage":8,"enemies":"Slavers","floor":27,"turns":2},{"damage":0,"enemies":"Snake Plant","floor":30,"turns":1},{"damage":9,"enemies":"Gremlin Leader","floor":31,"turns":3},{"damage":33,"enemies":"Automaton","floor":33,"turns":9},{"damage":0,"enemies":"Orb Walker","floor":35,"turns":3},{"damage":9,"enemies":"Mind Bloom Boss Battle","floor":36,"turns":6},{"damage":6,"enemies":"3 Shapes","floor":37,"turns":3},{"damage":0,"enemies":"Sphere and 2 Shapes","floor":39,"turns":4},{"damage":10,"enemies":"Reptomancer","floor":41,"turns":4},{"damage":1,"enemies":"Jaw Worm Horde","floor":44,"turns":2},{"damage":23,"enemies":"4 Shapes","floor":48,"turns":2},{"damage":27,"enemies":"Donu and Deca","floor":50,"turns":7}],"seed_played":"-540605378630544762","potions_obtained":[{"floor":1,"key":"FairyPotion"},{"floor":6,"key":"Ancient Potion"},{"floor":12,"key":"Poison Potion"},{"floor":16,"key":"Strength Potion"},{"floor":18,"key":"Dexterity Potion"},{"floor":27,"key":"SkillPotion"},{"floor":30,"key":"AttackPotion"}],"is_trial":false,"path_per_floor":["M","M","?","$","M","E","R","M","T","R","E","M","?","M","R","B",null,"M","?","$","M","M","R","M","R","T","E","?","$","M","E","R","B",null,"M","?","M","?","M","R","E","R","T","M","?","R","$","M","R","B",null],"character_chosen":"DEFECT","items_purchased":["Nunchaku"],"campfire_rested":4,"item_purchase_floors":[20],"current_hp_per_floor":[75,75,75,75,75,55,55,50,60,60,45,45,50,50,77,57,90,86,86,86,70,62,62,53,53,53,45,45,45,45,36,63,30,90,90,81,75,75,75,75,65,65,65,64,53,80,80,57,84,57],"gold":101,"neow_bonus":"","is_prod":false,"is_daily":true,"chose_seed":false,"campfire_upgraded":3,"win_rate":0,"timestamp":1554514750,"path_taken":["M","M","?","$","M","E","R","M","T","R","E","M","?","M","R","BOSS","M","?","?","M","M","R","M","R","T","E","?","?","?","E","R","BOSS","M","?","M","?","M","R","E","R","T","?","?","R","$","M","R","BOSS"],"build_version":"2019-01-23","purchased_purges":0,"victory":true,"max_hp_per_floor":[75,75,75,75,75,75,75,75,85,85,85,85,90,90,90,90,90,90,90,90,90,90,90,90,90,90,90,90,90,90,90,90,90,90,90,90,90,90,90,90,90,90,90,90,90,90,90,90,90,90],"card_choices":[{"not_picked":["Clash","Anger"],"picked":"Burning Pact","floor":1},{"not_picked":["True Grit","Headbutt","Flex"],"picked":"SKIP","floor":2},{"not_picked":["Double Energy","Reprogram"],"picked":"Cold Snap","floor":5},{"not_picked":["Thunder Strike","Blood for Blood"],"picked":"Power Through","floor":6},{"not_picked":["Steam","Blood for Blood"],"picked":"Disarm","floor":8},{"not_picked":["Rampage","Sword Boomerang"],"picked":"Armaments","floor":11},{"not_picked":["Clash","Second Wind","Undo"],"picked":"SKIP","floor":12},{"not_picked":["Redo","Compile Driver"],"picked":"Genetic Algorithm","floor":14},{"not_picked":["Limit Break","Double Tap"],"picked":"Immolate","floor":16},{"not_picked":["Gash","Aggregate+1"],"picked":"Battle Trance","floor":18},{"not_picked":["Fire Breathing","Havoc"],"picked":"Conserve Battery","floor":21},{"not_picked":["Uppercut","Wild Strike"],"picked":"Reprogram+1","floor":22},{"not_picked":["Shrug It Off","Perfected Strike","Heatsinks"],"picked":"SKIP","floor":24},{"not_picked":["Warcry","Clothesline"],"picked":"Stack","floor":27},{"not_picked":["Undo","Double Energy"],"picked":"Auto Shields","floor":30},{"not_picked":["Hologram+1","Disarm+1"],"picked":"Rip and Tear","floor":31},{"not_picked":["Immolate","Thunder Strike"],"picked":"Creative AI","floor":33},{"not_picked":["Twin Strike","True Grit+1"],"picked":"Shockwave+1","floor":35},{"not_picked":["Rampage+1","Recycle"],"picked":"Storm","floor":37},{"not_picked":["Perfected Strike","Cleave+1"],"picked":"Demon Form","floor":39},{"not_picked":["Twin Strike","Amplify"],"picked":"Hello World+1","floor":41},{"not_picked":["Rupture+1","Turbo","Sentinel"],"picked":"SKIP","floor":44},{"not_picked":["Stack","Barrage+1","Hologram"],"picked":"SKIP","floor":44},{"not_picked":["Carnage+1","Cold Snap"],"picked":"Body Slam","floor":48},{"not_picked":["Cold Snap","Dropkick+1"],"picked":"Shrug It Off+1","floor":48}],"player_experience":114261,"relics_obtained":[{"floor":6,"key":"Girya"},{"floor":9,"key":"Pear"},{"floor":11,"key":"Ancient Tea Set"},{"floor":26,"key":"DataDisk"},{"floor":27,"key":"Oddly Smooth Stone"},{"floor":31,"key":"Anchor"},{"floor":36,"key":"Ginger"},{"floor":41,"key":"Prayer Wheel"},{"floor":43,"key":"Letter Opener"}],"event_choices":[{"damage_healed":0,"gold_gain":52,"player_choice":"Gained Gold","damage_taken":0,"max_hp_gain":0,"max_hp_loss":0,"event_name":"Golden Wing","floor":3,"gold_loss":0},{"damage_healed":0,"gold_gain":0,"player_choice":"Donut","damage_taken":0,"max_hp_gain":5,"max_hp_loss":0,"event_name":"Big Fish","floor":13,"gold_loss":0},{"damage_healed":0,"gold_gain":0,"player_choice":"1 cards matched","damage_taken":0,"max_hp_gain":0,"max_hp_loss":0,"event_name":"Match and Keep!","floor":19,"gold_loss":0,"cards_obtained":["Zap"]},{"damage_healed":0,"gold_gain":0,"player_choice":"Inject Mutagens","damage_taken":0,"relics_obtained":["MutagenicStrength"],"max_hp_gain":0,"max_hp_loss":0,"event_name":"Drug Dealer","floor":28,"gold_loss":0},{"damage_healed":0,"gold_gain":0,"player_choice":"Fight","damage_taken":0,"max_hp_gain":0,"max_hp_loss":0,"event_name":"MindBloom","floor":36,"gold_loss":0},{"damage_healed":0,"gold_gain":0,"player_choice":"Got Potions","damage_taken":0,"max_hp_gain":0,"max_hp_loss":0,"event_name":"Lab","floor":38,"gold_loss":0},{"damage_healed":0,"gold_gain":0,"player_choice":"Embrace Madness","damage_taken":11,"max_hp_gain":0,"max_hp_loss":0,"event_name":"Winding Halls","floor":45,"gold_loss":0,"cards_obtained":["Madness","Madness"]}],"is_beta":false,"boss_relics":[{"not_picked":["White Beast Statue","Cursed Key"],"picked":"Ectoplasm"},{"not_picked":["Runic Dome","Busted Crown"],"picked":"Sozu"}],"items_purged_floors":[],"is_endless":false,"potions_floor_spawned":[1,6,12,16,18,21,27,30,41,44,48],"ascension_level":0}