{"path_per_floor":["M","?","$","M","M","R","M","R","T","M","M","E","M","?","R","B",null,"M","M","M","?","$","R","E","M","T","M","M","R","M","$","R","B",null,"M","M","?","M","$","R","T","M","T","E","M","R","M","M","R","B"],"character_chosen":"IRONCLAD","items_purchased":["Finesse","Limit Break","Anchor","Bandage Up"],"gold_per_floor":[114,64,64,79,94,94,109,109,134,149,164,194,209,209,209,309,309,324,339,354,269,173,173,203,218,293,308,323,323,338,32,32,132,132,147,162,162,177,84,84,159,174,224,254,269,269,284,299,299,299],"floor_reached":51,"campfire_rested":0,"playtime":3125,"current_hp_per_floor":[80,80,80,80,80,80,80,80,80,80,80,79,80,90,90,87,90,90,90,73,73,73,73,72,90,90,90,90,90,90,90,90,90,90,90,90,80,84,84,90,90,90,90,90,85,90,90,90,90,31],"items_purged":[],"gold":299,"score":757,"play_id":"cbf60145-21c7-4b89-945c-79ef348ef5a1","local_time":"20180410202207","daily_mods":["Draft","Time Dilation","Uncertain Future"],"is_prod":false,"is_daily":true,"chose_seed":false,"is_ascension_mode":false,"campfire_upgraded":9,"timestamp":1523416927,"path_taken":["M","?","$","M","M","R","?","R","T","M","M","E","M","?","R","BOSS","M","M","M","?","$","R","E","M","T","?","M","R","M","?","R","BOSS","M","M","?","M","$","R","?","M","T","E","?","R","M","M","R","BOSS"],"build_version":"2018-04-10","seed_source_timestamp":0,"purchased_purges":0,"victory":true,"master_deck":["Hemokinesis","Iron Wave","Ghostly Armor","Spot Weakness","Fire Breathing+1","Flex","Disarm","Sword Boomerang","Heavy Blade+1","Anger+1","Rage","Shrug It Off","Clash","Armaments+1","Sword Boomerang","Rupture+1","Flex","Offering+1","Inflame+1","Rage","Reaper","Dual Wield+1","Whirlwind","Finesse","Iron Wave","Rage","Limit Break+1","Offering+1","Pummel+1","Combust+1","Finesse","Secret Technique+1","Mind Blast+1","Seeing Red","Bandage Up","Thunderclap+1","Clash+1","Pummel","Body Slam+1","Blood for Blood+1"],"max_hp_per_floor":[80,80,80,80,80,80,80,80,80,80,80,80,80,90,90,90,90,90,90,90,90,90,90,90,90,90,90,90,90,90,90,90,90,90,90,90,90,90,90,90,90,90,90,90,90,90,90,90,90,90],"relics":["Black Blood","Bag of Preparation","Omamori","Pear","Bag of Marbles","Whetstone","Question Card","Anchor","Eternal Feather","The Courier","Art of War","Ancient Tea Set"],"card_choices":[{"not_picked":["True Grit","Burning Pact"],"picked":"Hemokinesis","floor":0},{"not_picked":["Perfected Strike","Heavy Blade"],"picked":"Iron Wave","floor":0},{"not_picked":["Battle Trance","Blood for Blood"],"picked":"Ghostly Armor","floor":0},{"not_picked":["Body Slam","Cleave"],"picked":"Spot Weakness","floor":0},{"not_picked":["Perfected Strike","Searing Blow"],"picked":"Fire Breathing","floor":0},{"not_picked":["Whirlwind","Burning Pact"],"picked":"Reckless Charge","floor":0},{"not_picked":["Sentinel","Warcry"],"picked":"Flex","floor":0},{"not_picked":["Perfected Strike","Heavy Blade"],"picked":"Disarm","floor":0},{"not_picked":["Clothesline","Searing Blow"],"picked":"Sword Boomerang","floor":0},{"not_picked":["Spot Weakness","Clothesline"],"picked":"Heavy Blade","floor":0},{"not_picked":["Wild Strike","Combust"],"picked":"Anger","floor":0},{"not_picked":["Uppercut","Shrug It Off"],"picked":"Rage","floor":0},{"not_picked":["Dual Wield","Heavy Blade"],"picked":"Shrug It Off","floor":0},{"not_picked":["Corruption","Second Wind"],"picked":"Clash","floor":0},{"not_picked":["Flex","Headbutt"],"picked":"Armaments","floor":0},{"not_picked":["Sentinel","Evolve"],"picked":"Sword Boomerang","floor":1},{"not_picked":["Shrug It Off","Heavy Blade"],"picked":"Rupture","floor":4},{"not_picked":["Perfected Strike","Pommel Strike"],"picked":"Flex","floor":7},{"not_picked":["Corruption","Shrug It Off"],"picked":"Offering","floor":10},{"not_picked":["Spot Weakness","Dual Wield"],"picked":"Inflame","floor":11},{"not_picked":["Flame Barrier","Body Slam"],"picked":"Rage","floor":13},{"not_picked":["Barricade","Bludgeon"],"picked":"Reaper","floor":16},{"not_picked":["Armaments","Infernal Blade"],"picked":"Dual Wield","floor":18},{"not_picked":["Hemokinesis","Blood for Blood"],"picked":"Whirlwind","floor":20},{"not_picked":["Clash","Hemokinesis"],"picked":"Iron Wave","floor":24},{"not_picked":["Clothesline","Body Slam","Headbutt"],"picked":"Rage","floor":27},{"not_picked":["Reaper","Barricade","Fiend Fire"],"picked":"Offering","floor":33},{"not_picked":["Armaments","Warcry","Shockwave"],"picked":"Pummel","floor":35},{"not_picked":["Warcry","Corruption","Cleave"],"picked":"Combust","floor":36},{"not_picked":["Transmutation","Purity","Good Instincts"],"picked":"Finesse","floor":37},{"not_picked":["Blind","Purity","Deep Breath"],"picked":"Secret Technique","floor":37},{"not_picked":["Purity","Jack Of All Trades","Master of Strategy"],"picked":"Mind Blast","floor":37},{"not_picked":["Twin Strike","Disarm","Infernal Blade"],"picked":"Seeing Red","floor":38},{"not_picked":["Feel No Pain","Evolve","Burning Pact"],"picked":"Thunderclap","floor":42},{"not_picked":["Clothesline","Fire Breathing","Iron Wave"],"picked":"Clash","floor":44},{"not_picked":["Power Through","Thunderclap","Twin Strike"],"picked":"Pummel","floor":45},{"not_picked":["Warcry","Heavy Blade","Infernal Blade"],"picked":"Body Slam","floor":47},{"not_picked":["Wild Strike","Cleave","Spot Weakness"],"picked":"Blood for Blood","floor":48}],"player_experience":427023,"potions_floor_usage":[10,12,12,19,24,33,38,50],"damage_taken":[{"damage":4,"enemies":"Small Slimes","floor":1,"turns":2},{"damage":0,"enemies":"2 Louse","floor":4,"turns":2},{"damage":3,"enemies":"Cultist","floor":5,"turns":2},{"damage":3,"enemies":"2 Fungi Beasts","floor":7,"turns":2},{"damage":2,"enemies":"3 Louse","floor":10,"turns":2},{"damage":4,"enemies":"Looter","floor":11,"turns":1},{"damage":7,"enemies":"Lagavulin","floor":12,"turns":3},{"damage":0,"enemies":"Exordium Wildlife","floor":13,"turns":1},{"damage":9,"enemies":"The Guardian","floor":16,"turns":5},{"damage":6,"enemies":"2 Thieves","floor":18,"turns":2},{"damage":2,"enemies":"Spheric Guardian","floor":19,"turns":1},{"damage":27,"enemies":"Snake Plant","floor":20,"turns":3},{"damage":38,"enemies":"Book of Stabbing","floor":24,"turns":4},{"damage":4,"enemies":"Cultist and Chosen","floor":25,"turns":2},{"damage":8,"enemies":"Centurion and Healer","floor":27,"turns":4},{"damage":0,"enemies":"Snake Plant","floor":28,"turns":2},{"damage":0,"enemies":"3 Cultists","floor":30,"turns":3},{"damage":27,"enemies":"Collector","floor":33,"turns":4},{"damage":4,"enemies":"Orb Walker","floor":35,"turns":2},{"damage":10,"enemies":"3 Shapes","floor":36,"turns":2},{"damage":6,"enemies":"Spire Growth","floor":38,"turns":3},{"damage":0,"enemies":"Flame Bruiser 2 Orb","floor":42,"turns":1},{"damage":6,"enemies":"Nemesis","floor":44,"turns":3},{"damage":19,"enemies":"Sphere and 2 Shapes","floor":45,"turns":3},{"damage":4,"enemies":"4 Shapes","floor":47,"turns":1},{"damage":0,"enemies":"Flame Bruiser 2 Orb","floor":48,"turns":1},{"damage":73,"enemies":"Time Eater","floor":50,"turns":6}],"event_choices":[{"event_name":"The Cleric","player_choice":"Card Removal","floor":2,"damage_taken":0},{"event_name":"Big Fish","player_choice":"Box","floor":14,"damage_taken":0},{"event_name":"Addict","player_choice":"Obtained Relic","floor":21,"damage_taken":0},{"event_name":"SensoryStone","player_choice":"Memory 3","floor":37,"damage_taken":0}],"boss_relics":[{"not_picked":["Orrery","Black Star"],"picked":"Black Blood"},{"not_picked":["Runic Pyramid","Astrolabe"],"picked":"Eternal Feather"}],"potions_floor_spawned":[1,7,10,12,16,18,20,27,28,35,42,47,48],"seed_played":"-391097367170320496","ascension_level":0,"is_trial":false}