{"gold_per_floor":[111,125,136,147,147,147,178,178,203,203,223,243,269,279,279,378,378,396,408,168,168,168,168],"floor_reached":23,"playtime":1419,"items_purged":["Strike_R"],"score":203,"play_id":"973424b2-611d-4f15-9eb0-853a07a5176d","local_time":"20190316202139","is_ascension_mode":false,"campfire_choices":[{"data":"Brutality","floor":6.0,"key":"SMITH"},{"data":"Dual Wield","floor":8.0,"key":"SMITH"},{"data":"Bash","floor":10.0,"key":"SMITH"},{"floor":15.0,"key":"REST"}],"neow_cost":"NONE","seed_source_timestamp":0,"circlet_count":0,"master_deck":["Strike_R","Strike_R","Strike_R","Strike_R","Defend_R","Defend_R","Defend_R","Defend_R","Bash","Armaments","Iron Wave","Inflame","Pommel Strike","Brutality+1","Bash+1","Dual Wield+1","Shrug It Off","Armaments","Demon Form","Exhume","Dropkick"],"special_seed":0,"relics":["Burning Blood","Anchor","Smiling Mask","Oddly Smooth Stone","Ancient Tea Set","White Beast Statue","Sling","MutagenicStrength"],"potions_floor_usage":[23,23,23],"damage_taken":[{"damage":3.0,"enemies":"Jaw Worm","floor":1.0,"turns":3.0},{"damage":6.0,"enemies":"Cultist","floor":2.0,"turns":3.0},{"damage":0.0,"enemies":"Small Slimes","floor":3.0,"turns":3.0},{"damage":6.0,"enemies":"2 Fungi Beasts","floor":4.0,"turns":4.0},{"damage":29.0,"enemies":"3 Sentries","floor":7.0,"turns":9.0},{"damage":0.0,"enemies":"3 Louse","floor":11.0,"turns":4.0},{"damage":26.0,"enemies":"Exordium Wildlife","floor":12.0,"turns":5.0},{"damage":8.0,"enemies":"Gremlin Nob","floor":13.0,"turns":4.0},{"damage":0.0,"enemies":"Looter","floor":14.0,"turns":3.0},{"damage":45.0,"enemies":"Hexaghost","floor":16.0,"turns":10.0},{"damage":8,"enemies":"Chosen","floor":18,"turns":5},{"damage":30,"enemies":"Spheric Guardian","floor":19,"turns":6},{"damage":41,"enemies":"Book of Stabbing","floor":23,"turns":5}],"seed_played":"-2967558318539001315","potions_obtained":[{"floor":7.0,"key":"PowerPotion"},{"floor":11.0,"key":"Poison Potion"},{"floor":12.0,"key":"SkillPotion"},{"floor":13.0,"key":"AttackPotion"},{"floor":16.0,"key":"Poison Potion"},{"floor":18,"key":"Fire Potion"},{"floor":19,"key":"Swift Potion"}],"is_trial":false,"path_per_floor":["M","M","M","M","?","R","E","R","T","R","M","M","E","M","R","B",null,"M","M","$","?","?","E"],"character_chosen":"IRONCLAD","items_purchased":["Sling"],"campfire_rested":1,"item_purchase_floors":[20],"current_hp_per_floor":[80,80,80,80,80,80,57,57,57,57,63,43,41,47,71,32,80,78,54,54,39,39,0],"gold":168,"neow_bonus":"RANDOM_COMMON_RELIC","is_prod":false,"is_daily":false,"chose_seed":false,"campfire_upgraded":3,"win_rate":0,"timestamp":1552782099,"path_taken":["M","M","M","M","?","R","E","R","T","R","M","?","E","M","R","BOSS","M","M","$","?","?","E"],"build_version":"2019-01-23","purchased_purges":1,"victory":false,"max_hp_per_floor":[80,80,80,80,80,80,80,80,80,80,80,80,80,80,80,80,80,80,80,80,85,85,85],"card_choices":[{"not_picked":["Wild Strike","Cleave"],"picked":"Armaments","floor":1.0},{"not_picked":["Perfected Strike","Thunderclap"],"picked":"Iron Wave","floor":2.0},{"not_picked":["Iron Wave","Burning Pact"],"picked":"Inflame","floor":3.0},{"not_picked":["Thunderclap","Flex"],"picked":"Pommel Strike","floor":4.0},{"not_picked":["Offering","Shrug It Off"],"picked":"Dual Wield","floor":7.0},{"not_picked":["Heavy Blade","Thunderclap"],"picked":"Shrug It Off","floor":11.0},{"not_picked":["Flex","Thunderclap"],"picked":"Armaments","floor":12.0},{"not_picked":["Dual Wield","Inflame"],"picked":"Demon Form","floor":13.0},{"not_picked":["Clothesline","Sever Soul","Armaments"],"picked":"SKIP","floor":14.0},{"not_picked":["Bludgeon","Impervious"],"picked":"Exhume","floor":16.0},{"not_picked":["Anger+1","Clothesline","Wild Strike"],"picked":"SKIP","floor":18},{"not_picked":["Feel No Pain","Iron Wave"],"picked":"Dropkick","floor":19}],"player_experience":65142,"relics_obtained":[{"floor":7.0,"key":"Smiling Mask"},{"floor":9.0,"key":"Oddly Smooth Stone"},{"floor":13.0,"key":"Ancient Tea Set"}],"event_choices":[{"damage_healed":0.0,"max_hp_gain":0.0,"max_hp_loss":0.0,"gold_gain":0.0,"event_name":"Match and Keep!","player_choice":"2 cards matched","floor":5.0,"gold_loss":0.0,"damage_taken":0.0,"cards_obtained":["Brutality","Bash"]},{"damage_healed":0,"gold_gain":0,"player_choice":"Shed Blood","damage_taken":20,"max_hp_gain":5,"max_hp_loss":0,"event_name":"Forgotten Altar","floor":21,"gold_loss":0},{"damage_healed":0,"gold_gain":0,"player_choice":"Inject Mutagens","damage_taken":0,"relics_obtained":["MutagenicStrength"],"max_hp_gain":0,"max_hp_loss":0,"event_name":"Drug Dealer","floor":22,"gold_loss":0}],"is_beta":false,"boss_relics":[{"not_picked":["Calling Bell","Astrolabe"],"picked":"White Beast Statue"}],"items_purged_floors":[20],"is_endless":false,"potions_floor_spawned":[7,11,12,13,14,16,18,19],"killed_by":"Book of Stabbing","ascension_level":0}