{"gold_per_floor":[15,27,27,52,52,52,87,87],"floor_reached":8,"playtime":510,"items_purged":[],"score":112,"play_id":"97013967-b955-43ba-ad34-257697de9eff","local_time":"20190930133002","is_ascension_mode":true,"campfire_choices":[{"floor":6,"key":"REST"}],"neow_cost":"NO_GOLD","seed_source_timestamp":260520424537878,"circlet_count":0,"master_deck":["AscendersBane","Strike_G","Strike_G","Strike_G","Strike_G","Strike_G","Defend_G","Defend_G","Defend_G","Defend_G","Defend_G","Survivor","Neutralize+1","Quick Slash","Calculated Gamble"],"relics":["Ring of the Snake","Golden Idol","Dodecahedron"],"potions_floor_usage":[8],"damage_taken":[{"damage":6,"enemies":"Jaw Worm","floor":1,"turns":6},{"damage":1,"enemies":"2 Louse","floor":2,"turns":4},{"damage":7,"enemies":"Cultist","floor":4,"turns":5},{"damage":52,"enemies":"Gremlin Nob","floor":7,"turns":6},{"damage":1,"enemies":"Gremlin Gang","floor":8,"turns":2}],"seed_played":"-316916456727989472","potions_obtained":[{"floor":7,"key":"SpeedPotion"}],"is_trial":false,"path_per_floor":["M","M","?","M","?","R","E","M"],"character_chosen":"THE_SILENT","items_purchased":[],"campfire_rested":1,"item_purchase_floors":[],"current_hp_per_floor":[65,64,37,30,30,53,1,0],"gold":87,"neow_bonus":"TWENTY_PERCENT_HP_BONUS","is_prod":false,"is_daily":false,"chose_seed":false,"campfire_upgraded":0,"win_rate":0,"timestamp":1569828602,"path_taken":["M","M","?","M","?","R","E","M"],"build_version":"2019-09-27","purchased_purges":0,"victory":false,"max_hp_per_floor":[78,78,78,78,78,78,78,78],"card_choices":[{"not_picked":["Poisoned Stab","Concentrate"],"picked":"Quick Slash","floor":1},{"not_picked":["Caltrops","Eviscerate","Cloak And Dagger"],"picked":"SKIP","floor":2},{"not_picked":["Blur","Catalyst","Outmaneuver"],"picked":"SKIP","floor":4},{"not_picked":["Dagger Throw","Choke"],"picked":"Calculated Gamble","floor":7}],"player_experience":1801812,"relics_obtained":[{"floor":7,"key":"Dodecahedron"}],"event_choices":[{"damage_healed":0,"gold_gain":0,"player_choice":"Take Damage","damage_taken":27,"relics_obtained":["Golden Idol"],"max_hp_gain":0,"max_hp_loss":0,"event_name":"Golden Idol","floor":3,"gold_loss":0},{"damage_healed":0,"gold_gain":0,"player_choice":"Grow","damage_taken":0,"max_hp_gain":0,"max_hp_loss":0,"event_name":"Living Wall","floor":5,"gold_loss":0,"cards_upgraded":["Neutralize"]}],"is_beta":true,"boss_relics":[],"items_purged_floors":[],"is_endless":false,"potions_floor_spawned":[7],"killed_by":"Gremlin Gang","ascension_level":20}