{"gold_per_floor":[114,129,79,94,94,124,124,31,86,86,86,101,116,131,131,231,231,246,246,261,261,276,276,306,306,331,346,361,376,391,211,211,311,311,326,346,346,361,376,96,96,96,96,126,141,156,171,171],"floor_reached":48,"playtime":4467,"items_purged":["Strike_R","Defend_R"],"score":663,"play_id":"4f7f527d-a97e-4351-acf1-5ac8e2dccda3","local_time":"20190213003632","daily_mods":["Cursed Run","Uncertain Future","Night Terrors"],"is_ascension_mode":false,"campfire_choices":[{"floor":7,"key":"REST"},{"data":"Inflame","floor":10,"key":"SMITH"},{"data":"Heavy Blade","floor":15,"key":"SMITH"},{"data":"Limit Break","floor":23,"key":"SMITH"},{"data":"Inflame","floor":25,"key":"SMITH"},{"data":"Feel No Pain","floor":32,"key":"SMITH"},{"data":"Demon Form","floor":42,"key":"SMITH"}],"neow_cost":"","seed_source_timestamp":12047736663197,"circlet_count":0,"master_deck":["Strike_R","Strike_R+1","Defend_R","Defend_R","Defend_R","Bash","Pummel+1","Heavy Blade+1","Pummel","Flame Barrier+1","Inflame+1","Shrug It Off","Doubt","Anger","Iron Wave","Whirlwind+1","Shame","Limit Break+1","Sword Boomerang+1","Reaper","Inflame+1","Writhe","Shrug It Off+1","Anger","True Grit","Feel No Pain+1","Injury","Demon Form+1","Headbutt+1","Disarm+1","Normality","Regret","Offering"],"special_seed":17940,"relics":["Cursed Key","Du-Vu Doll","Matryoshka","Vajra","Tiny Chest","Eternal Feather","Nloth\u0027s Gift","MutagenicStrength","The Courier","Whetstone","Dream Catcher","Red Skull","Coffee Dripper","Calipers","Blue Candle","Blood Vial","Bag of Marbles","Ancient Tea Set"],"potions_floor_usage":[12,16,20,22,24,24,33,44,44,48],"damage_taken":[{"damage":1,"enemies":"Jaw Worm","floor":1,"turns":3},{"damage":0,"enemies":"Small Slimes","floor":2,"turns":2},{"damage":0,"enemies":"2 Louse","floor":4,"turns":2},{"damage":23,"enemies":"Gremlin Nob","floor":6,"turns":4},{"damage":0,"enemies":"Lots of Slimes","floor":12,"turns":3},{"damage":0,"enemies":"2 Fungi Beasts","floor":13,"turns":2},{"damage":0,"enemies":"Blue Slaver","floor":14,"turns":3},{"damage":3,"enemies":"Slime Boss","floor":16,"turns":4},{"damage":15,"enemies":"2 Thieves","floor":18,"turns":3},{"damage":5,"enemies":"Spheric Guardian","floor":20,"turns":3},{"damage":8,"enemies":"Centurion and Healer","floor":22,"turns":3},{"damage":2,"enemies":"Book of Stabbing","floor":24,"turns":2},{"damage":24,"enemies":"Shelled Parasite and Fungi","floor":27,"turns":3},{"damage":0,"enemies":"Snake Plant","floor":28,"turns":1},{"damage":2,"enemies":"Snecko","floor":29,"turns":3},{"damage":0,"enemies":"3 Cultists","floor":30,"turns":2},{"damage":32,"enemies":"Automaton","floor":33,"turns":7},{"damage":0,"enemies":"3 Darklings","floor":35,"turns":1},{"damage":38,"enemies":"2 Orb Walkers","floor":36,"turns":4},{"damage":7,"enemies":"3 Shapes","floor":38,"turns":3},{"damage":0,"enemies":"Sphere and 2 Shapes","floor":39,"turns":1},{"damage":41,"enemies":"Nemesis","floor":44,"turns":7},{"damage":9,"enemies":"3 Darklings","floor":45,"turns":2},{"damage":0,"enemies":"Maw","floor":46,"turns":3},{"damage":6,"enemies":"Jaw Worm Horde","floor":47,"turns":1},{"damage":61,"enemies":"Writhing Mass","floor":48,"turns":4}],"seed_played":"420993889476971038","potions_obtained":[{"floor":1,"key":"Explosive Potion"},{"floor":2,"key":"Dexterity Potion"},{"floor":14,"key":"PowerPotion"},{"floor":16,"key":"Block Potion"},{"floor":20,"key":"SteroidPotion"},{"floor":22,"key":"Poison Potion"},{"floor":28,"key":"Weak Potion"},{"floor":30,"key":"SpeedPotion"},{"floor":36,"key":"AttackPotion"},{"floor":38,"key":"EssenceOfSteel"},{"floor":44,"key":"Ancient Potion"},{"floor":46,"key":"Block Potion"}],"is_trial":false,"path_per_floor":["M","M","?","M","?","E","R","$","T","R","?","M","M","M","R","B",null,"M","?","M","?","M","R","E","R","T","M","M","M","M","$","R","B",null,"M","?","?","M","M","$","T","R","T","E","M","M","M","M"],"character_chosen":"IRONCLAD","items_purchased":["Inflame","Shrug It Off","Red Skull","Blue Candle"],"campfire_rested":1,"item_purchase_floors":[8,8,31,40],"current_hp_per_floor":[79,79,79,79,72,49,75,75,81,81,65,65,65,65,65,68,87,72,72,67,67,79,87,85,87,87,63,63,61,61,61,76,76,87,87,69,69,62,62,62,62,80,80,42,35,48,44,0],"gold":171,"neow_bonus":"","is_prod":false,"is_daily":true,"chose_seed":false,"campfire_upgraded":6,"win_rate":0,"timestamp":1550046992,"path_taken":["M","M","?","M","?","E","R","$","T","R","?","M","M","M","R","BOSS","M","?","?","?","M","R","E","R","T","M","M","M","M","$","R","BOSS","M","?","?","M","M","$","?","R","T","E","M","M","M","M"],"build_version":"2019-02-06","purchased_purges":2,"victory":false,"max_hp_per_floor":[80,80,80,80,80,80,75,75,81,81,81,81,81,81,81,87,87,87,87,87,87,87,87,87,87,87,87,87,87,87,87,87,87,87,87,87,87,87,87,87,87,87,87,87,87,87,87,87],"card_choices":[{"not_picked":["Evolve","Warcry"],"picked":"Pummel","floor":1},{"not_picked":["Evolve","Headbutt"],"picked":"Heavy Blade","floor":2},{"not_picked":["Clothesline","Flex"],"picked":"Pummel","floor":4},{"not_picked":["Iron Wave","Cleave"],"picked":"Flame Barrier","floor":6},{"not_picked":["Barricade","Flex"],"picked":"Anger","floor":12},{"not_picked":["Flame Barrier","Seeing Red"],"picked":"Iron Wave","floor":13},{"not_picked":["Sword Boomerang","Warcry"],"picked":"Whirlwind","floor":14},{"not_picked":["Exhume","Berserk"],"picked":"Limit Break","floor":16},{"not_picked":["Clash","Body Slam+1"],"picked":"Sword Boomerang+1","floor":18},{"not_picked":["Cleave+1","Clothesline"],"picked":"Reaper","floor":20},{"not_picked":["Searing Blow","Perfected Strike","Thunderclap"],"picked":"SKIP","floor":22},{"not_picked":["Pommel Strike","Offering"],"picked":"Inflame","floor":24},{"not_picked":["Reckless Charge","Iron Wave"],"picked":"Shrug It Off+1","floor":27},{"not_picked":["Wild Strike","Searing Blow+1"],"picked":"Anger","floor":28},{"not_picked":["Juggernaut","Anger"],"picked":"True Grit","floor":29},{"not_picked":["Headbutt","Warcry"],"picked":"Feel No Pain","floor":30},{"not_picked":["Offering","Immolate"],"picked":"Demon Form","floor":33},{"not_picked":["Clash","Anger+1","Havoc"],"picked":"SKIP","floor":35},{"not_picked":["Whirlwind","Dual Wield"],"picked":"Headbutt+1","floor":36},{"not_picked":["Iron Wave+1","Twin Strike+1","Thunderclap"],"picked":"SKIP","floor":38},{"not_picked":["Sever Soul+1","Seeing Red+1"],"picked":"Disarm+1","floor":39},{"not_picked":["Headbutt+1","Bloodletting"],"picked":"Offering","floor":44},{"not_picked":["Iron Wave","Clothesline","Perfected Strike"],"picked":"SKIP","floor":45},{"not_picked":["Whirlwind+1","Clothesline+1","Clash+1"],"picked":"SKIP","floor":46},{"not_picked":["Body Slam","Cleave+1","Clash+1"],"picked":"SKIP","floor":47}],"player_experience":653861,"relics_obtained":[{"floor":6,"key":"Matryoshka"},{"floor":9,"key":"Vajra"},{"floor":9,"key":"Tiny Chest"},{"floor":24,"key":"The Courier"},{"floor":26,"key":"Whetstone"},{"floor":26,"key":"Dream Catcher"},{"floor":36,"key":"Calipers"},{"floor":41,"key":"Blood Vial"},{"floor":43,"key":"Bag of Marbles"},{"floor":44,"key":"Ancient Tea Set"}],"event_choices":[{"cards_removed":["Strike_R"],"damage_healed":0,"gold_gain":0,"player_choice":"Card Removal","damage_taken":0,"max_hp_gain":0,"max_hp_loss":0,"event_name":"The Cleric","floor":3,"gold_loss":50},{"cards_removed":["Strike_R"],"damage_healed":0,"gold_gain":0,"player_choice":"Card Removal","damage_taken":7,"max_hp_gain":0,"max_hp_loss":0,"event_name":"Golden Wing","floor":5,"gold_loss":0},{"damage_healed":0,"gold_gain":0,"player_choice":"Entered Light","damage_taken":16,"max_hp_gain":0,"max_hp_loss":0,"event_name":"Shining Light","floor":11,"gold_loss":0,"cards_upgraded":["Pummel","Flame Barrier"]},{"damage_healed":0,"gold_gain":0,"player_choice":"Traded Relic","damage_taken":0,"relics_obtained":["Nloth\u0027s Gift"],"max_hp_gain":0,"max_hp_loss":0,"event_name":"N\u0027loth","floor":19,"relics_lost":["Darkstone Periapt"],"gold_loss":0},{"damage_healed":0,"gold_gain":0,"player_choice":"Inject Mutagens","damage_taken":0,"relics_obtained":["MutagenicStrength"],"max_hp_gain":0,"max_hp_loss":0,"event_name":"Drug Dealer","floor":21,"gold_loss":0},{"damage_healed":0,"gold_gain":0,"player_choice":"Fight","damage_taken":0,"max_hp_gain":0,"max_hp_loss":0,"event_name":"Mysterious Sphere","floor":36,"gold_loss":0},{"damage_healed":0,"gold_gain":0,"player_choice":"Ignored","damage_taken":0,"max_hp_gain":0,"max_hp_loss":0,"event_name":"Tomb of Lord Red Mask","floor":37,"gold_loss":0}],"is_beta":true,"boss_relics":[{"not_picked":["Velvet Choker","Astrolabe"],"picked":"Eternal Feather"},{"not_picked":["Black Star","Fusion Hammer"],"picked":"Coffee Dripper"}],"items_purged_floors":[31,40],"is_endless":false,"potions_floor_spawned":[1,2,14,16,20,22,28,30,36,38,44,46],"killed_by":"Writhing Mass","ascension_level":0}