{"gold_per_floor":[111,121,141,91,101,131,149,149,172,172,172,186,186,219,219,322,322,334,259,241,8,20,47,47,66,66,66,86,176,176,196,196,292,292,310,310,329,346,246,246,279,279,358,376,376,376,389,238,238,238],"floor_reached":51,"playtime":3740,"items_purged":["Strike_R","Strike_R","Strike_R"],"score":684,"play_id":"96d5aa49-f5be-48c9-b9fb-edb52b5edd25","local_time":"20190918184236","is_ascension_mode":false,"campfire_choices":[{"floor":8,"key":"DIG"},{"data":"Bash","floor":10,"key":"SMITH"},{"data":"Flame Barrier","floor":13,"key":"SMITH"},{"data":"Whirlwind","floor":15,"key":"SMITH"},{"data":"Demon Form","floor":24,"key":"SMITH"},{"data":"Immolate","floor":27,"key":"SMITH"},{"data":"Limit Break","floor":30,"key":"SMITH"},{"floor":32,"key":"DIG"},{"data":"Uppercut","floor":40,"key":"SMITH"},{"data":"Disarm","floor":42,"key":"SMITH"},{"floor":45,"key":"DIG"},{"floor":49,"key":"DIG"}],"neow_cost":"NONE","seed_source_timestamp":410346787267900,"circlet_count":0,"master_deck":["Defend_R+1","Defend_R+1","Defend_R","Defend_R","Bash+1","Twin Strike","Battle Trance","Spot Weakness","Flame Barrier+1","Disarm+1","Whirlwind+1","Limit Break+1","Shrug It Off","Immolate+1","Offering","Demon Form+1","Shockwave+1","Flame Barrier+1","Fiend Fire","Brutality","Uppercut+1","Corruption","Disarm+1","Shrug It Off"],"relics":["Black Blood","Shovel","Bag of Marbles","War Paint","MealTicket","Thread and Needle","Bottled Flame","Vajra","Busted Crown","White Beast Statue","Gremlin Horn","Eternal Feather","Blood Vial"],"potions_floor_usage":[6,14,16,31,33,33,33,50],"damage_taken":[{"damage":1,"enemies":"Cultist","floor":1,"turns":4},{"damage":15,"enemies":"Small Slimes","floor":2,"turns":5},{"damage":1,"enemies":"Jaw Worm","floor":3,"turns":3},{"damage":5,"enemies":"Looter","floor":5,"turns":3},{"damage":33,"enemies":"Lagavulin","floor":6,"turns":7},{"damage":6,"enemies":"Gremlin Gang","floor":7,"turns":7},{"damage":0,"enemies":"3 Louse","floor":12,"turns":4},{"damage":16,"enemies":"Gremlin Nob","floor":14,"turns":5},{"damage":54,"enemies":"Slime Boss","floor":16,"turns":11},{"damage":22,"enemies":"Spheric Guardian","floor":18,"turns":6},{"damage":10,"enemies":"2 Thieves","floor":20,"turns":5},{"damage":15,"enemies":"Snake Plant","floor":22,"turns":5},{"damage":25,"enemies":"Book of Stabbing","floor":23,"turns":6},{"damage":22,"enemies":"Centurion and Healer","floor":25,"turns":7},{"damage":6,"enemies":"Snecko","floor":28,"turns":4},{"damage":4,"enemies":"Snake Plant","floor":31,"turns":5},{"damage":47,"enemies":"Collector","floor":33,"turns":9},{"damage":0,"enemies":"3 Darklings","floor":35,"turns":2},{"damage":0,"enemies":"3 Shapes","floor":37,"turns":1},{"damage":0,"enemies":"3 Darklings","floor":38,"turns":1},{"damage":14,"enemies":"Nemesis","floor":41,"turns":5},{"damage":10,"enemies":"Spire Growth","floor":44,"turns":5},{"damage":1,"enemies":"Sphere and 2 Shapes","floor":47,"turns":3},{"damage":17,"enemies":"Awakened One","floor":50,"turns":9}],"seed_played":"-7359660669790431652","potions_obtained":[{"floor":0,"key":"Ancient Potion"},{"floor":0,"key":"FearPotion"},{"floor":0,"key":"Block Potion"},{"floor":12,"key":"Regen Potion"},{"floor":14,"key":"PowerPotion"},{"floor":16,"key":"Block Potion"},{"floor":28,"key":"Dexterity Potion"},{"floor":31,"key":"DuplicationPotion"},{"floor":33,"key":"Explosive Potion"},{"floor":35,"key":"BloodPotion"},{"floor":41,"key":"Explosive Potion"},{"floor":44,"key":"BloodPotion"}],"is_trial":false,"path_per_floor":["M","M","M","?","M","E","M","R","T","R","?","M","R","E","R","B",null,"M","?","M","$","M","E","R","M","T","R","M","?","R","M","R","B",null,"M","?","M","M","$","R","E","R","T","M","R","?","M","$","R","B",null],"character_chosen":"IRONCLAD","items_purchased":["Immolate","Shrug It Off"],"campfire_rested":0,"item_purchase_floors":[21,48],"current_hp_per_floor":[80,71,76,76,77,50,50,50,50,50,55,61,61,51,51,8,85,75,75,77,85,82,69,69,59,59,59,65,49,49,57,57,22,85,85,85,85,85,85,85,83,83,83,85,85,85,85,85,85,80],"gold":238,"neow_bonus":"THREE_SMALL_POTIONS","is_prod":false,"is_daily":false,"chose_seed":false,"campfire_upgraded":8,"win_rate":0,"timestamp":1568799756,"path_taken":["M","M","M","?","M","E","M","R","T","R","?","M","R","E","R","BOSS","M","?","M","$","M","E","R","M","T","R","M","?","R","?","R","BOSS","M","?","M","M","$","R","E","R","T","?","R","?","M","$","R","BOSS"],"build_version":"2019-09-17","purchased_purges":3,"victory":true,"max_hp_per_floor":[80,80,80,80,80,80,80,80,80,80,85,85,85,85,85,85,85,85,85,85,85,85,85,85,85,85,85,85,85,85,85,85,85,85,85,85,85,85,85,85,85,85,85,85,85,85,85,85,85,85],"card_choices":[{"not_picked":["Reckless Charge","Flex"],"picked":"Twin Strike","floor":1},{"not_picked":["Thunderclap","Pommel Strike"],"picked":"Battle Trance","floor":2},{"not_picked":["Heavy Blade","Reckless Charge"],"picked":"Spot Weakness","floor":3},{"not_picked":["Dropkick","Flex","Clash"],"picked":"SKIP","floor":5},{"not_picked":["Burning Pact","Sword Boomerang"],"picked":"Flame Barrier","floor":6},{"not_picked":["Battle Trance","Iron Wave"],"picked":"Disarm","floor":7},{"not_picked":["Hemokinesis","Seeing Red","Rampage"],"picked":"SKIP","floor":12},{"not_picked":["Iron Wave","Twin Strike"],"picked":"Whirlwind","floor":14},{"not_picked":["Double Tap","Juggernaut"],"picked":"Limit Break","floor":16},{"not_picked":["Heavy Blade","Intimidate"],"picked":"Shrug It Off","floor":18},{"not_picked":["Wild Strike+1","Second Wind","Body Slam"],"picked":"SKIP","floor":20},{"not_picked":["Wild Strike+1","Second Wind","Body Slam"],"picked":"SKIP","floor":20},{"not_picked":["True Grit","Dropkick"],"picked":"Offering","floor":22},{"not_picked":["Clothesline","Twin Strike"],"picked":"Demon Form","floor":23},{"not_picked":["Corruption","Twin Strike"],"picked":"Shockwave+1","floor":25},{"not_picked":["Entrench","Pommel Strike","Metallicize"],"picked":"SKIP","floor":28},{"not_picked":["Entrench","Pommel Strike","Metallicize"],"picked":"SKIP","floor":28},{"not_picked":["Clash+1","Intimidate"],"picked":"Flame Barrier+1","floor":31},{"not_picked":["Demon Form","Barricade"],"picked":"Fiend Fire","floor":33},{"not_picked":["Metallicize+1"],"picked":"SKIP","floor":35},{"not_picked":[],"picked":"Corruption","floor":37},{"not_picked":["Cleave"],"picked":"SKIP","floor":38},{"not_picked":["Second Wind"],"picked":"SKIP","floor":41},{"not_picked":["Body Slam+1"],"picked":"SKIP","floor":44},{"not_picked":["Body Slam+1"],"picked":"SKIP","floor":44},{"not_picked":["Rupture+1"],"picked":"SKIP","floor":47}],"player_experience":775877,"relics_obtained":[{"floor":6,"key":"Shovel"},{"floor":8,"key":"Bag of Marbles"},{"floor":9,"key":"War Paint"},{"floor":14,"key":"MealTicket"},{"floor":23,"key":"Thread and Needle"},{"floor":26,"key":"Bottled Flame"},{"floor":32,"key":"Vajra"},{"floor":41,"key":"White Beast Statue"},{"floor":43,"key":"Gremlin Horn"},{"floor":45,"key":"Eternal Feather"},{"floor":49,"key":"Blood Vial"}],"event_choices":[{"cards_removed":["Strike_R"],"damage_healed":0,"gold_gain":0,"player_choice":"Card Removal","damage_taken":0,"max_hp_gain":0,"max_hp_loss":0,"event_name":"The Cleric","floor":4,"gold_loss":50},{"damage_healed":0,"gold_gain":0,"player_choice":"Donut","damage_taken":0,"max_hp_gain":5,"max_hp_loss":0,"event_name":"Big Fish","floor":11,"gold_loss":0},{"cards_removed":["Strike_R"],"damage_healed":0,"gold_gain":0,"player_choice":"Gave Gold","damage_taken":0,"max_hp_gain":0,"max_hp_loss":0,"event_name":"Beggar","floor":19,"gold_loss":75},{"damage_healed":0,"gold_gain":90,"player_choice":"GOLD ","damage_taken":16,"max_hp_gain":0,"max_hp_loss":0,"event_name":"Knowing Skull","floor":29,"potions_obtained":[],"gold_loss":0,"cards_obtained":[]},{"damage_healed":0,"gold_gain":0,"player_choice":"2 cards matched","damage_taken":0,"max_hp_gain":0,"max_hp_loss":0,"event_name":"Match and Keep!","floor":36,"gold_loss":0,"cards_obtained":["Brutality","Uppercut"]},{"damage_healed":0,"gold_gain":0,"player_choice":"Copied","damage_taken":0,"max_hp_gain":0,"max_hp_loss":0,"event_name":"Duplicator","floor":46,"gold_loss":0,"cards_obtained":["Disarm"]}],"is_beta":true,"boss_relics":[{"not_picked":["Tiny House","Runic Cube"],"picked":"Black Blood"},{"not_picked":["Runic Pyramid","SlaversCollar"],"picked":"Busted Crown"}],"items_purged_floors":[21,39,48],"is_endless":false,"potions_floor_spawned":[5,12,14,16,18,28,31,33,35,41,44,47],"ascension_level":0}