{"path_per_floor":["M","?","?","M","M","E","R","?","T","M","$","E","R","M","R","B",null,"M","?","M","?","M","R"],"character_chosen":"DEFECT","items_purchased":["Core Surge"],"gold_per_floor":[114,189,189,199,215,240,240,490,516,531,293,318,318,336,336,434,434,450,450,466,466,484,484,484],"floor_reached":24,"campfire_rested":4,"playtime":1222,"item_purchase_floors":[11],"current_hp_per_floor":[66,55,40,38,37,14,36,36,36,29,29,19,41,48,70,59,75,67,51,37,37,22,44,0],"items_purged":["Regret"],"gold":484,"score":227,"play_id":"3bd85a3a-9e27-417d-8fbb-470dcf1c66d9","local_time":"20180530163047","is_prod":false,"is_daily":false,"chose_seed":false,"is_ascension_mode":true,"campfire_upgraded":0,"win_rate":0,"timestamp":1527723047,"campfire_choices":[{"floor":7,"key":"REST"},{"floor":13,"key":"REST"},{"floor":15,"key":"REST"},{"floor":23,"key":"REST"}],"path_taken":["M","?","?","M","M","E","R","?","T","?","$","E","R","M","R","BOSS","M","?","M","?","M","R","E"],"build_version":"2018-05-30","seed_source_timestamp":69297673454675,"purchased_purges":1,"victory":false,"master_deck":["Strike_B+1","Strike_B","Strike_B+1","Strike_B","Defend_B","Defend_B","Defend_B+1","Defend_B","Zap","Dualcast","Beam Cell","Cold Snap+1","Gash","Steam","Core Surge","Auto Shields","Redo","Necronomicurse","Go for the Eyes"],"max_hp_per_floor":[75,75,75,75,75,75,75,75,75,75,75,75,75,75,75,75,75,75,75,75,75,75,75,75],"relics":["Cracked Core","Happy Flower","Whetstone","Bronze Scales","Oddly Smooth Stone","Nuclear Battery","Necronomicon"],"card_choices":[{"not_picked":["Leap","Fusion"],"picked":"Beam Cell","floor":1},{"not_picked":["Genetic Algorithm","Glacier"],"picked":"Cold Snap","floor":4},{"not_picked":["Hologram","White Noise"],"picked":"Gash","floor":5},{"not_picked":["Thunder Strike","Scrape"],"picked":"Steam","floor":6},{"not_picked":["Stack","Beam Cell","Coolheaded"],"picked":"SKIP","floor":10},{"not_picked":["Double Energy","Cold Snap"],"picked":"Auto Shields","floor":12},{"not_picked":["Loop","Hologram","Beam Cell"],"picked":"SKIP","floor":14},{"not_picked":["Chaos","Hologram"],"picked":"Redo","floor":18},{"not_picked":["Aggregate","Leap","Scrape"],"picked":"SKIP","floor":20},{"not_picked":["Conserve Battery","Redo"],"picked":"Go for the Eyes","floor":22}],"player_experience":528934,"potions_floor_usage":[10,14,22],"damage_taken":[{"damage":9,"enemies":"Jaw Worm","floor":1,"turns":3},{"damage":2,"enemies":"Small Slimes","floor":4,"turns":3},{"damage":1,"enemies":"2 Louse","floor":5,"turns":2},{"damage":23,"enemies":"Gremlin Nob","floor":6,"turns":5},{"damage":7,"enemies":"Large Slime","floor":10,"turns":4},{"damage":10,"enemies":"Lagavulin","floor":12,"turns":5},{"damage":5,"enemies":"Exordium Thugs","floor":14,"turns":4},{"damage":11,"enemies":"Slime Boss","floor":16,"turns":11},{"damage":8,"enemies":"Spheric Guardian","floor":18,"turns":4},{"damage":14,"enemies":"Shell Parasite","floor":20,"turns":5},{"damage":15,"enemies":"Snake Plant","floor":22,"turns":4},{"damage":45,"enemies":"Gremlin Leader","floor":24,"turns":5}],"relics_obtained":[{"floor":6,"key":"Whetstone"},{"floor":9,"key":"Bronze Scales"},{"floor":12,"key":"Oddly Smooth Stone"},{"floor":19,"key":"Necronomicon"}],"event_choices":[{"event_name":"World of Goop","player_choice":"Gather Gold","floor":2,"damage_taken":0},{"event_name":"Shining Light","player_choice":"Entered Light","floor":3,"damage_taken":0},{"event_name":"Golden Shrine","player_choice":"Desecrate","floor":8,"damage_taken":0},{"event_name":"Cursed Tome","player_choice":"Obtained Book","floor":19,"damage_taken":0},{"event_name":"The Mausoleum","player_choice":"No","floor":21,"damage_taken":0}],"boss_relics":[{"not_picked":["Lizard Tail","Cursed Key"],"picked":"Nuclear Battery"}],"items_purged_floors":[11],"potions_floor_spawned":[6,12,16,22],"seed_played":"7827101528856559827","killed_by":"Gremlin Leader","ascension_level":2,"potions_obtained":[{"floor":6,"key":"SkillPotion"},{"floor":12,"key":"Regen Potion"},{"floor":16,"key":"Ancient Potion"},{"floor":22,"key":"Energy Potion"}],"is_trial":false}