{"gold_per_floor":[114,129,129,129,144,144,174,189,189,204,219,249,249,249,249,349,399,414,449,464,114,149,149,164,179,204,219,19,54,54,84,84,184,184,199,214,214,214,229,259,274,274,274,49,64,79,114,144,144,144],"floor_reached":50,"playtime":4316,"items_purged":[],"score":667,"play_id":"4f6bae3f-2efa-4800-97d2-ccd272d2962d","local_time":"20190716083606","daily_mods":["Insanity","Colorless Cards","Terminal"],"is_ascension_mode":false,"campfire_choices":[{"data":"Infinite Blades","floor":6.0,"key":"SMITH"},{"data":"Accuracy","floor":13.0,"key":"SMITH"},{"data":"Discovery","floor":15.0,"key":"SMITH"},{"data":"All Out Attack","floor":23,"key":"SMITH"},{"floor":32,"key":"REST"},{"floor":42,"key":"REST"},{"floor":49,"key":"REST"}],"neow_cost":"","seed_source_timestamp":0,"circlet_count":0,"master_deck":["Outmaneuver","Dodge and Roll","Slice","Infinite Blades+1","Dagger Throw","Dodge and Roll","Cloak And Dagger","Bane","Underhanded Strike","Deadly Poison","Deadly Poison","Dagger Spray","Prepared","Cloak And Dagger","Dagger Spray","Sucker Punch","Flying Knee+1","Finisher","Sucker Punch","Discovery+1","All Out Attack+1","Dagger Spray+1","Finisher","Quick Slash","Sucker Punch","Dagger Spray","Finesse","Jack Of All Trades","Cloak And Dagger+1","PiercingWail","Prepared","Outmaneuver","Heel Hook","Sucker Punch","Dodge and Roll","Flechettes","Flechettes","Deflect","Escape Plan","Acrobatics","Blade Dance","Noxious Fumes","Blade Dance+1","Tactician","Blade Dance","Bane","Deflect","Blade Dance+1","Backflip+1","Dagger Throw","HandOfGreed","Accuracy+1","PiercingWail","Caltrops","Die Die Die","Backstab+1","Outmaneuver+1","Footwork","Crippling Poison","Enlightenment","Trip","Infinite Blades+1","Tools of the Trade","PiercingWail+1","Footwork","Prepared","Mayhem","Acrobatics+1","Dramatic Entrance+1","Blind+1","Sucker Punch+1","Bandage Up","Well Laid Plans+1","Madness+1"],"special_seed":18092,"relics":["Ring of the Serpent","Ginger","Pear","Anchor","Tiny House","Membership Card","Orichalcum","Omamori","War Paint","Whetstone","Dodecahedron","Bag of Marbles","Kunai","Unceasing Top","Mercury Hourglass","Toy Ornithopter","Meat on the Bone"],"potions_floor_usage":[27,31,33,33,40,45,48,48,50],"damage_taken":[{"damage":0.0,"enemies":"Cultist","floor":1.0,"turns":1.0},{"damage":0.0,"enemies":"Small Slimes","floor":2.0,"turns":2.0},{"damage":0.0,"enemies":"Jaw Worm","floor":5.0,"turns":2.0},{"damage":5.0,"enemies":"3 Sentries","floor":7.0,"turns":4.0},{"damage":0.0,"enemies":"Lots of Slimes","floor":8.0,"turns":2.0},{"damage":0.0,"enemies":"Large Slime","floor":10.0,"turns":4.0},{"damage":0.0,"enemies":"Red Slaver","floor":11.0,"turns":3.0},{"damage":1.0,"enemies":"Gremlin Nob","floor":12.0,"turns":3.0},{"damage":3.0,"enemies":"Slime Boss","floor":16.0,"turns":8.0},{"damage":0.0,"enemies":"3 Byrds","floor":18.0,"turns":2.0},{"damage":0.0,"enemies":"Shell Parasite","floor":19.0,"turns":2.0},{"damage":19.0,"enemies":"3 Cultists","floor":20.0,"turns":6.0},{"damage":3.0,"enemies":"Cultist and Chosen","floor":22.0,"turns":5.0},{"damage":2,"enemies":"Snake Plant","floor":24,"turns":3},{"damage":7,"enemies":"3 Cultists","floor":25,"turns":5},{"damage":0,"enemies":"Snecko","floor":27,"turns":5},{"damage":0,"enemies":"Cultist and Chosen","floor":29,"turns":4},{"damage":1,"enemies":"Gremlin Leader","floor":31,"turns":5},{"damage":30,"enemies":"Champ","floor":33,"turns":11},{"damage":3,"enemies":"3 Darklings","floor":35,"turns":4},{"damage":0,"enemies":"Orb Walker","floor":36,"turns":3},{"damage":0,"enemies":"Maw","floor":39,"turns":6},{"damage":29,"enemies":"Reptomancer","floor":40,"turns":5},{"damage":8,"enemies":"4 Shapes","floor":41,"turns":3},{"damage":11,"enemies":"Transient","floor":45,"turns":5},{"damage":0,"enemies":"Sphere and 2 Shapes","floor":46,"turns":5},{"damage":5,"enemies":"3 Darklings","floor":47,"turns":4},{"damage":14,"enemies":"Giant Head","floor":48,"turns":8},{"damage":37,"enemies":"Awakened One","floor":50,"turns":3}],"seed_played":"-2632603489159351887","potions_obtained":[{"floor":7.0,"key":"GamblersBrew"},{"floor":8.0,"key":"EssenceOfSteel"},{"floor":16.0,"key":"Energy Potion"},{"floor":17.0,"key":"Dexterity Potion"},{"floor":24,"key":"LiquidBronze"},{"floor":27,"key":"PowerPotion"},{"floor":31,"key":"Energy Potion"},{"floor":36,"key":"Regen Potion"},{"floor":39,"key":"Block Potion"},{"floor":40,"key":"Fire Potion"},{"floor":47,"key":"SneckoOil"}],"is_trial":false,"path_per_floor":["M","M","$","$","M","R","E","M","T","M","M","E","R","?","R","B",null,"M","M","M","$","M","R","M","M","T","M","$","M","?","E","R","B",null,"M","M","?","?","M","E","M","R","T","$","M","M","M","E","R","B"],"character_chosen":"THE_SILENT","items_purchased":["Membership Card","Orichalcum","Omamori","Whetstone","Dodecahedron","Mercury Hourglass","Toy Ornithopter"],"campfire_rested":3,"item_purchase_floors":[21,21,21,28,28,44,44],"current_hp_per_floor":[68,67,66,65,64,63,58,58,68,68,68,67,66,53,53,50,67,66,65,46,46,43,43,41,34,34,34,34,34,34,33,48,18,50,47,47,47,46,45,16,8,20,20,20,14,14,13,28,35,0],"gold":144,"neow_bonus":"","is_prod":false,"is_daily":true,"chose_seed":false,"campfire_upgraded":4,"win_rate":0,"timestamp":1563280566,"path_taken":["M","M","?","$","M","R","E","M","T","?","M","E","R","?","R","BOSS","M","M","M","$","M","R","M","M","T","M","$","M","?","E","R","BOSS","M","M","?","?","M","E","M","R","T","$","M","M","?","E","R","BOSS"],"build_version":"2019-07-05","purchased_purges":0,"victory":false,"max_hp_per_floor":[68,67,66,65,64,63,62,61,70,69,68,67,66,65,64,63,67,66,65,64,63,62,61,60,59,58,57,56,55,54,53,52,51,50,49,48,47,46,45,44,43,42,41,40,39,38,37,36,35,35],"card_choices":[{"not_picked":["Concentrate","Crippling Poison","Dash"],"picked":"SKIP","floor":1.0},{"not_picked":["Underhanded Strike","Deadly Poison","Dodge and Roll"],"picked":"SKIP","floor":2.0},{"not_picked":["Blade Dance","Dodge and Roll"],"picked":"Dagger Throw","floor":5.0},{"not_picked":["Corpse Explosion","Poisoned Stab"],"picked":"HandOfGreed","floor":7.0},{"not_picked":["Slice","Leg Sweep","Dagger Spray"],"picked":"SKIP","floor":8.0},{"not_picked":["Deadly Poison","Skewer"],"picked":"Accuracy","floor":10.0},{"not_picked":["Underhanded Strike","Quick Slash"],"picked":"PiercingWail","floor":11.0},{"not_picked":["Skewer","PiercingWail"],"picked":"Caltrops","floor":12.0},{"not_picked":["Burst","Violence"],"picked":"Die Die Die","floor":16.0},{"not_picked":["Acrobatics","Discovery"],"picked":"Backstab","floor":17.0},{"not_picked":["Flechettes","Underhanded Strike"],"picked":"Outmaneuver+1","floor":18.0},{"not_picked":["Underhanded Strike","Blade Dance","Dash"],"picked":"SKIP","floor":19.0},{"not_picked":["Eviscerate","Terror","Heel Hook"],"picked":"SKIP","floor":20.0},{"not_picked":["PiercingWail","Masterful Stab"],"picked":"Footwork","floor":22.0},{"not_picked":["Secret Weapon","Quick Slash"],"picked":"Crippling Poison","floor":24},{"not_picked":["Slice","Tactician"],"picked":"Enlightenment","floor":25},{"not_picked":["Terror","Dagger Spray","Dark Shackles"],"picked":"SKIP","floor":27},{"not_picked":["Bane","Poisoned Stab"],"picked":"Trip","floor":29},{"not_picked":["Purity","PiercingWail","Reflex"],"picked":"SKIP","floor":31},{"not_picked":["Thinking Ahead","Violence"],"picked":"Tools of the Trade","floor":33},{"not_picked":["Dagger Throw+1","Choke"],"picked":"PiercingWail+1","floor":35},{"not_picked":["Enlightenment","Sucker Punch"],"picked":"Footwork","floor":36},{"not_picked":["Outmaneuver+1","Poisoned Stab"],"picked":"Acrobatics+1","floor":39},{"not_picked":["Finisher+1","All Out Attack"],"picked":"Dramatic Entrance+1","floor":40},{"not_picked":["Backflip","Flash of Steel"],"picked":"Blind+1","floor":41},{"not_picked":["Slice","Poisoned Stab"],"picked":"Sucker Punch+1","floor":45},{"not_picked":["PanicButton","Backflip"],"picked":"Bandage Up","floor":46},{"not_picked":["Dodge and Roll+1","Dagger Throw"],"picked":"Well Laid Plans+1","floor":47},{"not_picked":["Burst","Flechettes"],"picked":"Madness+1","floor":48}],"player_experience":160007,"relics_obtained":[{"floor":7.0,"key":"Ginger"},{"floor":9.0,"key":"Pear"},{"floor":12.0,"key":"Anchor"},{"floor":26,"key":"War Paint"},{"floor":31,"key":"Bag of Marbles"},{"floor":40,"key":"Kunai"},{"floor":43,"key":"Unceasing Top"},{"floor":48,"key":"Meat on the Bone"}],"event_choices":[{"damage_healed":0.0,"max_hp_gain":0.0,"max_hp_loss":0.0,"gold_gain":0.0,"event_name":"Shining Light","player_choice":"Entered Light","floor":14.0,"gold_loss":0.0,"damage_taken":13.0,"cards_upgraded":["Blade Dance","Blade Dance"]},{"damage_healed":0,"gold_gain":0,"player_choice":"Copied","damage_taken":0,"max_hp_gain":0,"max_hp_loss":0,"event_name":"Duplicator","floor":30,"gold_loss":0,"cards_obtained":["Infinite Blades"]},{"cards_removed":["Prepared"],"damage_healed":0,"gold_gain":0,"player_choice":"Removed Skill","damage_taken":0,"max_hp_gain":0,"max_hp_loss":0,"event_name":"Falling","floor":37,"gold_loss":0},{"damage_healed":0,"gold_gain":0,"player_choice":"2 cards matched","damage_taken":0,"max_hp_gain":0,"max_hp_loss":0,"event_name":"Match and Keep!","floor":38,"gold_loss":0,"cards_obtained":["Prepared","Mayhem"]}],"is_beta":false,"boss_relics":[{"not_picked":["Black Star","HoveringKite"],"picked":"Tiny House"},{"not_picked":["Astrolabe","Lizard Tail"],"picked":"Ring of the Serpent"}],"items_purged_floors":[],"is_endless":false,"potions_floor_spawned":[7,8,16,18,24,27,31,36,39,40,47],"killed_by":"Awakened One","ascension_level":0}