{"gold_per_floor":[113,63,76,96,96,129,129,149,219,246,260,286,306,325,325,325],"floor_reached":16,"playtime":978,"items_purged":[],"score":156,"play_id":"3e2e7d11-19d0-4695-ac27-f135490fe593","local_time":"20190915161510","is_ascension_mode":true,"campfire_choices":[{"data":"Zap","floor":7,"key":"SMITH"},{"data":"Capacitor","floor":15,"key":"SMITH"}],"neow_cost":"CURSE","seed_source_timestamp":275467790414566,"circlet_count":0,"master_deck":["Strike_B","Strike_B","Strike_B","Defend_B","Defend_B","Defend_B","Zap+1","Dualcast","Auto Shields","Reinforced Body","Self Repair","Glacier","Electrodynamics","Reboot","Glacier","Capacitor+1","Glacier","Multi-Cast"],"relics":["Cracked Core","Nunchaku","Art of War","Ornamental Fan","Smiling Mask","Vajra"],"potions_floor_usage":[3,8],"damage_taken":[{"damage":0,"enemies":"2 Louse","floor":1,"turns":3},{"damage":6,"enemies":"Cultist","floor":3,"turns":3},{"damage":0,"enemies":"Jaw Worm","floor":4,"turns":4},{"damage":1,"enemies":"3 Sentries","floor":6,"turns":8},{"damage":9,"enemies":"Gremlin Gang","floor":8,"turns":3},{"damage":0,"enemies":"Lagavulin","floor":10,"turns":8},{"damage":0,"enemies":"Lots of Slimes","floor":11,"turns":1},{"damage":19,"enemies":"Gremlin Nob","floor":12,"turns":5},{"damage":0,"enemies":"Red Slaver","floor":13,"turns":4},{"damage":0,"enemies":"Looter","floor":14,"turns":4},{"damage":80,"enemies":"Hexaghost","floor":16,"turns":22}],"seed_played":"-288076353955029235","potions_obtained":[{"floor":1,"key":"AttackPotion"},{"floor":3,"key":"Block Potion"},{"floor":6,"key":"AttackPotion"},{"floor":8,"key":"Dexterity Potion"},{"floor":12,"key":"Ancient Potion"}],"is_trial":false,"path_per_floor":["M","?","M","M","?","E","R","M","T","E","M","E","M","M","R","B"],"character_chosen":"DEFECT","items_purchased":[],"campfire_rested":0,"item_purchase_floors":[],"current_hp_per_floor":[75,75,75,75,75,75,75,73,73,75,75,63,63,70,70,0],"gold":325,"neow_bonus":"TRANSFORM_TWO_CARDS","is_prod":false,"is_daily":false,"chose_seed":false,"campfire_upgraded":2,"win_rate":0,"timestamp":1568578510,"path_taken":["M","?","M","M","?","E","R","M","T","E","M","E","?","M","R","BOSS"],"build_version":"2019-07-17","purchased_purges":0,"victory":false,"max_hp_per_floor":[75,75,75,75,75,75,75,75,75,75,75,75,75,75,75,75],"card_choices":[{"not_picked":["Chaos","Conserve Battery"],"picked":"Self Repair","floor":1},{"not_picked":["Gash","Conserve Battery"],"picked":"Glacier","floor":3},{"not_picked":["Barrage","Turbo"],"picked":"Electrodynamics","floor":4},{"not_picked":["Ball Lightning","Streamline"],"picked":"Reboot","floor":6},{"not_picked":["Hello World","Gash","Stack"],"picked":"SKIP","floor":8},{"not_picked":["Double Energy","Go for the Eyes"],"picked":"Glacier","floor":10},{"not_picked":["Streamline","Glacier"],"picked":"Capacitor","floor":11},{"not_picked":["Cold Snap","Ball Lightning"],"picked":"Glacier","floor":12},{"not_picked":["Turbo","Streamline","Coolheaded"],"picked":"SKIP","floor":13},{"not_picked":["Leap","Hologram"],"picked":"Multi-Cast","floor":14}],"player_experience":205018,"relics_obtained":[{"floor":6,"key":"Art of War"},{"floor":9,"key":"Ornamental Fan"},{"floor":10,"key":"Smiling Mask"},{"floor":12,"key":"Vajra"}],"event_choices":[{"cards_removed":["Shame"],"damage_healed":0,"gold_gain":0,"player_choice":"Card Removal","damage_taken":0,"max_hp_gain":0,"max_hp_loss":0,"event_name":"The Cleric","floor":2,"gold_loss":50},{"damage_healed":0,"gold_gain":0,"player_choice":"Gave Potion","damage_taken":0,"relics_obtained":["Nunchaku"],"max_hp_gain":0,"max_hp_loss":0,"event_name":"WeMeetAgain","floor":5,"gold_loss":0}],"is_beta":false,"boss_relics":[],"items_purged_floors":[],"is_endless":false,"potions_floor_spawned":[1,3,6,8,12],"killed_by":"Hexaghost","ascension_level":1}