{"gold_per_floor":[113,124,144,154,6,40,40,40,92,92,122,135,91,107,107,212,212,227,241,9,19,37,37,55,74,74,74],"floor_reached":27,"playtime":1447,"items_purged":["Normality"],"score":229,"play_id":"f4e6653b-2f5b-429f-a6eb-587142d7dd8b","local_time":"20190312102703","is_ascension_mode":false,"campfire_choices":[{"data":"Chaos","floor":8,"key":"SMITH"},{"data":"Rainbow","floor":15,"key":"SMITH"},{"floor":23,"key":"REST"}],"neow_cost":"NONE","seed_source_timestamp":55283236508657,"circlet_count":0,"master_deck":["Strike_B","Strike_B","Strike_B","Strike_B","Defend_B","Defend_B","Defend_B","Defend_B","Zap","Dualcast","Chaos+1","Doom and Gloom","FTL","Defragment+1","Recycle","Rainbow+1","Reprogram","Echo Form","Parasite","Doubt","Defragment","White Noise+1","BootSequence+1","Seek"],"relics":["Cracked Core","NeowsBlessing","Dream Catcher","Bottled Lightning","Lantern","Strawberry","Calling Bell","Vajra","Molten Egg 2","WingedGreaves","Bag of Preparation","Mummified Hand"],"potions_floor_usage":[],"damage_taken":[{"damage":0,"enemies":"Cultist","floor":1,"turns":1},{"damage":0,"enemies":"Small Slimes","floor":2,"turns":1},{"damage":0,"enemies":"2 Louse","floor":3,"turns":1},{"damage":1,"enemies":"2 Fungi Beasts","floor":4,"turns":2},{"damage":31,"enemies":"Lagavulin","floor":6,"turns":6},{"damage":13,"enemies":"3 Sentries","floor":11,"turns":4},{"damage":0,"enemies":"Looter","floor":12,"turns":3},{"damage":4,"enemies":"Exordium Wildlife","floor":14,"turns":3},{"damage":13,"enemies":"The Guardian","floor":16,"turns":10},{"damage":14,"enemies":"3 Byrds","floor":18,"turns":4},{"damage":9,"enemies":"Shell Parasite","floor":19,"turns":4},{"damage":15,"enemies":"3 Cultists","floor":21,"turns":5},{"damage":15,"enemies":"Snecko","floor":22,"turns":4},{"damage":7,"enemies":"Snake Plant","floor":24,"turns":4},{"damage":39,"enemies":"Shelled Parasite and Fungi","floor":25,"turns":6},{"damage":10,"enemies":"Snecko","floor":27,"turns":2}],"seed_played":"8296836273760138847","potions_obtained":[{"floor":1,"key":"Dexterity Potion"},{"floor":2,"key":"Ancient Potion"},{"floor":6,"key":"Strength Potion"}],"is_trial":false,"path_per_floor":["M","M","M","M","$","E","?","R","T","?","E","M","?","M","R","B",null,"M","M","$","M","M","R","M","M","T","M"],"character_chosen":"DEFECT","items_purchased":["Dream Catcher","Bag of Preparation"],"campfire_rested":1,"item_purchase_floors":[5,20],"current_hp_per_floor":[75,75,75,74,74,43,68,68,68,68,62,62,62,58,58,45,82,68,59,59,44,29,53,46,7,7,0],"gold":74,"neow_bonus":"THREE_ENEMY_KILL","is_prod":false,"is_daily":false,"chose_seed":false,"campfire_upgraded":2,"win_rate":0.0,"timestamp":1552400823,"path_taken":["M","M","?","M","$","E","?","R","T","?","E","M","?","M","R","BOSS","M","M","$","M","M","R","M","M","T","M"],"build_version":"2019-01-23","purchased_purges":1,"victory":false,"max_hp_per_floor":[75,75,75,75,75,75,75,75,75,75,82,82,82,82,82,82,82,82,82,82,82,82,82,82,82,82,82],"card_choices":[{"not_picked":["Conserve Battery","Hologram"],"picked":"Chaos","floor":1},{"not_picked":["Compile Driver","Streamline","Gash"],"picked":"SKIP","floor":2},{"not_picked":["Steam","Double Energy"],"picked":"Doom and Gloom","floor":3},{"not_picked":["Chill","Barrage"],"picked":"FTL","floor":4},{"not_picked":["Go for the Eyes","Chaos"],"picked":"Defragment","floor":6},{"not_picked":["Compile Driver","Redo"],"picked":"Recycle","floor":11},{"not_picked":["Coolheaded","Conserve Battery"],"picked":"Rainbow","floor":12},{"not_picked":["Static Discharge","Ball Lightning"],"picked":"Reprogram","floor":14},{"not_picked":["Seek","Fission"],"picked":"Echo Form","floor":16},{"not_picked":["Recycle","Barrage+1","Sweeping Beam+1"],"picked":"SKIP","floor":18},{"not_picked":["Blizzard+1","Redo"],"picked":"Defragment","floor":19},{"not_picked":["Hologram","Reprogram+1"],"picked":"White Noise+1","floor":21},{"not_picked":["Compile Driver+1","Static Discharge+1"],"picked":"BootSequence+1","floor":22},{"not_picked":["Steam Power","Force Field"],"picked":"Seek","floor":23},{"not_picked":["Leap","Hologram","Conserve Battery"],"picked":"SKIP","floor":24},{"not_picked":["Conserve Battery","Ball Lightning+1","Reprogram"],"picked":"SKIP","floor":25}],"player_experience":40685,"relics_obtained":[{"floor":6,"key":"Bottled Lightning"},{"floor":9,"key":"Lantern"},{"floor":11,"key":"Strawberry"},{"floor":17,"key":"Vajra"},{"floor":17,"key":"Molten Egg 2"},{"floor":17,"key":"WingedGreaves"},{"floor":26,"key":"Mummified Hand"}],"event_choices":[{"damage_healed":25,"gold_gain":0,"player_choice":"Banana","damage_taken":0,"max_hp_gain":0,"max_hp_loss":0,"event_name":"Big Fish","floor":7,"gold_loss":0},{"damage_healed":0,"gold_gain":0,"player_choice":"Grow","damage_taken":0,"max_hp_gain":0,"max_hp_loss":0,"event_name":"Living Wall","floor":10,"gold_loss":0,"cards_upgraded":["Defragment"]},{"damage_healed":0,"gold_gain":0,"player_choice":"Left Gold","damage_taken":0,"max_hp_gain":0,"max_hp_loss":0,"event_name":"World of Goop","floor":13,"gold_loss":44}],"is_beta":false,"boss_relics":[{"not_picked":["FrozenCore","Black Star"],"picked":"Calling Bell"}],"items_purged_floors":[20],"is_endless":false,"potions_floor_spawned":[1,2,6,14,19],"killed_by":"Snecko","ascension_level":0}