{"gold_per_floor":[115,134,209,12,23,54,54,80,104,104],"floor_reached":10,"playtime":338,"items_purged":[],"score":152,"play_id":"342bd7e1-3ce3-4eb2-b7f6-a1bfd1250492","local_time":"20190930174001","is_ascension_mode":true,"campfire_choices":[{"floor":7,"key":"REST"}],"neow_cost":"NONE","seed_source_timestamp":1186067765111700,"circlet_count":0,"master_deck":["AscendersBane","Strike_R","Strike_R","Strike_R","Strike_R","Strike_R","Defend_R","Defend_R","Defend_R","Defend_R","Bash","Panacea","Feel No Pain","Clothesline","Disarm","Battle Trance","Hemokinesis","Flame Barrier"],"relics":["Burning Blood","Omamori","Strawberry","Boot","Pen Nib"],"potions_floor_usage":[10],"damage_taken":[{"damage":10,"enemies":"Small Slimes","floor":1,"turns":5},{"damage":9,"enemies":"Jaw Worm","floor":2,"turns":4},{"damage":0,"enemies":"2 Louse","floor":5,"turns":4},{"damage":54,"enemies":"Lagavulin","floor":6,"turns":9},{"damage":35,"enemies":"Gremlin Nob","floor":8,"turns":6},{"damage":13,"enemies":"Lots of Slimes","floor":10,"turns":2}],"seed_played":"-1898089643826328385","potions_obtained":[{"floor":8,"key":"PowerPotion"}],"is_trial":false,"path_per_floor":["M","M","?","$","M","E","R","E","T","M"],"character_chosen":"IRONCLAD","items_purchased":["Disarm","Omamori"],"campfire_rested":1,"item_purchase_floors":[4,4],"current_hp_per_floor":[64,61,50,50,56,15,39,10,10,0],"gold":104,"neow_bonus":"RANDOM_COLORLESS","is_prod":false,"is_daily":false,"chose_seed":false,"campfire_upgraded":0,"win_rate":0,"timestamp":1569890401,"path_taken":["M","M","?","?","M","E","R","E","T","M"],"build_version":"2019-09-27","purchased_purges":0,"victory":false,"max_hp_per_floor":[75,75,75,75,75,82,82,82,82,82],"card_choices":[{"not_picked":["Forethought","Dark Shackles"],"picked":"Panacea","floor":0},{"not_picked":["Clash","Flex"],"picked":"Feel No Pain","floor":1},{"not_picked":["Perfected Strike","Sword Boomerang"],"picked":"Clothesline","floor":2},{"not_picked":["Pummel","Searing Blow"],"picked":"Battle Trance","floor":5},{"not_picked":["Searing Blow","Thunderclap"],"picked":"Hemokinesis","floor":6},{"not_picked":["Wild Strike","Combust"],"picked":"Flame Barrier","floor":8}],"player_experience":1153065,"relics_obtained":[{"floor":6,"key":"Strawberry"},{"floor":8,"key":"Boot"},{"floor":9,"key":"Pen Nib"}],"event_choices":[{"damage_healed":0,"gold_gain":75,"player_choice":"Gather Gold","damage_taken":11,"max_hp_gain":0,"max_hp_loss":0,"event_name":"World of Goop","floor":3,"gold_loss":0}],"is_beta":true,"boss_relics":[],"items_purged_floors":[],"is_endless":false,"potions_floor_spawned":[8],"killed_by":"Lots of Slimes","ascension_level":20}