{"gold_per_floor":[214,289,31,31,31,62,62,92,92,92],"floor_reached":10,"playtime":349,"items_purged":["Strike_R"],"score":144,"play_id":"47d7bb5b-b9b6-40d9-9d0d-cce5f364dcec","local_time":"20190930122449","is_ascension_mode":true,"campfire_choices":[{"floor":7,"key":"REST"}],"neow_cost":"NONE","seed_source_timestamp":1167144183821400,"circlet_count":0,"master_deck":["AscendersBane","Strike_R","Strike_R","Strike_R","Strike_R","Defend_R","Defend_R+1","Defend_R+1","Defend_R","Bash","Clothesline","Evolve","Headbutt","Pain","Flame Barrier","Power Through"],"relics":["Burning Blood","WarpedTongs","Toy Ornithopter","War Paint","Happy Flower"],"potions_floor_usage":[6,10],"damage_taken":[{"damage":4,"enemies":"Jaw Worm","floor":1,"turns":4},{"damage":44,"enemies":"3 Sentries","floor":6,"turns":9},{"damage":53,"enemies":"Gremlin Nob","floor":8,"turns":5},{"damage":16,"enemies":"3 Sentries","floor":10,"turns":8}],"seed_played":"-5858639109739962071","potions_obtained":[{"floor":8,"key":"SpeedPotion"}],"is_trial":false,"path_per_floor":["M","?","$","?","?","E","R","E","T","E"],"character_chosen":"IRONCLAD","items_purchased":["BloodPotion","Evolve","Headbutt"],"campfire_rested":1,"item_purchase_floors":[3,3,3],"current_hp_per_floor":[70,59,59,59,59,36,58,11,11,0],"gold":92,"neow_bonus":"HUNDRED_GOLD","is_prod":false,"is_daily":false,"chose_seed":false,"campfire_upgraded":0,"win_rate":0,"timestamp":1569871489,"path_taken":["M","?","$","?","?","E","R","E","T","E"],"build_version":"2019-09-27","purchased_purges":1,"victory":false,"max_hp_per_floor":[75,75,75,75,75,75,75,75,75,75],"card_choices":[{"not_picked":["Havoc","Sword Boomerang"],"picked":"Clothesline","floor":1},{"not_picked":["Fire Breathing","Searing Blow"],"picked":"Flame Barrier","floor":6},{"not_picked":["Shockwave","Searing Blow"],"picked":"Power Through","floor":8}],"player_experience":1139719,"relics_obtained":[{"floor":6,"key":"Toy Ornithopter"},{"floor":8,"key":"War Paint"},{"floor":9,"key":"Happy Flower"}],"event_choices":[{"damage_healed":0,"gold_gain":75,"player_choice":"Gather Gold","damage_taken":11,"max_hp_gain":0,"max_hp_loss":0,"event_name":"World of Goop","floor":2,"gold_loss":0},{"damage_healed":0,"gold_gain":0,"player_choice":"Ignored","damage_taken":0,"max_hp_gain":0,"max_hp_loss":0,"event_name":"Liars Game","floor":4,"gold_loss":0},{"damage_healed":0,"gold_gain":0,"player_choice":"Rummage","damage_taken":0,"relics_obtained":["WarpedTongs"],"max_hp_gain":0,"max_hp_loss":0,"event_name":"Accursed Blacksmith","floor":5,"gold_loss":0,"cards_obtained":["Pain"]}],"is_beta":true,"boss_relics":[],"items_purged_floors":[3],"is_endless":false,"potions_floor_spawned":[8],"killed_by":"3 Sentries","ascension_level":20}