{"gold_per_floor":[117,136,136,155,167,167,196,196,196,41,41,19,50,67,67,67],"floor_reached":16,"playtime":543,"items_purged":[],"score":224,"play_id":"67d8e54f-31a8-49cb-9b54-6bdd51066c4d","local_time":"20190930123811","is_ascension_mode":true,"campfire_choices":[{"data":"Clothesline","floor":6,"key":"SMITH"},{"data":"Flame Barrier","floor":8,"key":"SMITH"},{"data":"Disarm","floor":11,"key":"SMITH"},{"data":"Feel No Pain","floor":15,"key":"SMITH"}],"neow_cost":"NONE","seed_source_timestamp":1167752158569000,"circlet_count":0,"master_deck":["AscendersBane","Strike_R","Strike_R","Strike_R","Strike_R","Strike_R","Defend_R","Defend_R","Defend_R","Defend_R","Bash","Clothesline+1","Flame Barrier+1","Disarm+1","Offering","Feel No Pain+1","Power Through","Exhume","Headbutt"],"relics":["Burning Blood","Mummified Hand","PreservedInsect","Meat on the Bone","Nunchaku"],"potions_floor_usage":[7,16],"damage_taken":[{"damage":7,"enemies":"Small Slimes","floor":1,"turns":4},{"damage":3,"enemies":"Cultist","floor":2,"turns":4},{"damage":6,"enemies":"Jaw Worm","floor":4,"turns":6},{"damage":12,"enemies":"Blue Slaver","floor":5,"turns":6},{"damage":24,"enemies":"Gremlin Nob","floor":7,"turns":6},{"damage":24,"enemies":"Exordium Thugs","floor":12,"turns":4},{"damage":14,"enemies":"3 Sentries","floor":13,"turns":12},{"damage":7,"enemies":"2 Fungi Beasts","floor":14,"turns":5},{"damage":71,"enemies":"Slime Boss","floor":16,"turns":11}],"seed_played":"8216266832372773414","potions_obtained":[{"floor":2,"key":"LiquidBronze"},{"floor":5,"key":"Ancient Potion"},{"floor":7,"key":"SpeedPotion"},{"floor":12,"key":"BloodPotion"}],"is_trial":false,"path_per_floor":["M","M","?","M","M","R","E","R","T","$","R","M","E","M","R","B"],"character_chosen":"IRONCLAD","items_purchased":["Feel No Pain","Power Through"],"campfire_rested":0,"item_purchase_floors":[10,10],"current_hp_per_floor":[74,77,77,77,71,71,53,53,53,53,53,47,51,50,50,0],"gold":67,"neow_bonus":"TEN_PERCENT_HP_BONUS","is_prod":false,"is_daily":false,"chose_seed":false,"campfire_upgraded":4,"win_rate":0,"timestamp":1569872291,"path_taken":["M","M","?","M","M","R","E","R","T","?","R","M","E","?","R","BOSS"],"build_version":"2019-09-27","purchased_purges":0,"victory":false,"max_hp_per_floor":[82,82,82,82,82,82,82,82,82,82,82,82,82,82,82,82],"card_choices":[{"not_picked":["Flex","Clash"],"picked":"Clothesline","floor":1},{"not_picked":["Heavy Blade","Rupture","Pommel Strike"],"picked":"SKIP","floor":2},{"not_picked":["Rupture","Entrench"],"picked":"Flame Barrier","floor":4},{"not_picked":["Shockwave","Cleave"],"picked":"Disarm","floor":5},{"not_picked":["Body Slam","Havoc"],"picked":"Offering","floor":7},{"not_picked":["Blood for Blood","Uppercut","Entrench"],"picked":"SKIP","floor":12},{"not_picked":["Dual Wield","Sever Soul"],"picked":"Exhume","floor":13},{"not_picked":["Clothesline","Perfected Strike"],"picked":"Headbutt","floor":14}],"player_experience":1140280,"relics_obtained":[{"floor":7,"key":"PreservedInsect"},{"floor":9,"key":"Meat on the Bone"},{"floor":13,"key":"Nunchaku"}],"event_choices":[{"damage_healed":0,"gold_gain":0,"player_choice":"Gave Potion","damage_taken":0,"relics_obtained":["Mummified Hand"],"max_hp_gain":0,"max_hp_loss":0,"event_name":"WeMeetAgain","floor":3,"gold_loss":0}],"is_beta":true,"boss_relics":[],"items_purged_floors":[],"is_endless":false,"potions_floor_spawned":[2,5,7,12],"killed_by":"Slime Boss","ascension_level":20}