{"gold_per_floor":[114,114,114,125,32,67,79,104,104,116,126,126,143,143,143,214,214,230,150],"floor_reached":19,"playtime":956,"items_purged":[],"score":408,"play_id":"167c9e87-1c4c-4d67-a018-06a9591e27de","local_time":"20190802140701","is_ascension_mode":true,"campfire_choices":[{"floor":12.0,"key":"REST"},{"floor":15.0,"key":"REST"}],"neow_cost":"NONE","seed_source_timestamp":178592954620767,"circlet_count":0,"master_deck":["AscendersBane","Strike_G","Strike_G","Strike_G","Defend_G","Defend_G","Defend_G","Defend_G","Defend_G","Survivor","Neutralize","All Out Attack+1","Flying Knee","Noxious Fumes","A Thousand Cuts","Escape Plan","Catalyst","Bouncing Flask","Burst","Prepared"],"special_seed":0,"relics":["Ring of the Snake","NeowsBlessing","Art of War","Letter Opener","Unceasing Top","Blood Vial","Peace Pipe","Empty Cage"],"potions_floor_usage":[],"damage_taken":[{"damage":0.0,"enemies":"2 Louse","floor":1.0,"turns":1.0},{"damage":0.0,"enemies":"Cultist","floor":4.0,"turns":1.0},{"damage":0.0,"enemies":"Gremlin Nob","floor":6.0,"turns":1.0},{"damage":3.0,"enemies":"Jaw Worm","floor":7.0,"turns":3.0},{"damage":30.0,"enemies":"Lagavulin","floor":8.0,"turns":7.0},{"damage":5.0,"enemies":"Blue Slaver","floor":10.0,"turns":3.0},{"damage":1.0,"enemies":"2 Fungi Beasts","floor":11.0,"turns":2.0},{"damage":1.0,"enemies":"Exordium Thugs","floor":13.0,"turns":4.0},{"damage":24.0,"enemies":"Slime Boss","floor":16.0,"turns":10.0},{"damage":43,"enemies":"Chosen","floor":18,"turns":5},{"damage":18,"enemies":"2 Thieves","floor":19,"turns":2}],"seed_played":"8560588889278913423","potions_obtained":[{"floor":4.0,"key":"Dexterity Potion"},{"floor":13.0,"key":"GhostInAJar"},{"floor":18,"key":"SteroidPotion"}],"is_trial":false,"path_per_floor":["M","?","?","M","$","E","M","E","T","M","M","R","M","T","R","B",null,"M","M"],"character_chosen":"THE_SILENT","items_purchased":["Noxious Fumes","Poison Potion"],"campfire_rested":2,"item_purchase_floors":[5,5],"current_hp_per_floor":[59,41,41,41,41,41,38,8,8,5,6,25,26,26,45,23,55,14,0],"gold":150,"neow_bonus":"THREE_ENEMY_KILL","is_prod":false,"is_daily":false,"chose_seed":false,"campfire_upgraded":0,"win_rate":0,"timestamp":1564733221,"path_taken":["M","?","?","M","$","E","?","E","T","M","?","R","M","?","R","BOSS","M","M"],"build_version":"2019-07-17","purchased_purges":0,"victory":false,"max_hp_per_floor":[66,66,66,66,66,66,66,66,66,66,66,66,66,66,66,66,66,66,66],"card_choices":[{"not_picked":["Sucker Punch","Escape Plan"],"picked":"All Out Attack","floor":1.0},{"not_picked":["Cloak And Dagger","Backflip"],"picked":"Flying Knee","floor":4.0},{"not_picked":["Leg Sweep","Masterful Stab"],"picked":"A Thousand Cuts","floor":6.0},{"not_picked":["Riddle With Holes","Poisoned Stab","Heel Hook"],"picked":"SKIP","floor":7.0},{"not_picked":["Dagger Throw","Slice"],"picked":"Escape Plan","floor":8.0},{"not_picked":["Reflex","Poisoned Stab"],"picked":"Catalyst","floor":10.0},{"not_picked":["Underhanded Strike","Choke"],"picked":"Bouncing Flask","floor":11.0},{"not_picked":["Expertise","Acrobatics","Backstab"],"picked":"SKIP","floor":13.0},{"not_picked":["Night Terror","Unload"],"picked":"Burst","floor":16.0},{"not_picked":["Quick Slash","Backflip"],"picked":"Prepared","floor":18}],"player_experience":1620539,"relics_obtained":[{"floor":6.0,"key":"Letter Opener"},{"floor":8.0,"key":"Unceasing Top"},{"floor":9.0,"key":"Blood Vial"},{"floor":14.0,"key":"Peace Pipe"}],"event_choices":[{"damage_healed":0.0,"max_hp_gain":0.0,"max_hp_loss":0.0,"gold_gain":0.0,"event_name":"Scrap Ooze","player_choice":"Success","floor":2.0,"gold_loss":0.0,"damage_taken":18.0,"relics_obtained":["Art of War"]},{"damage_healed":0.0,"max_hp_gain":0.0,"max_hp_loss":0.0,"gold_gain":0.0,"event_name":"Upgrade Shrine","player_choice":"Upgraded","floor":3.0,"gold_loss":0.0,"damage_taken":0.0,"cards_upgraded":["All Out Attack"]}],"is_beta":false,"boss_relics":[{"not_picked":["Lizard Tail","Busted Crown"],"picked":"Empty Cage"}],"items_purged_floors":[],"is_endless":false,"potions_floor_spawned":[4,7,8,13,18],"killed_by":"2 Thieves","ascension_level":20}