{"gold_per_floor":[10,10,22,39,52,52,70,97,97,97,131,150,170,187,187,263,263,239,256,267,55,65,96,96,122,196,229,229,229,229,50,50,128,128,148,160,176,195,195,227,237,237,237,264,64,0,26,38,38,38,38,38,38,38,67,67],"floor_reached":57,"playtime":6691,"items_purged":["Strike_R","Strike_R","Strike_R"],"score":2828,"play_id":"cd27f93b-a63b-45ff-a978-902cadd3c0ed","local_time":"20191002172840","is_ascension_mode":true,"campfire_choices":[{"data":"Bash","floor":6.0,"key":"SMITH"},{"data":"Battle Trance","floor":10.0,"key":"SMITH"},{"data":"Demon Form","floor":15.0,"key":"SMITH"},{"data":"Heavy Blade","floor":24,"key":"SMITH"},{"data":"Uppercut","floor":28,"key":"SMITH"},{"data":"Shockwave","floor":30,"key":"SMITH"},{"data":"Impervious","floor":32,"key":"SMITH"},{"data":"Corruption","floor":42,"key":"SMITH"},{"floor":49,"key":"RECALL"},{"data":"Evolve","floor":53,"key":"SMITH"}],"neow_cost":"NO_GOLD","seed_source_timestamp":0,"circlet_count":0,"master_deck":["AscendersBane","Defend_R","Defend_R+1","Defend_R","Defend_R","Bash+1","Headbutt","Anger","Battle Trance+1","Cleave","Flame Barrier","Spot Weakness+1","Reaper","Shockwave+1","Demon Form+1","Impervious+1","Evolve+1","True Grit+1","Warcry+1","Feed","Shrug It Off","Heavy Blade+1","Exhume","Uppercut+1","Corruption+1","Exhume","Battle Trance","Reaper","Shrug It Off"],"special_seed":0,"relics":["Burning Blood","HornCleat","Incense Burner","Pocketwatch","Odd Mushroom","Philosopher\u0027s Stone","Kunai","Ornamental Fan","Sundial","Blood Vial","Coffee Dripper","War Paint","Regal Pillow","Toy Ornithopter","Red Mask","Unceasing Top","Bronze Scales"],"potions_floor_usage":[25,25],"damage_taken":[{"damage":4.0,"enemies":"Jaw Worm","floor":1.0,"turns":5.0},{"damage":1.0,"enemies":"Cultist","floor":3.0,"turns":3.0},{"damage":4.0,"enemies":"2 Louse","floor":4.0,"turns":3.0},{"damage":2.0,"enemies":"Exordium Thugs","floor":5.0,"turns":3.0},{"damage":22.0,"enemies":"Lots of Slimes","floor":7.0,"turns":3.0},{"damage":8.0,"enemies":"Gremlin Nob","floor":8.0,"turns":3.0},{"damage":26.0,"enemies":"Lagavulin","floor":11.0,"turns":4.0},{"damage":8.0,"enemies":"Blue Slaver","floor":12.0,"turns":4.0},{"damage":22.0,"enemies":"The Mushroom Lair","floor":13.0,"turns":7.0},{"damage":7.0,"enemies":"Exordium Thugs","floor":14.0,"turns":4.0},{"damage":32.0,"enemies":"Slime Boss","floor":16.0,"turns":8.0},{"damage":24.0,"enemies":"2 Thieves","floor":18.0,"turns":4.0},{"damage":25.0,"enemies":"Shell Parasite","floor":19.0,"turns":6.0},{"damage":8,"enemies":"Snecko","floor":20,"turns":5},{"damage":40,"enemies":"Sentry and Sphere","floor":22,"turns":7},{"damage":41,"enemies":"Book of Stabbing","floor":23,"turns":5},{"damage":51,"enemies":"Slavers","floor":25,"turns":5},{"damage":21,"enemies":"Gremlin Leader","floor":27,"turns":6},{"damage":48,"enemies":"Champ","floor":33,"turns":9},{"damage":4,"enemies":"Orb Walker","floor":35,"turns":3},{"damage":59,"enemies":"3 Darklings","floor":36,"turns":8},{"damage":32,"enemies":"Spire Growth","floor":37,"turns":7},{"damage":10,"enemies":"4 Shapes","floor":38,"turns":4},{"damage":40,"enemies":"Giant Head","floor":40,"turns":6},{"damage":54,"enemies":"Jaw Worm Horde","floor":41,"turns":6},{"damage":62,"enemies":"Reptomancer","floor":44,"turns":5},{"damage":52,"enemies":"Giant Head","floor":47,"turns":8},{"damage":9,"enemies":"Sphere and 2 Shapes","floor":48,"turns":7},{"damage":54,"enemies":"Time Eater","floor":50,"turns":11},{"damage":46,"enemies":"Awakened One","floor":51,"turns":10},{"damage":49,"enemies":"Shield and Spear","floor":55,"turns":6},{"damage":146,"enemies":"The Heart","floor":56,"turns":8}],"seed_played":"1966411792836006141","potions_obtained":[{"floor":1.0,"key":"Block Potion"},{"floor":4.0,"key":"PowerPotion"},{"floor":12.0,"key":"Regen Potion"},{"floor":14.0,"key":"Weak Potion"},{"floor":19,"key":"GamblersBrew"},{"floor":23,"key":"Regen Potion"},{"floor":25,"key":"Fire Potion"},{"floor":27,"key":"SteroidPotion"},{"floor":35,"key":"DuplicationPotion"},{"floor":41,"key":"BloodPotion"}],"is_trial":false,"path_per_floor":["M","?","M","M","M","R","M","E","T","R","E","M","?","M","R","B",null,"M","M","M","$","M","E","R","E","T","E","R","?","R","$","R","B",null,"M","M","M","M","?","E","M","R","T","E","$","?","E","M","R","B","B",null,"R","$","E","B",null],"character_chosen":"IRONCLAD","items_purchased":["Feed","Shrug It Off","Corruption","Battle Trance"],"campfire_rested":0,"item_purchase_floors":[21,21,31,45],"current_hp_per_floor":[84,84,89,89,89,89,73,71,71,71,51,55,53,58,58,32,75,80,64,80,80,68,60,60,86,86,101,101,101,101,101,101,101,101,104,87,110,119,119,88,90,90,90,128,128,128,121,137,137,124,143,143,143,143,149,39],"gold":67,"neow_bonus":"TWENTY_PERCENT_HP_BONUS","is_prod":false,"is_daily":false,"chose_seed":false,"campfire_upgraded":9,"win_rate":0,"timestamp":1570004920,"path_taken":["M","?","M","M","?","R","M","E","T","R","E","M","?","M","R","BOSS","M","M","M","$","M","E","R","E","T","E","R","?","R","$","R","BOSS","M","M","M","M","?","E","?","R","T","E","$","?","E","M","R","BOSS","BOSS","R","$","E","BOSS"],"build_version":"2019-10-01","purchased_purges":3,"victory":true,"max_hp_per_floor":[89,89,89,89,89,89,89,89,89,89,89,89,89,89,89,89,89,89,89,89,89,92,95,95,98,98,101,101,101,101,101,101,101,101,104,107,110,119,119,122,125,125,125,128,128,128,131,137,137,140,143,143,143,143,149,149],"card_choices":[{"not_picked":["Armaments","Pommel Strike"],"picked":"Headbutt","floor":1.0},{"not_picked":["Seeing Red","Havoc"],"picked":"Anger","floor":3.0},{"not_picked":["Clash","Flame Barrier"],"picked":"Battle Trance","floor":4.0},{"not_picked":["Blood for Blood","Flex"],"picked":"Cleave","floor":5.0},{"not_picked":["Dropkick","Clash"],"picked":"Flame Barrier","floor":7.0},{"not_picked":["Sword Boomerang","Pommel Strike"],"picked":"Spot Weakness","floor":8.0},{"not_picked":["Thunderclap","Heavy Blade"],"picked":"Reaper","floor":11.0},{"not_picked":["Perfected Strike","Rampage","Searing Blow"],"picked":"SKIP","floor":12.0},{"not_picked":["Body Slam","Warcry"],"picked":"Shockwave","floor":13.0},{"not_picked":["Shrug It Off","Burning Pact"],"picked":"Demon Form","floor":14.0},{"not_picked":["Demon Form","Fiend Fire"],"picked":"Impervious","floor":16.0},{"not_picked":["Headbutt","Warcry"],"picked":"Evolve","floor":18.0},{"not_picked":["Clash","Fire Breathing"],"picked":"True Grit+1","floor":19},{"not_picked":["Cleave","Second Wind"],"picked":"Warcry+1","floor":20},{"not_picked":["Spot Weakness","Shrug It Off"],"picked":"Heavy Blade","floor":22},{"not_picked":["Dropkick","Iron Wave"],"picked":"Exhume","floor":23},{"not_picked":["Carnage","Perfected Strike+1","Spot Weakness"],"picked":"SKIP","floor":25},{"not_picked":["Twin Strike","Intimidate+1"],"picked":"Uppercut","floor":27},{"not_picked":["Berserk","Double Tap"],"picked":"Exhume","floor":33},{"not_picked":["Metallicize+1","Inflame","Headbutt"],"picked":"SKIP","floor":35},{"not_picked":["Perfected Strike+1","Whirlwind+1","Wild Strike"],"picked":"SKIP","floor":36},{"not_picked":["Perfected Strike+1","Whirlwind+1","Wild Strike"],"picked":"SKIP","floor":36},{"not_picked":["Thunderclap","Corruption","Whirlwind"],"picked":"SKIP","floor":37},{"not_picked":["Pummel","Carnage+1","Clothesline"],"picked":"SKIP","floor":38},{"not_picked":["Warcry","Sword Boomerang","Barricade"],"picked":"SKIP","floor":40},{"not_picked":["Anger+1","Infernal Blade","True Grit"],"picked":"SKIP","floor":41},{"not_picked":["Thunderclap+1","Intimidate","Rage"],"picked":"SKIP","floor":44},{"not_picked":["Clash","Sever Soul"],"picked":"Reaper","floor":47},{"not_picked":["Ghostly Armor","Iron Wave"],"picked":"Shrug It Off","floor":48},{"not_picked":["Hemokinesis","Wild Strike","Body Slam"],"picked":"SKIP","floor":55}],"player_experience":896215,"relics_obtained":[{"floor":8.0,"key":"HornCleat"},{"floor":9.0,"key":"Incense Burner"},{"floor":11.0,"key":"Pocketwatch"},{"floor":13.0,"key":"Odd Mushroom"},{"floor":23,"key":"Kunai"},{"floor":25,"key":"Ornamental Fan"},{"floor":26,"key":"Sundial"},{"floor":27,"key":"Blood Vial"},{"floor":40,"key":"Regal Pillow"},{"floor":44,"key":"Toy Ornithopter"},{"floor":47,"key":"Unceasing Top"},{"floor":55,"key":"Bronze Scales"}],"event_choices":[{"cards_removed":["Strike_R"],"damage_healed":0.0,"max_hp_gain":0.0,"max_hp_loss":0.0,"gold_gain":0.0,"event_name":"Bonfire Elementals","player_choice":"Offered Basic","floor":2.0,"gold_loss":0.0,"damage_taken":0.0},{"damage_healed":0.0,"max_hp_gain":0.0,"max_hp_loss":0.0,"gold_gain":0.0,"event_name":"Mushrooms","player_choice":"Fought Mushrooms","floor":13.0,"gold_loss":0.0,"damage_taken":0.0},{"cards_removed":["Strike_R"],"damage_healed":0,"gold_gain":0,"player_choice":"Purged","damage_taken":0,"max_hp_gain":0,"max_hp_loss":0,"event_name":"Purifier","floor":29,"gold_loss":0},{"damage_healed":0,"gold_gain":0,"player_choice":"Gave Potion","damage_taken":0,"relics_obtained":["War Paint"],"max_hp_gain":0,"max_hp_loss":0,"event_name":"WeMeetAgain","floor":39,"gold_loss":0},{"damage_healed":0,"gold_gain":0,"player_choice":"Paid","damage_taken":0,"relics_obtained":["Red Mask"],"max_hp_gain":0,"max_hp_loss":0,"event_name":"Tomb of Lord Red Mask","floor":46,"gold_loss":64}],"is_beta":true,"boss_relics":[{"not_picked":["Calling Bell","Tiny House"],"picked":"Philosopher\u0027s Stone"},{"not_picked":["Runic Cube","Runic Dome"],"picked":"Coffee Dripper"}],"items_purged_floors":[21,31,45],"is_endless":false,"potions_floor_spawned":[1,4,7,12,14,19,20,23,25,27,35,38,41,44,48],"ascension_level":20}