{"gold_per_floor":[15,30,47,63,113,113,139,139,220,282,300,310,327,353,353,431,431,386,400,450,58,76,76,35,35,35,35,60,60,74,105,105,182,182,198,252,252,0,17,17,47,47,47,76,0,30,30,42,42,42,42,42,42,12,46,46],"floor_reached":56,"playtime":7555,"items_purged":["Strike_R","Strike_R"],"score":2086,"play_id":"562b3ad9-e27f-48a2-b179-c445b471e45d","local_time":"20190913194155","is_ascension_mode":true,"campfire_choices":[{"data":"Bash","floor":6,"key":"SMITH"},{"floor":8,"key":"REST"},{"floor":15,"key":"REST"},{"data":"Combust","floor":23,"key":"SMITH"},{"floor":25,"key":"REST"},{"data":"Rupture","floor":29,"key":"SMITH"},{"floor":32,"key":"REST"},{"data":"Clothesline","floor":40,"key":"SMITH"},{"data":"Heavy Blade","floor":42,"key":"SMITH"},{"floor":49,"key":"RECALL"},{"floor":53,"key":"REST"}],"neow_cost":"NO_GOLD","seed_source_timestamp":1406420679600,"circlet_count":0,"master_deck":["AscendersBane","Strike_R","Strike_R","Strike_R","Defend_R","Defend_R","Defend_R","Defend_R","Bash+1","Wild Strike","Headbutt","Combust+1","Feed","Clothesline+1","Rupture+1","Impervious+1","True Grit+1","Apotheosis+1","Dark Shackles+1","Second Wind+1","Flame Barrier+1","True Grit+1","Feel No Pain+1","Limit Break+1","CurseOfTheBell","Evolve+1","Shockwave+1","Heavy Blade+1","Burning Pact+1","Shockwave+1","True Grit+1","Shrug It Off+1","Dual Wield+1"],"relics":["Burning Blood","WingedGreaves","Pocketwatch","HornCleat","Tiny Chest","Toxic Egg 2","Philosopher\u0027s Stone","Frozen Egg 2","Letter Opener","Bronze Scales","Calling Bell","Ancient Tea Set","Eternal Feather","Incense Burner","Ginger","CaptainsWheel","Pantograph","Red Mask","Gremlin Horn","Ice Cream"],"potions_floor_usage":[7,16,16,19,33,33,44,56,56],"damage_taken":[{"damage":2,"enemies":"Cultist","floor":1,"turns":4},{"damage":10,"enemies":"2 Louse","floor":2,"turns":4},{"damage":9,"enemies":"Jaw Worm","floor":3,"turns":3},{"damage":18,"enemies":"Exordium Thugs","floor":4,"turns":3},{"damage":45,"enemies":"Lagavulin","floor":7,"turns":6},{"damage":2,"enemies":"Gremlin Nob","floor":10,"turns":3},{"damage":11,"enemies":"Looter","floor":11,"turns":4},{"damage":9,"enemies":"2 Fungi Beasts","floor":12,"turns":3},{"damage":21,"enemies":"Large Slime","floor":13,"turns":5},{"damage":17,"enemies":"3 Sentries","floor":14,"turns":5},{"damage":29,"enemies":"Slime Boss","floor":16,"turns":7},{"damage":11,"enemies":"2 Thieves","floor":18,"turns":5},{"damage":22,"enemies":"Spheric Guardian","floor":19,"turns":4},{"damage":13,"enemies":"Centurion and Healer","floor":22,"turns":6},{"damage":17,"enemies":"Gremlin Leader","floor":28,"turns":9},{"damage":15,"enemies":"Shelled Parasite and Fungi","floor":30,"turns":7},{"damage":55,"enemies":"Book of Stabbing","floor":31,"turns":6},{"damage":81,"enemies":"Collector","floor":33,"turns":10},{"damage":9,"enemies":"3 Darklings","floor":35,"turns":7},{"damage":69,"enemies":"2 Orb Walkers","floor":36,"turns":6},{"damage":16,"enemies":"Orb Walker","floor":39,"turns":6},{"damage":46,"enemies":"Nemesis","floor":41,"turns":11},{"damage":48,"enemies":"Reptomancer","floor":44,"turns":8},{"damage":13,"enemies":"Nemesis","floor":46,"turns":11},{"damage":4,"enemies":"Maw","floor":48,"turns":8},{"damage":49,"enemies":"Donu and Deca","floor":50,"turns":13},{"damage":44,"enemies":"Time Eater","floor":51,"turns":15},{"damage":110,"enemies":"Shield and Spear","floor":55,"turns":11},{"damage":58,"enemies":"The Heart","floor":56,"turns":8}],"seed_played":"1994244982181918747","potions_obtained":[{"floor":3,"key":"Poison Potion"},{"floor":7,"key":"EssenceOfSteel"},{"floor":14,"key":"EntropicBrew"},{"floor":16,"key":"Fire Potion"},{"floor":18,"key":"Regen Potion"},{"floor":28,"key":"Regen Potion"},{"floor":33,"key":"Explosive Potion"},{"floor":44,"key":"Regen Potion"}],"is_trial":false,"path_per_floor":["M","M","M","M","?","R","E","R","T","E","M","M","M","E","R","B",null,"M","M","?","$","M","R","$","R","T","?","E","R","M","E","R","B",null,"M","?","?","$","M","R","E","R","T","E","?","E","?","M","R","B","B",null,"R","$","E","B"],"character_chosen":"IRONCLAD","items_purchased":["Apotheosis+1","Dark Shackles+1","Flame Barrier+1","Shockwave+1","LiquidBronze","Shrug It Off+1"],"campfire_rested":5,"item_purchase_floors":[21,21,24,38,38,54],"current_hp_per_floor":[72,68,65,53,53,53,14,36,36,40,38,38,26,18,44,24,74,72,59,59,59,56,56,56,86,86,86,79,79,74,29,62,45,98,95,36,98,98,92,102,66,81,81,39,39,36,36,42,60,46,37,101,122,122,18,0],"gold":46,"neow_bonus":"ONE_RARE_RELIC","is_prod":false,"is_daily":false,"chose_seed":false,"campfire_upgraded":5,"win_rate":0,"timestamp":1568371315,"path_taken":["M","M","?","M","?","R","E","R","T","E","M","?","M","E","R","BOSS","M","M","?","$","M","R","?","R","T","?","E","R","M","E","R","BOSS","M","?","?","$","M","R","E","R","T","E","?","E","?","M","R","BOSS","BOSS","R","$","E","BOSS"],"build_version":"2019-09-12","purchased_purges":2,"victory":false,"max_hp_per_floor":[75,75,75,75,75,75,75,75,75,75,78,81,84,87,87,90,90,93,96,96,96,100,100,100,100,100,100,104,104,108,112,112,116,116,116,120,98,98,102,102,106,106,106,106,106,110,110,114,114,118,122,122,122,122,122,122],"card_choices":[{"not_picked":["Body Slam","Havoc"],"picked":"Wild Strike","floor":1},{"not_picked":["Infernal Blade","Warcry"],"picked":"Headbutt","floor":2},{"not_picked":["Headbutt","Perfected Strike"],"picked":"Combust","floor":3},{"not_picked":["Pommel Strike","Flex"],"picked":"Cleave","floor":4},{"not_picked":["Perfected Strike","Armaments"],"picked":"Feed","floor":7},{"not_picked":["Combust","Warcry","Iron Wave"],"picked":"SKIP","floor":10},{"not_picked":["Clash","Body Slam"],"picked":"Clothesline","floor":11},{"not_picked":["Flex","Warcry","Havoc"],"picked":"SKIP","floor":12},{"not_picked":["Dropkick","Anger","Rampage"],"picked":"SKIP","floor":13},{"not_picked":["Pommel Strike","Impervious"],"picked":"Rupture","floor":14},{"not_picked":["Dark Embrace","Feed"],"picked":"Impervious+1","floor":16},{"not_picked":["Pummel","Havoc+1"],"picked":"True Grit+1","floor":18},{"not_picked":["Twin Strike","Bloodletting+1","Headbutt"],"picked":"SKIP","floor":19},{"not_picked":["Clothesline+1","Reckless Charge+1"],"picked":"Second Wind+1","floor":22},{"not_picked":["Anger","Flex+1"],"picked":"True Grit+1","floor":28},{"not_picked":["Berserk+1","Thunderclap","Body Slam"],"picked":"SKIP","floor":30},{"not_picked":["Infernal Blade+1","Bloodletting+1"],"picked":"Feel No Pain+1","floor":31},{"not_picked":["Fiend Fire","Exhume+1"],"picked":"Limit Break+1","floor":33},{"not_picked":["Wild Strike","Sword Boomerang"],"picked":"Evolve+1","floor":35},{"not_picked":["Headbutt+1","Berserk+1","Armaments+1"],"picked":"SKIP","floor":39},{"not_picked":["Power Through+1","Clothesline"],"picked":"Heavy Blade","floor":41},{"not_picked":["Body Slam","Clothesline"],"picked":"Burning Pact+1","floor":44},{"not_picked":["Ghostly Armor+1","Pummel"],"picked":"Shockwave+1","floor":46},{"not_picked":["Body Slam+1","Pommel Strike+1"],"picked":"True Grit+1","floor":48},{"not_picked":["Body Slam","Pommel Strike"],"picked":"Dual Wield+1","floor":55}],"player_experience":700581,"relics_obtained":[{"floor":7,"key":"Pocketwatch"},{"floor":9,"key":"HornCleat"},{"floor":10,"key":"Tiny Chest"},{"floor":14,"key":"Toxic Egg 2"},{"floor":26,"key":"Frozen Egg 2"},{"floor":28,"key":"Letter Opener"},{"floor":31,"key":"Bronze Scales"},{"floor":34,"key":"Ancient Tea Set"},{"floor":34,"key":"Eternal Feather"},{"floor":34,"key":"Incense Burner"},{"floor":36,"key":"Ginger"},{"floor":41,"key":"CaptainsWheel"},{"floor":44,"key":"Pantograph"},{"floor":46,"key":"Gremlin Horn"},{"floor":55,"key":"Ice Cream"}],"event_choices":[{"damage_healed":0,"gold_gain":50,"player_choice":"Pray","damage_taken":0,"max_hp_gain":0,"max_hp_loss":0,"event_name":"Golden Shrine","floor":5,"gold_loss":0},{"damage_healed":0,"gold_gain":50,"player_choice":"Pray","damage_taken":0,"max_hp_gain":0,"max_hp_loss":0,"event_name":"Golden Shrine","floor":20,"gold_loss":0},{"damage_healed":0,"gold_gain":0,"player_choice":"Ignored","damage_taken":0,"max_hp_gain":0,"max_hp_loss":0,"event_name":"Ghosts","floor":27,"gold_loss":0},{"damage_healed":0,"gold_gain":0,"player_choice":"Fight","damage_taken":0,"max_hp_gain":0,"max_hp_loss":0,"event_name":"Mysterious Sphere","floor":36,"gold_loss":0},{"damage_healed":98,"gold_gain":0,"player_choice":"Heal","damage_taken":0,"max_hp_gain":0,"max_hp_loss":22,"event_name":"The Moai Head","floor":37,"gold_loss":0},{"damage_healed":0,"gold_gain":0,"player_choice":"Paid","damage_taken":0,"relics_obtained":["Red Mask"],"max_hp_gain":0,"max_hp_loss":0,"event_name":"Tomb of Lord Red Mask","floor":45,"gold_loss":76},{"cards_removed":["Cleave"],"damage_healed":0,"gold_gain":0,"player_choice":"Removed Attack","damage_taken":0,"max_hp_gain":0,"max_hp_loss":0,"event_name":"Falling","floor":47,"gold_loss":0}],"is_beta":true,"boss_relics":[{"not_picked":["Coffee Dripper","SacredBark"],"picked":"Philosopher\u0027s Stone"},{"not_picked":["Black Blood","Runic Dome"],"picked":"Calling Bell"}],"items_purged_floors":[21,38],"is_endless":false,"potions_floor_spawned":[3,7,14,16,18,28,33,44,48],"killed_by":"The Heart","ascension_level":20}