{"gold_per_floor":[11,11,27,43,59,59,59,88,88,98,98,113,113,139,139,213,213,227,227,227,13,31,31,84,84,84,111,74,86,113,388,388,388],"floor_reached":33,"playtime":1740,"items_purged":[],"score":586,"play_id":"66a6b459-00cf-47f2-a962-eed99a598b40","local_time":"20190915191344","is_ascension_mode":true,"campfire_choices":[{"data":"Uppercut","floor":6,"key":"SMITH"},{"data":"Inflame","floor":11,"key":"SMITH"},{"data":"Burning Pact","floor":13,"key":"SMITH"},{"data":"Demon Form","floor":15,"key":"SMITH"},{"data":"Fire Breathing","floor":23,"key":"SMITH"},{"data":"Fiend Fire","floor":25,"key":"SMITH"},{"floor":32,"key":"REST"}],"neow_cost":"NO_GOLD","seed_source_timestamp":155017776586500,"circlet_count":0,"master_deck":["AscendersBane","Strike_R","Strike_R","Strike_R","Defend_R","Defend_R","Defend_R","Defend_R","Bash+1","Iron Wave","Immolate+1","Feel No Pain","Fire Breathing+1","Uppercut+1","Shrug It Off","Inflame+1","Burning Pact+1","Demon Form+1","Fiend Fire+1","Reckless Charge","Shrug It Off+1","True Grit+1","Heavy Blade","Entrench+1","Shrug It Off+1","Regret"],"relics":["Burning Blood","Bag of Marbles","Kunai","Toxic Egg 2","Mark of Pain","Bronze Scales","Pen Nib","TungstenRod","Dodecahedron","Blue Candle"],"potions_floor_usage":[22,27],"damage_taken":[{"damage":7,"enemies":"Jaw Worm","floor":1,"turns":2},{"damage":0,"enemies":"Cultist","floor":3,"turns":2},{"damage":0,"enemies":"2 Louse","floor":4,"turns":1},{"damage":0,"enemies":"Lots of Slimes","floor":5,"turns":1},{"damage":17,"enemies":"Lagavulin","floor":8,"turns":6},{"damage":21,"enemies":"Large Slime","floor":10,"turns":4},{"damage":1,"enemies":"Blue Slaver","floor":12,"turns":2},{"damage":12,"enemies":"3 Sentries","floor":14,"turns":4},{"damage":34,"enemies":"The Guardian","floor":16,"turns":9},{"damage":42,"enemies":"Shell Parasite","floor":18,"turns":6},{"damage":0,"enemies":"3 Byrds","floor":22,"turns":2},{"damage":30,"enemies":"Slavers","floor":27,"turns":3},{"damage":10,"enemies":"Centurion and Healer","floor":29,"turns":5},{"damage":5,"enemies":"Gremlin Leader","floor":30,"turns":4},{"damage":49,"enemies":"Collector","floor":33,"turns":3}],"seed_played":"2990253086104472632","potions_obtained":[{"floor":1,"key":"Regen Potion"},{"floor":4,"key":"FearPotion"},{"floor":22,"key":"GamblersBrew"},{"floor":30,"key":"Energy Potion"}],"is_trial":false,"path_per_floor":["M","?","M","M","M","R","?","E","T","M","R","M","R","E","R","B",null,"M","?","?","$","M","R","T","R","T","E","$","M","E","?","R","B"],"character_chosen":"IRONCLAD","items_purchased":["Bronze Scales","Shrug It Off+1","Entrench+1"],"campfire_rested":1,"item_purchase_floors":[21,21,28],"current_hp_per_floor":[67,67,73,75,75,75,75,64,64,49,49,54,54,48,48,20,61,25,25,25,25,40,40,40,40,40,16,16,12,13,13,35,0],"gold":388,"neow_bonus":"TRANSFORM_TWO_CARDS","is_prod":false,"is_daily":false,"chose_seed":false,"campfire_upgraded":6,"win_rate":0,"timestamp":1568542424,"path_taken":["M","?","M","M","?","R","?","E","T","?","R","M","R","E","R","BOSS","M","?","?","$","M","R","?","R","T","E","?","M","E","?","R","BOSS"],"build_version":"2019-09-12","purchased_purges":0,"victory":false,"max_hp_per_floor":[75,75,75,75,75,75,75,75,75,75,75,75,75,75,75,75,75,75,75,75,75,75,75,75,75,75,75,75,75,75,75,75,75],"card_choices":[{"not_picked":["Wild Strike","Clothesline"],"picked":"Feel No Pain","floor":1},{"not_picked":["Cleave","Combust"],"picked":"Fire Breathing","floor":3},{"not_picked":["Rage","Power Through"],"picked":"Uppercut","floor":4},{"not_picked":["Warcry","Rampage"],"picked":"Shrug It Off","floor":5},{"not_picked":["Armaments","Rupture"],"picked":"Inflame","floor":8},{"not_picked":["Havoc","Flex","Heavy Blade"],"picked":"SKIP","floor":10},{"not_picked":["Inflame","Dark Embrace"],"picked":"Burning Pact","floor":12},{"not_picked":["Reaper","Infernal Blade"],"picked":"Demon Form","floor":14},{"not_picked":["Dark Embrace","Limit Break+1"],"picked":"Fiend Fire","floor":16},{"not_picked":["Sever Soul","Clash"],"picked":"Reckless Charge","floor":18},{"not_picked":["Rage+1","Intimidate+1"],"picked":"True Grit+1","floor":22},{"not_picked":["Armaments+1","Juggernaut"],"picked":"Heavy Blade","floor":27},{"not_picked":["Pommel Strike","Cleave"],"picked":"Shrug It Off+1","floor":29},{"not_picked":["Cleave","Clothesline","Body Slam"],"picked":"SKIP","floor":30}],"player_experience":747615,"relics_obtained":[{"floor":8,"key":"Bag of Marbles"},{"floor":9,"key":"Kunai"},{"floor":14,"key":"Toxic Egg 2"},{"floor":24,"key":"Pen Nib"},{"floor":26,"key":"TungstenRod"},{"floor":27,"key":"Dodecahedron"},{"floor":30,"key":"Blue Candle"}],"event_choices":[{"damage_healed":0,"gold_gain":0,"player_choice":"Forge","damage_taken":0,"max_hp_gain":0,"max_hp_loss":0,"event_name":"Accursed Blacksmith","floor":2,"gold_loss":0,"cards_upgraded":["Immolate"]},{"damage_healed":0,"gold_gain":0,"player_choice":"Upgraded","damage_taken":0,"max_hp_gain":0,"max_hp_loss":0,"event_name":"Upgrade Shrine","floor":7,"gold_loss":0,"cards_upgraded":["Bash"]},{"damage_healed":0,"gold_gain":0,"player_choice":"Ignored","damage_taken":0,"max_hp_gain":0,"max_hp_loss":0,"event_name":"Vampires","floor":19,"gold_loss":0},{"damage_healed":0,"gold_gain":275,"player_choice":"Desecrate","damage_taken":0,"max_hp_gain":0,"max_hp_loss":0,"event_name":"Golden Shrine","floor":31,"gold_loss":0,"cards_obtained":["Regret"]}],"is_beta":true,"boss_relics":[{"not_picked":["Ectoplasm","Empty Cage"],"picked":"Mark of Pain"}],"items_purged_floors":[],"is_endless":false,"potions_floor_spawned":[1,4,12,16,18,22,30],"killed_by":"Collector","ascension_level":20}