{"gold_per_floor":[10,10,10,25,38,38,66,66,91,116,116,128,128,146,146,222,222,239,255,266,286,303,303,330,330,378,406,423,433,34,34],"floor_reached":31,"playtime":2442,"items_purged":["Strike_R"],"score":506,"play_id":"031290d6-4c3b-4289-95d9-4a1552d68888","local_time":"20190831215527","is_ascension_mode":true,"campfire_choices":[{"data":"Bludgeon","floor":6,"key":"SMITH"},{"data":"Carnage","floor":8,"key":"SMITH"},{"data":"Whirlwind","floor":11,"key":"SMITH"},{"data":"Battle Trance","floor":15,"key":"SMITH"},{"floor":23,"key":"REST"},{"data":"Berserk","floor":25,"key":"SMITH"}],"neow_cost":"NO_GOLD","seed_source_timestamp":196961590373300,"circlet_count":0,"master_deck":["AscendersBane","Strike_R","Strike_R","Strike_R","Strike_R","Defend_R","Defend_R","Defend_R","Bash","Forethought","Trip+1","Battle Trance+1","Carnage+1","Bludgeon+1","Iron Wave","Whirlwind+1","Entrench","Berserk+1","Shrug It Off+1","Spot Weakness","Clothesline","Shrug It Off","Bandage Up","Armaments","Corruption"],"relics":["Burning Blood","Regal Pillow","Potion Belt","Kunai","FaceOfCleric","Mark of Pain","Gambling Chip","Blood Vial","Orichalcum","Lantern"],"potions_floor_usage":[21,21,22,22],"damage_taken":[{"damage":2,"enemies":"2 Louse","floor":1,"turns":3},{"damage":5,"enemies":"Small Slimes","floor":4,"turns":3},{"damage":1,"enemies":"Cultist","floor":5,"turns":3},{"damage":8,"enemies":"Gremlin Nob","floor":7,"turns":3},{"damage":20,"enemies":"3 Sentries","floor":10,"turns":6},{"damage":0,"enemies":"Gremlin Gang","floor":12,"turns":1},{"damage":1,"enemies":"3 Louse","floor":14,"turns":2},{"damage":31,"enemies":"Slime Boss","floor":16,"turns":7},{"damage":25,"enemies":"Shell Parasite","floor":18,"turns":4},{"damage":1,"enemies":"Chosen","floor":19,"turns":3},{"damage":22,"enemies":"Sentry and Sphere","floor":20,"turns":4},{"damage":13,"enemies":"Snake Plant","floor":21,"turns":2},{"damage":15,"enemies":"Shelled Parasite and Fungi","floor":22,"turns":5},{"damage":9,"enemies":"Gremlin Leader","floor":24,"turns":4},{"damage":47,"enemies":"Slavers","floor":27,"turns":4},{"damage":15,"enemies":"3 Cultists","floor":28,"turns":5},{"damage":20,"enemies":"Snake Plant","floor":29,"turns":4},{"damage":18,"enemies":"Centurion and Healer","floor":31,"turns":4}],"seed_played":"8175703125599965375","potions_obtained":[{"floor":1,"key":"FearPotion"},{"floor":7,"key":"Weak Potion"},{"floor":12,"key":"Weak Potion"},{"floor":18,"key":"SteroidPotion"},{"floor":21,"key":"Dexterity Potion"},{"floor":27,"key":"LiquidBronze"},{"floor":28,"key":"LiquidBronze"}],"is_trial":false,"path_per_floor":["M","?","?","M","M","R","E","R","T","E","R","M","?","M","R","B",null,"M","M","M","M","M","R","E","R","T","E","M","M","$","M"],"character_chosen":"IRONCLAD","items_purchased":["Bandage Up","Armaments","Lantern","Corruption"],"campfire_rested":1,"item_purchase_floors":[30,30,30,30],"current_hp_per_floor":[72,72,65,66,71,71,69,69,69,55,55,61,61,67,67,43,69,51,57,42,36,28,67,65,65,65,27,21,10,10,0],"gold":34,"neow_bonus":"RANDOM_COLORLESS_2","is_prod":false,"is_daily":false,"chose_seed":false,"campfire_upgraded":5,"win_rate":0,"timestamp":1567256127,"path_taken":["M","?","?","M","M","R","E","R","T","E","R","M","?","?","R","BOSS","M","M","M","M","?","R","E","R","T","E","M","M","$","M"],"build_version":"2019-07-17","purchased_purges":1,"victory":false,"max_hp_per_floor":[75,75,75,75,75,75,75,75,75,75,75,75,75,76,76,77,77,78,79,80,81,82,82,83,83,83,84,85,86,86,86],"card_choices":[{"not_picked":["Havoc","Sword Boomerang"],"picked":"Battle Trance","floor":1},{"not_picked":["Sever Soul","Thunderclap"],"picked":"Carnage","floor":4},{"not_picked":["Entrench","Blood for Blood"],"picked":"Bludgeon","floor":5},{"not_picked":["Hemokinesis","Anger"],"picked":"Iron Wave","floor":7},{"not_picked":["Metallicize","Perfected Strike"],"picked":"Whirlwind","floor":10},{"not_picked":["Twin Strike","Rupture"],"picked":"Entrench","floor":12},{"not_picked":["Clothesline","Blood for Blood","Searing Blow"],"picked":"SKIP","floor":14},{"not_picked":["Bludgeon","Juggernaut"],"picked":"Berserk","floor":16},{"not_picked":["Battle Trance","Infernal Blade"],"picked":"Shrug It Off+1","floor":18},{"not_picked":["Heavy Blade","Iron Wave"],"picked":"Spot Weakness","floor":19},{"not_picked":["Bludgeon","Cleave","Rampage"],"picked":"SKIP","floor":20},{"not_picked":["Warcry","Body Slam","Thunderclap"],"picked":"SKIP","floor":21},{"not_picked":["Pummel","Twin Strike","Feel No Pain"],"picked":"SKIP","floor":22},{"not_picked":["Clash","Entrench","Immolate"],"picked":"SKIP","floor":24},{"not_picked":["Clash","Anger","Spot Weakness"],"picked":"SKIP","floor":27},{"not_picked":["Body Slam","Perfected Strike"],"picked":"Clothesline","floor":28},{"not_picked":["True Grit","Spot Weakness"],"picked":"Shrug It Off","floor":29}],"player_experience":525587,"relics_obtained":[{"floor":7,"key":"Regal Pillow"},{"floor":9,"key":"Potion Belt"},{"floor":10,"key":"Kunai"},{"floor":24,"key":"Gambling Chip"},{"floor":26,"key":"Blood Vial"},{"floor":27,"key":"Orichalcum"}],"event_choices":[{"damage_healed":0,"gold_gain":0,"player_choice":"Grow","damage_taken":0,"max_hp_gain":0,"max_hp_loss":0,"event_name":"Living Wall","floor":2,"gold_loss":0,"cards_upgraded":["Trip"]},{"cards_removed":["Defend_R"],"damage_healed":0,"gold_gain":0,"player_choice":"Card Removal","damage_taken":7,"max_hp_gain":0,"max_hp_loss":0,"event_name":"Golden Wing","floor":3,"gold_loss":0},{"damage_healed":0,"gold_gain":0,"player_choice":"Trade","damage_taken":0,"relics_obtained":["FaceOfCleric"],"max_hp_gain":0,"max_hp_loss":0,"event_name":"FaceTrader","floor":13,"gold_loss":0}],"is_beta":false,"boss_relics":[{"not_picked":["Black Blood","Lizard Tail"],"picked":"Mark of Pain"}],"items_purged_floors":[30],"is_endless":false,"potions_floor_spawned":[1,7,12,18,20,21,27,28],"killed_by":"Centurion and Healer","ascension_level":15}