{"gold_per_floor":[118,45,55,55,55,94,94,137,137,62,62,83,83,107,107,236,236,255,255,273,298,398,436,436,452,452,471,486,486,411,438,438,438],"floor_reached":33,"playtime":1678,"items_purged":["Headbutt"],"score":275,"play_id":"b29a189c-6526-48a7-8e51-f60eaf3f46ba","local_time":"20190310131525","is_ascension_mode":false,"campfire_choices":[{"floor":7.0,"key":"REST"},{"data":"Perfected Strike","floor":11.0,"key":"SMITH"},{"floor":13.0,"key":"REST"},{"floor":15.0,"key":"REST"},{"data":"Perfected Strike","floor":24.0,"key":"SMITH"},{"floor":29.0,"key":"REST"},{"floor":32.0,"key":"REST"}],"neow_cost":"NONE","seed_source_timestamp":0,"circlet_count":0,"master_deck":["Strike_R","Strike_R","Strike_R","Strike_R","Strike_R","Defend_R","Defend_R","Defend_R","Defend_R","Bash","Pommel Strike","Whirlwind","Limit Break","Perfected Strike+1","Spot Weakness","Clothesline","Flex","True Grit","Double Tap","Corruption+1","Perfected Strike+1","Pommel Strike","Shockwave+1"],"special_seed":0,"relics":["Burning Blood","Dream Catcher","Golden Idol","FaceOfCleric","Ice Cream","Paper Frog","Ornamental Fan","Mark of Pain","Red Skull","Charon\u0027s Ashes","Bottled Flame","Strawberry"],"potions_floor_usage":[33],"damage_taken":[{"damage":8.0,"enemies":"2 Louse","floor":1.0,"turns":2.0},{"damage":6.0,"enemies":"Jaw Worm","floor":3.0,"turns":5.0},{"damage":50.0,"enemies":"Lagavulin","floor":6.0,"turns":7.0},{"damage":36.0,"enemies":"3 Sentries","floor":8.0,"turns":6.0},{"damage":6.0,"enemies":"Cultist","floor":12.0,"turns":3.0},{"damage":26.0,"enemies":"Exordium Thugs","floor":14.0,"turns":4.0},{"damage":51.0,"enemies":"The Guardian","floor":16.0,"turns":11.0},{"damage":23.0,"enemies":"3 Byrds","floor":18.0,"turns":4.0},{"damage":0.0,"enemies":"Spheric Guardian","floor":20.0,"turns":1.0},{"damage":19.0,"enemies":"Shelled Parasite and Fungi","floor":21.0,"turns":5.0},{"damage":27.0,"enemies":"Gremlin Leader","floor":23.0,"turns":3.0},{"damage":10.0,"enemies":"Chosen and Byrds","floor":25.0,"turns":2.0},{"damage":21.0,"enemies":"Sentry and Sphere","floor":27.0,"turns":4.0},{"damage":0.0,"enemies":"Snecko","floor":28.0,"turns":2.0},{"damage":88,"enemies":"Automaton","floor":33,"turns":6}],"seed_played":"6167421933225940254","potions_obtained":[{"floor":6.0,"key":"Weak Potion"},{"floor":14.0,"key":"Block Potion"},{"floor":16.0,"key":"Weak Potion"},{"floor":18.0,"key":"BloodPotion"},{"floor":20.0,"key":"AttackPotion"},{"floor":21.0,"key":"Explosive Potion"},{"floor":25.0,"key":"PowerPotion"},{"floor":28.0,"key":"Ancient Potion"}],"is_trial":false,"path_per_floor":["M","$","M","?","?","E","R","E","T","$","R","M","R","M","R","B",null,"M","T","M","M","?","E","R","M","T","M","M","R","?","T","R","B"],"character_chosen":"IRONCLAD","items_purchased":["Whirlwind"],"campfire_rested":5,"item_purchase_floors":[2],"current_hp_per_floor":[78,78,78,74,74,31,53,24,24,24,24,25,48,29,52,8,79,63,63,70,58,58,38,38,35,35,21,28,53,53,60,87,0],"gold":438,"neow_bonus":"RANDOM_COMMON_RELIC","is_prod":false,"is_daily":false,"chose_seed":false,"campfire_upgraded":2,"win_rate":0.0,"timestamp":1552238125,"path_taken":["M","$","M","?","?","E","R","E","T","$","R","M","R","M","R","BOSS","M","?","M","?","?","E","R","?","T","M","M","R","?","?","R","BOSS"],"build_version":"2019-01-23","purchased_purges":1,"victory":false,"max_hp_per_floor":[80,80,80,74,74,75,75,76,76,76,76,77,77,78,78,79,79,80,80,81,82,82,83,83,84,84,85,86,86,86,93,93,93],"card_choices":[{"not_picked":["Clash","Pummel"],"picked":"Pommel Strike","floor":1.0},{"not_picked":["Sword Boomerang","Body Slam"],"picked":"Headbutt","floor":3.0},{"not_picked":["Shrug It Off","Sever Soul"],"picked":"Limit Break","floor":6.0},{"not_picked":["Bloodletting","Pummel"],"picked":"Combust","floor":7.0},{"not_picked":["Pommel Strike","Warcry"],"picked":"Perfected Strike","floor":8.0},{"not_picked":["Thunderclap","Warcry"],"picked":"Spot Weakness","floor":12.0},{"not_picked":["Clash","Armaments"],"picked":"Clothesline","floor":13.0},{"not_picked":["Dark Embrace","Twin Strike"],"picked":"Flex","floor":14.0},{"not_picked":["Clothesline","Shrug It Off"],"picked":"True Grit","floor":15.0},{"not_picked":["Bludgeon","Offering"],"picked":"Double Tap","floor":16.0},{"not_picked":["Carnage","Warcry"],"picked":"Corruption+1","floor":18.0},{"not_picked":["Anger","Pommel Strike"],"picked":"Perfected Strike","floor":20.0},{"not_picked":["Anger","Thunderclap"],"picked":"Pommel Strike","floor":21.0},{"not_picked":["Body Slam","Sword Boomerang","Cleave"],"picked":"SKIP","floor":23.0},{"not_picked":["Berserk","Whirlwind+1"],"picked":"Shockwave+1","floor":25.0},{"not_picked":["Clothesline+1","Pummel+1","Iron Wave"],"picked":"SKIP","floor":27.0},{"not_picked":["Intimidate","Clash","Heavy Blade"],"picked":"SKIP","floor":28.0}],"player_experience":7768,"relics_obtained":[{"floor":6.0,"key":"Ice Cream"},{"floor":8.0,"key":"Paper Frog"},{"floor":9.0,"key":"Ornamental Fan"},{"floor":19.0,"key":"Red Skull"},{"floor":23.0,"key":"Charon\u0027s Ashes"},{"floor":26.0,"key":"Bottled Flame"},{"floor":31.0,"key":"Strawberry"}],"event_choices":[{"damage_healed":0.0,"max_hp_gain":0.0,"max_hp_loss":6.0,"gold_gain":0.0,"event_name":"Golden Idol","player_choice":"Lose Max HP","floor":4.0,"gold_loss":0.0,"damage_taken":0.0,"relics_obtained":["Golden Idol"]},{"damage_healed":0.0,"max_hp_gain":0.0,"max_hp_loss":0.0,"gold_gain":0.0,"event_name":"FaceTrader","player_choice":"Trade","floor":5.0,"gold_loss":0.0,"damage_taken":0.0,"relics_obtained":["FaceOfCleric"]},{"damage_healed":0.0,"max_hp_gain":0.0,"max_hp_loss":0.0,"gold_gain":100.0,"event_name":"Golden Shrine","player_choice":"Pray","floor":22.0,"gold_loss":0.0,"damage_taken":0.0},{"cards_removed":["Combust"],"damage_healed":0.0,"max_hp_gain":0.0,"max_hp_loss":0.0,"gold_gain":0.0,"event_name":"Beggar","player_choice":"Gave Gold","floor":30.0,"gold_loss":75.0,"damage_taken":0.0}],"is_beta":false,"boss_relics":[{"not_picked":["Tiny House","Astrolabe"],"picked":"Mark of Pain"}],"items_purged_floors":[10],"is_endless":false,"potions_floor_spawned":[6,14,16,18,20,21,25,28],"killed_by":"Automaton","ascension_level":0}