{"gold_per_floor":[114,40,115,115,65,96,96,12,67,67,86,141,151,161,161,261,261,277,296,296,221,231,265,281,307,363,397,397,432,382,382],"floor_reached":31,"playtime":1374,"items_purged":["Strike_G","Strike_G"],"score":327,"play_id":"a7f33eb0-df6c-4308-a526-6c023ca66ed2","local_time":"20190826145851","is_ascension_mode":true,"campfire_choices":[{"data":"All Out Attack","floor":7,"key":"SMITH"},{"floor":10,"key":"REST"},{"data":"Neutralize","floor":15,"key":"SMITH"},{"floor":28,"key":"REST"}],"neow_cost":"NONE","seed_source_timestamp":2255188108062620,"circlet_count":0,"master_deck":["Defend_G","Defend_G","Defend_G","Defend_G","Survivor","Neutralize+1","Endless Agony","All Out Attack+1","Underhanded Strike","Flash of Steel","Backflip","Dagger Throw","A Thousand Cuts","Concentrate+1","Blade Dance+1","Reflex+1","Cloak And Dagger+1","Cloak And Dagger+1","Reflex"],"relics":["Ring of the Serpent","Boot","Vajra","Matryoshka","Bird Faced Urn","Pear","Tiny Chest","Lantern","Smiling Mask","Pen Nib"],"potions_floor_usage":[25,27],"damage_taken":[{"damage":3,"enemies":"Jaw Worm","floor":1,"turns":5},{"damage":32,"enemies":"Lagavulin","floor":6,"turns":9},{"damage":0,"enemies":"2 Louse","floor":11,"turns":2},{"damage":4,"enemies":"Gremlin Nob","floor":12,"turns":3},{"damage":0,"enemies":"Small Slimes","floor":13,"turns":2},{"damage":0,"enemies":"Blue Slaver","floor":14,"turns":3},{"damage":22,"enemies":"The Guardian","floor":16,"turns":13},{"damage":8,"enemies":"Spheric Guardian","floor":18,"turns":4},{"damage":4,"enemies":"Shell Parasite","floor":19,"turns":4},{"damage":0,"enemies":"Cultist and Chosen","floor":22,"turns":4},{"damage":34,"enemies":"Gremlin Leader","floor":23,"turns":6},{"damage":9,"enemies":"Centurion and Healer","floor":24,"turns":5},{"damage":5,"enemies":"Book of Stabbing","floor":25,"turns":5},{"damage":21,"enemies":"Slavers","floor":27,"turns":4},{"damage":41,"enemies":"Gremlin Leader","floor":29,"turns":7},{"damage":6,"enemies":"Snake Plant","floor":31,"turns":2}],"seed_played":"-7328289900192910260","potions_obtained":[{"floor":6,"key":"Block Potion"},{"floor":14,"key":"SneckoOil"},{"floor":16,"key":"SpeedPotion"},{"floor":24,"key":"Regen Potion"},{"floor":25,"key":"LiquidBronze"}],"is_trial":false,"path_per_floor":["M","$","?","?","?","E","R","$","T","R","M","?","M","M","R","B",null,"M","M","?","$","M","E","M","E","T","E","R","E","$","M"],"character_chosen":"THE_SILENT","items_purchased":["All Out Attack","Flash of Steel"],"campfire_rested":2,"item_purchase_floors":[2,8],"current_hp_per_floor":[67,67,56,49,49,17,17,17,17,38,38,34,34,34,34,12,70,62,58,58,58,58,24,17,38,38,19,43,4,4,0],"gold":382,"neow_bonus":"REMOVE_CARD","is_prod":false,"is_daily":false,"chose_seed":false,"campfire_upgraded":2,"win_rate":0,"timestamp":1566809931,"path_taken":["M","$","?","?","?","E","R","?","T","R","M","?","?","M","R","BOSS","M","M","?","$","M","E","M","E","T","E","R","E","$","M"],"build_version":"2019-07-17","purchased_purges":2,"victory":false,"max_hp_per_floor":[70,70,70,70,70,70,70,70,70,70,70,70,70,70,70,70,70,70,70,70,70,70,70,70,80,80,80,80,80,80,80],"card_choices":[{"not_picked":["Blade Dance","Acrobatics"],"picked":"Endless Agony","floor":1},{"not_picked":["Leg Sweep","Deadly Poison"],"picked":"Underhanded Strike","floor":6},{"not_picked":["Noxious Fumes","Finisher"],"picked":"Backflip","floor":11},{"not_picked":["Quick Slash","Slice"],"picked":"Dagger Throw","floor":12},{"not_picked":["Malaise","Deadly Poison","Acrobatics"],"picked":"SKIP","floor":13},{"not_picked":["Underhanded Strike","Crippling Poison","Flying Knee"],"picked":"SKIP","floor":14},{"not_picked":["Wraith Form v2","Envenom"],"picked":"A Thousand Cuts","floor":16},{"not_picked":["Dagger Throw","Footwork"],"picked":"Concentrate+1","floor":18},{"not_picked":["Distraction","Expertise"],"picked":"Blade Dance+1","floor":19},{"not_picked":["Crippling Poison","Dagger Spray"],"picked":"Reflex+1","floor":22},{"not_picked":["PiercingWail","Skewer+1"],"picked":"Cloak And Dagger+1","floor":23},{"not_picked":["Flechettes","Tactician","Riddle With Holes+1"],"picked":"SKIP","floor":24},{"not_picked":["Quick Slash","Deadly Poison"],"picked":"Cloak And Dagger+1","floor":25},{"not_picked":["Phantasmal Killer","Caltrops"],"picked":"Reflex","floor":27},{"not_picked":["Dodge and Roll","Sucker Punch","Outmaneuver"],"picked":"SKIP","floor":29}],"player_experience":1688693,"relics_obtained":[{"floor":6,"key":"Boot"},{"floor":9,"key":"Vajra"},{"floor":23,"key":"Bird Faced Urn"},{"floor":25,"key":"Pear"},{"floor":26,"key":"Tiny Chest"},{"floor":26,"key":"Lantern"},{"floor":27,"key":"Smiling Mask"},{"floor":29,"key":"Pen Nib"}],"event_choices":[{"damage_healed":0,"gold_gain":75,"player_choice":"Gather Gold","damage_taken":11,"max_hp_gain":0,"max_hp_loss":0,"event_name":"World of Goop","floor":3,"gold_loss":0},{"cards_removed":["Strike_G"],"damage_healed":0,"gold_gain":0,"player_choice":"Card Removal","damage_taken":7,"max_hp_gain":0,"max_hp_loss":0,"event_name":"Golden Wing","floor":4,"gold_loss":0},{"cards_removed":["Defend_G"],"damage_healed":0,"gold_gain":0,"player_choice":"Card Removal","damage_taken":0,"max_hp_gain":0,"max_hp_loss":0,"event_name":"The Cleric","floor":5,"gold_loss":50},{"damage_healed":0,"gold_gain":0,"player_choice":"Searched \u00273\u0027 times","damage_taken":0,"relics_obtained":["Matryoshka"],"max_hp_gain":0,"max_hp_loss":0,"event_name":"Dead Adventurer","floor":12,"gold_loss":0},{"cards_removed":["Strike_G"],"damage_healed":0,"gold_gain":0,"player_choice":"Elegance","damage_taken":0,"max_hp_gain":0,"max_hp_loss":0,"event_name":"Back to Basics","floor":20,"gold_loss":0}],"is_beta":false,"boss_relics":[{"not_picked":["White Beast Statue","Cursed Key"],"picked":"Ring of the Serpent"}],"items_purged_floors":[21,30],"is_endless":false,"potions_floor_spawned":[6,14,16,18,23,24,25],"killed_by":"Snake Plant","ascension_level":1}