{"gold_per_floor":[113,113,38,55,67,67,102,102,102,132,152,152,181,200,200,304,304,324,324,190,200,48,48,80,107,107,124,39,67,67,86,86,186,186,204,223,7,0,15,15,45,45,45,45,78,90,108,108,108,108,108,108,5,5],"floor_reached":54,"playtime":5618,"items_purged":["Strike_B","Strike_B","Defend_B"],"score":1350,"play_id":"044aeb2b-bca1-40f6-b7db-dfee8519caf6","local_time":"20191001113648","is_ascension_mode":true,"campfire_choices":[{"data":"Rainbow","floor":6,"key":"SMITH"},{"floor":8,"key":"REST"},{"data":"Defragment","floor":12,"key":"SMITH"},{"data":"Loop","floor":15,"key":"SMITH"},{"data":"Sunder","floor":23,"key":"SMITH"},{"floor":30,"key":"REST"},{"data":"Buffer","floor":32,"key":"SMITH"},{"data":"Echo Form","floor":40,"key":"SMITH"},{"floor":44,"key":"DIG"},{"floor":49,"key":"RECALL"},{"floor":52,"key":"DIG"}],"neow_cost":"NONE","seed_source_timestamp":366739981314789,"circlet_count":0,"master_deck":["AscendersBane","Strike_B+1","Strike_B+1","Defend_B","Defend_B","Zap","Dualcast","Loop+1","Enlightenment","Rainbow+1","Cold Snap","Compile Driver","Chill","Self Repair","Defragment+1","Fission+1","Seek+1","Darkness+1","Leap+1","Blizzard+1","Necronomicurse","Buffer+1","Coolheaded+1","Sunder+1","Echo Form+1","Undo+1","Seek+1","Conserve Battery+1","Fission+1","Barrage","Machine Learning","Madness+1","Madness+1"],"relics":["Cracked Core","Shovel","Singing Bowl","The Courier","Toxic Egg 2","Orrery","Necronomicon","Whetstone","Sundial","Anchor","Dead Branch","Vajra","Letter Opener","Inserter","Red Mask","Emotion Chip","Calipers","Centennial Puzzle","Dodecahedron"],"potions_floor_usage":[10,16,41,50,50,54,54],"damage_taken":[{"damage":2,"enemies":"Jaw Worm","floor":1,"turns":3},{"damage":4,"enemies":"Cultist","floor":4,"turns":4},{"damage":3,"enemies":"Small Slimes","floor":5,"turns":3},{"damage":30,"enemies":"3 Sentries","floor":7,"turns":7},{"damage":21,"enemies":"Gremlin Nob","floor":10,"turns":4},{"damage":0,"enemies":"Exordium Wildlife","floor":11,"turns":4},{"damage":11,"enemies":"Lagavulin","floor":13,"turns":7},{"damage":14,"enemies":"Red Slaver","floor":14,"turns":3},{"damage":18,"enemies":"Slime Boss","floor":16,"turns":11},{"damage":2,"enemies":"Chosen","floor":18,"turns":5},{"damage":1,"enemies":"2 Thieves","floor":21,"turns":5},{"damage":40,"enemies":"Gremlin Leader","floor":24,"turns":8},{"damage":8,"enemies":"Snecko","floor":27,"turns":4},{"damage":27,"enemies":"Book of Stabbing","floor":29,"turns":7},{"damage":0,"enemies":"Shelled Parasite and Fungi","floor":31,"turns":4},{"damage":0,"enemies":"Champ","floor":33,"turns":13},{"damage":0,"enemies":"3 Darklings","floor":35,"turns":6},{"damage":0,"enemies":"3 Shapes","floor":36,"turns":3},{"damage":0,"enemies":"Maw","floor":39,"turns":7},{"damage":41,"enemies":"Giant Head","floor":41,"turns":11},{"damage":1,"enemies":"Nemesis","floor":45,"turns":7},{"damage":8,"enemies":"Spire Growth","floor":46,"turns":3},{"damage":0,"enemies":"4 Shapes","floor":47,"turns":2},{"damage":1,"enemies":"Awakened One","floor":50,"turns":12},{"damage":114,"enemies":"Shield and Spear","floor":54,"turns":8}],"seed_played":"150380013373699336","potions_obtained":[{"floor":1,"key":"Explosive Potion"},{"floor":5,"key":"AttackPotion"},{"floor":14,"key":"SmokeBomb"},{"floor":24,"key":"Poison Potion"},{"floor":27,"key":"Strength Potion"},{"floor":35,"key":"Block Potion"},{"floor":41,"key":"EssenceOfSteel"}],"is_trial":false,"path_per_floor":["M","?","$","M","M","R","E","R","T","E","M","R","E","M","R","B",null,"M","?","$","M","$","R","E","T","T","M","?","E","R","M","R","B",null,"M","M","$","?","M","R","E","?","T","R","E","M","M","?","R","B",null,"R","$","E"],"character_chosen":"DEFECT","items_purchased":["Buffer","Sunder","Whetstone","Fission+1","Regen Potion","Block Potion"],"campfire_rested":2,"item_purchase_floors":[20,22,22,37,53,53],"current_hp_per_floor":[73,73,73,69,66,66,36,60,60,39,46,46,42,37,37,26,76,81,65,65,71,71,71,38,38,38,32,32,19,46,48,48,55,84,94,96,96,96,98,98,73,73,73,73,81,73,75,62,62,75,97,97,97,0],"gold":5,"neow_bonus":"TEN_PERCENT_HP_BONUS","is_prod":false,"is_daily":false,"chose_seed":false,"campfire_upgraded":6,"win_rate":0,"timestamp":1569955008,"path_taken":["M","?","?","M","M","R","E","R","T","E","M","R","E","M","R","BOSS","M","?","$","M","$","R","E","?","T","?","?","E","R","M","R","BOSS","M","M","$","?","M","R","E","?","T","R","E","M","?","?","R","BOSS","R","$","E"],"build_version":"2019-07-17","purchased_purges":3,"victory":false,"max_hp_per_floor":[82,82,82,82,82,82,82,82,82,82,82,82,82,84,84,84,90,90,90,90,90,90,90,90,90,90,92,92,92,92,94,94,94,94,94,96,96,96,98,98,100,100,100,100,102,102,104,104,104,104,104,104,104,104],"card_choices":[{"not_picked":["Heatsinks","Cold Snap"],"picked":"Loop","floor":1},{"not_picked":["Turbo","Go for the Eyes"],"picked":"Cold Snap","floor":4},{"not_picked":["Stack","Leap"],"picked":"Compile Driver","floor":5},{"not_picked":["Auto Shields","Stack"],"picked":"Chill","floor":7},{"not_picked":["Sunder","Biased Cognition"],"picked":"Self Repair","floor":10},{"not_picked":["Compile Driver","Beam Cell"],"picked":"Defragment","floor":11},{"not_picked":["Go for the Eyes","Cold Snap"],"picked":"Fission","floor":13},{"not_picked":["Streamline","Sweeping Beam","Double Energy+1"],"picked":"Singing Bowl","floor":14},{"not_picked":["Fission+1","Reboot+1"],"picked":"Seek+1","floor":16},{"not_picked":["Reprogram+1","Streamline"],"picked":"Darkness+1","floor":17},{"not_picked":["Melter","Stack+1"],"picked":"Leap+1","floor":17},{"not_picked":["Hello World","Aggregate+1","Cold Snap"],"picked":"Singing Bowl","floor":17},{"not_picked":["FTL","Sweeping Beam","Steam Power+1"],"picked":"Singing Bowl","floor":17},{"not_picked":["FTL","Beam Cell","Turbo+1"],"picked":"Singing Bowl","floor":17},{"not_picked":["FTL","Self Repair"],"picked":"Blizzard+1","floor":18},{"not_picked":["Sunder","Cold Snap"],"picked":"Coolheaded+1","floor":21},{"not_picked":["Scrape","Doom and Gloom"],"picked":"Echo Form","floor":24},{"not_picked":["Turbo+1","Recycle+1","Cold Snap"],"picked":"Singing Bowl","floor":27},{"not_picked":["Cold Snap+1","Rebound"],"picked":"Undo+1","floor":29},{"not_picked":["Redo+1","Blizzard","Coolheaded+1"],"picked":"Singing Bowl","floor":31},{"not_picked":["Biased Cognition","Hyperbeam"],"picked":"Seek+1","floor":33},{"not_picked":["Coolheaded+1","Stack+1"],"picked":"Conserve Battery+1","floor":35},{"not_picked":["Lockon","Hello World","Fusion+1"],"picked":"Singing Bowl","floor":36},{"not_picked":["Force Field+1","Ball Lightning","Beam Cell"],"picked":"Singing Bowl","floor":39},{"not_picked":["Conserve Battery+1","Cold Snap","Genetic Algorithm+1"],"picked":"Singing Bowl","floor":41},{"not_picked":["Hello World","Lockon+1","Undo+1"],"picked":"Singing Bowl","floor":45},{"not_picked":["Steam+1","Rebound"],"picked":"Machine Learning","floor":46},{"not_picked":["Leap+1","Cold Snap","Compile Driver"],"picked":"Singing Bowl","floor":47}],"player_experience":632154,"relics_obtained":[{"floor":7,"key":"Shovel"},{"floor":9,"key":"Singing Bowl"},{"floor":10,"key":"The Courier"},{"floor":13,"key":"Toxic Egg 2"},{"floor":19,"key":"Necronomicon"},{"floor":24,"key":"Sundial"},{"floor":25,"key":"Anchor"},{"floor":26,"key":"Dead Branch"},{"floor":29,"key":"Letter Opener"},{"floor":41,"key":"Emotion Chip"},{"floor":44,"key":"Calipers"},{"floor":45,"key":"Centennial Puzzle"},{"floor":52,"key":"Dodecahedron"}],"event_choices":[{"damage_healed":0,"gold_gain":0,"player_choice":"2 cards matched","damage_taken":0,"max_hp_gain":0,"max_hp_loss":0,"event_name":"Match and Keep!","floor":2,"gold_loss":0,"cards_obtained":["Enlightenment","Rainbow"]},{"damage_healed":0,"gold_gain":0,"player_choice":"Obtained Book","damage_taken":16,"max_hp_gain":0,"max_hp_loss":0,"event_name":"Cursed Tome","floor":19,"gold_loss":0},{"damage_healed":0,"gold_gain":0,"player_choice":"Obtained Relic","damage_taken":0,"relics_obtained":["Vajra"],"max_hp_gain":0,"max_hp_loss":0,"event_name":"Addict","floor":28,"gold_loss":85},{"damage_healed":0,"gold_gain":0,"player_choice":"Paid","damage_taken":0,"relics_obtained":["Red Mask"],"max_hp_gain":0,"max_hp_loss":0,"event_name":"Tomb of Lord Red Mask","floor":38,"gold_loss":7},{"damage_healed":0,"gold_gain":0,"cards_transformed":["Defend_B"],"player_choice":"Transformed","damage_taken":0,"max_hp_gain":0,"max_hp_loss":0,"event_name":"Transmorgrifier","floor":42,"gold_loss":0,"cards_obtained":["Barrage"]},{"damage_healed":0,"gold_gain":0,"player_choice":"Embrace Madness","damage_taken":13,"max_hp_gain":0,"max_hp_loss":0,"event_name":"Winding Halls","floor":48,"gold_loss":0,"cards_obtained":["Madness","Madness"]}],"is_beta":false,"boss_relics":[{"not_picked":["Fusion Hammer","White Beast Statue"],"picked":"Orrery"},{"not_picked":["Coffee Dripper","Runic Pyramid"],"picked":"Inserter"}],"items_purged_floors":[3,20,37],"is_endless":false,"potions_floor_spawned":[1,5,14,24,27,33,35,41,46],"killed_by":"Shield and Spear","ascension_level":12}