{"gold_per_floor":[112,128,146,146,159,159,191,191,191,211,211,211,21,41,41,120,120,137,152,67,67,102,102,131,31,57,69,94,118,141,179,191,280,292,318,341,353,395,64,64,78,106,106,139,158,158,175,25,25,25,25],"floor_reached":52,"playtime":4868,"items_purged":["Strike_R","Strike_R","Strike_R+1","Strike_R+1"],"score":1879,"play_id":"3790ac71-6c6c-45f5-8e6e-9eb95341ad75","local_time":"20190907212316","is_ascension_mode":true,"campfire_choices":[{"data":"Carnage","floor":6,"key":"SMITH"},{"data":"Bash","floor":8,"key":"SMITH"},{"data":"Flame Barrier","floor":11,"key":"SMITH"},{"data":"Immolate","floor":15,"key":"SMITH"},{"data":"Shockwave","floor":23,"key":"SMITH"},{"data":"Inflame","floor":27,"key":"SMITH"},{"data":"Demon Form","floor":32,"key":"SMITH"},{"data":"Evolve","floor":40,"key":"SMITH"},{"floor":46,"key":"REST"},{"data":"Fiend Fire","floor":49,"key":"SMITH"}],"neow_cost":"NONE","seed_source_timestamp":53989374662100,"circlet_count":0,"master_deck":["AscendersBane","Defend_R","Defend_R","Defend_R","Defend_R","Bash+1","Clothesline","Carnage+1","Flame Barrier+1","Inflame+1","Immolate+1","Shockwave+1","Shrug It Off","Fiend Fire+1","Feel No Pain","RitualDagger","Corruption","Armaments+1","Uppercut","Sword Boomerang+1","Demon Form+1","Impervious+1","Shockwave+1","Flame Barrier+1","Power Through+1","True Grit+1","Evolve+1","Heavy Blade+1","Disarm+1","Disarm+1","Burning Pact+1"],"relics":["Burning Blood","Whetstone","Pantograph","Snecko Eye","Sundial","Red Mask","Toxic Egg 2","MawBank","Strawberry","Cursed Key","Tiny Chest","Mango","Bag of Marbles"],"potions_floor_usage":[7,33,45],"damage_taken":[{"damage":6,"enemies":"Cultist","floor":1,"turns":3},{"damage":6,"enemies":"Jaw Worm","floor":2,"turns":6},{"damage":4,"enemies":"Small Slimes","floor":3,"turns":4},{"damage":6,"enemies":"3 Louse","floor":5,"turns":3},{"damage":12,"enemies":"Gremlin Nob","floor":7,"turns":4},{"damage":9,"enemies":"Large Slime","floor":10,"turns":4},{"damage":6,"enemies":"Looter","floor":14,"turns":2},{"damage":12,"enemies":"The Guardian","floor":16,"turns":14},{"damage":19,"enemies":"Shell Parasite","floor":18,"turns":5},{"damage":0,"enemies":"Spheric Guardian","floor":19,"turns":3},{"damage":21,"enemies":"Masked Bandits","floor":22,"turns":3},{"damage":8,"enemies":"Book of Stabbing","floor":24,"turns":4},{"damage":0,"enemies":"3 Cultists","floor":28,"turns":5},{"damage":18,"enemies":"Snake Plant","floor":29,"turns":3},{"damage":0,"enemies":"Snecko","floor":30,"turns":5},{"damage":15,"enemies":"Gremlin Leader","floor":31,"turns":3},{"damage":35,"enemies":"Automaton","floor":33,"turns":7},{"damage":0,"enemies":"Orb Walker","floor":35,"turns":2},{"damage":12,"enemies":"3 Darklings","floor":36,"turns":4},{"damage":18,"enemies":"Maw","floor":41,"turns":6},{"damage":12,"enemies":"Giant Head","floor":42,"turns":7},{"damage":26,"enemies":"Reptomancer","floor":44,"turns":5},{"damage":21,"enemies":"Spire Growth","floor":45,"turns":4},{"damage":0,"enemies":"Jaw Worm Horde","floor":47,"turns":4},{"damage":53,"enemies":"Awakened One","floor":50,"turns":11},{"damage":34,"enemies":"Donu and Deca","floor":51,"turns":5}],"seed_played":"8668974485193257139","potions_obtained":[{"floor":2,"key":"Block Potion"},{"floor":3,"key":"EssenceOfSteel"},{"floor":7,"key":"Energy Potion"},{"floor":33,"key":"Swift Potion"},{"floor":41,"key":"FearPotion"},{"floor":45,"key":"Block Potion"},{"floor":47,"key":"SpeedPotion"}],"is_trial":false,"path_per_floor":["M","M","M","?","M","R","E","R","T","M","R","?","$","M","R","B",null,"M","M","?","?","?","R","E","$","T","R","M","M","M","E","R","B",null,"M","M","?","?","$","R","M","E","T","E","M","R","M","$","R","B","B",null],"character_chosen":"IRONCLAD","items_purchased":["Headbutt","Shockwave","Power Through+1","True Grit+1","Evolve"],"campfire_rested":1,"item_purchase_floors":[13,13,39,39,39],"current_hp_per_floor":[75,75,77,70,70,70,64,64,64,61,61,61,61,61,61,76,81,68,74,74,68,53,53,51,51,51,51,57,45,51,49,49,45,78,84,78,78,78,78,78,66,74,74,54,39,69,75,75,75,53,50],"gold":25,"neow_bonus":"TEN_PERCENT_HP_BONUS","is_prod":false,"is_daily":false,"chose_seed":false,"campfire_upgraded":9,"win_rate":0,"timestamp":1567858996,"path_taken":["M","?","M","?","M","R","E","R","T","M","R","?","$","M","R","BOSS","M","M","?","?","?","R","E","?","T","R","M","M","?","E","R","BOSS","M","?","?","?","$","R","M","E","T","E","M","R","?","$","R","BOSS","BOSS"],"build_version":"2019-07-17","purchased_purges":4,"victory":true,"max_hp_per_floor":[82,82,82,82,82,82,82,82,82,82,82,82,82,82,82,82,82,82,82,82,82,82,82,82,82,82,82,82,82,82,89,89,89,89,89,89,89,89,89,89,89,103,103,103,103,103,103,103,103,103,103],"card_choices":[{"not_picked":["Dual Wield","Wild Strike"],"picked":"Clothesline","floor":1},{"not_picked":["Wild Strike","Evolve"],"picked":"Carnage","floor":2},{"not_picked":["Sentinel","Body Slam"],"picked":"Flame Barrier","floor":3},{"not_picked":["Flex","Searing Blow"],"picked":"Inflame","floor":5},{"not_picked":["Uppercut","Clash"],"picked":"Immolate","floor":7},{"not_picked":["Seeing Red","Warcry","Anger"],"picked":"SKIP","floor":10},{"not_picked":["Wild Strike","Iron Wave"],"picked":"Shrug It Off","floor":14},{"not_picked":["Berserk","Barricade"],"picked":"Fiend Fire","floor":16},{"not_picked":["Wild Strike","Cleave+1"],"picked":"Feel No Pain","floor":18},{"not_picked":["Entrench","Fire Breathing","Clash"],"picked":"SKIP","floor":19},{"not_picked":["Metallicize","Inflame"],"picked":"Corruption","floor":24},{"not_picked":["Blood for Blood","Warcry+1"],"picked":"Armaments+1","floor":28},{"not_picked":["Clothesline","Thunderclap"],"picked":"Uppercut","floor":29},{"not_picked":["Wild Strike","Dropkick+1"],"picked":"Sword Boomerang+1","floor":30},{"not_picked":["Warcry+1","Sentinel+1"],"picked":"Demon Form","floor":31},{"not_picked":["Bludgeon","Dark Embrace"],"picked":"Impervious+1","floor":33},{"not_picked":["Iron Wave+1","Clothesline"],"picked":"Shockwave+1","floor":35},{"not_picked":["Dropkick","Pummel+1"],"picked":"Flame Barrier+1","floor":36},{"not_picked":["Headbutt","Cleave"],"picked":"Heavy Blade+1","floor":41},{"not_picked":["Rage+1","Thunderclap"],"picked":"Disarm+1","floor":42},{"not_picked":["Flex+1","Infernal Blade+1"],"picked":"Disarm+1","floor":44},{"not_picked":["Uppercut+1","Evolve"],"picked":"Burning Pact+1","floor":45},{"not_picked":["Heavy Blade","Thunderclap","Armaments+1"],"picked":"SKIP","floor":47}],"player_experience":664230,"relics_obtained":[{"floor":7,"key":"Whetstone"},{"floor":9,"key":"Pantograph"},{"floor":22,"key":"Red Mask"},{"floor":24,"key":"Toxic Egg 2"},{"floor":26,"key":"MawBank"},{"floor":31,"key":"Strawberry"},{"floor":42,"key":"Mango"},{"floor":44,"key":"Bag of Marbles"}],"event_choices":[{"cards_removed":["Strike_R"],"damage_healed":0,"gold_gain":0,"player_choice":"Card Removal","damage_taken":7,"max_hp_gain":0,"max_hp_loss":0,"event_name":"Golden Wing","floor":4,"gold_loss":0},{"damage_healed":0,"gold_gain":0,"player_choice":"Leave","damage_taken":0,"max_hp_gain":0,"max_hp_loss":0,"event_name":"The Cleric","floor":12,"gold_loss":0},{"damage_healed":0,"gold_gain":0,"player_choice":"Obtained Relic","damage_taken":0,"relics_obtained":["Sundial"],"max_hp_gain":0,"max_hp_loss":0,"event_name":"Addict","floor":20,"gold_loss":85},{"damage_healed":0,"gold_gain":0,"player_choice":"Joined the Cult","damage_taken":6,"max_hp_gain":0,"max_hp_loss":0,"event_name":"Nest","floor":21,"gold_loss":0,"cards_obtained":["RitualDagger"]},{"damage_healed":0,"gold_gain":0,"player_choice":"Fought Bandits","damage_taken":0,"max_hp_gain":0,"max_hp_loss":0,"event_name":"Masked Bandits","floor":22,"gold_loss":0},{"cards_removed":["Headbutt"],"damage_healed":0,"gold_gain":0,"player_choice":"Removed Attack","damage_taken":0,"max_hp_gain":0,"max_hp_loss":0,"event_name":"Falling","floor":37,"gold_loss":0},{"damage_healed":0,"gold_gain":0,"player_choice":"Gave Potion","damage_taken":0,"relics_obtained":["Tiny Chest"],"max_hp_gain":0,"max_hp_loss":0,"event_name":"WeMeetAgain","floor":38,"gold_loss":0}],"is_beta":false,"boss_relics":[{"not_picked":["Empty Cage","Sozu"],"picked":"Snecko Eye"},{"not_picked":["Astrolabe","Philosopher\u0027s Stone"],"picked":"Cursed Key"}],"items_purged_floors":[13,25,39,48],"is_endless":false,"potions_floor_spawned":[2,3,7,18,24,29,33,41,44,45,47],"ascension_level":20}