{"path_per_floor":["M","$","?","?","M","?","E","M","T","M","$","?","M","M","R","B",null,"M","M","$","?","M","?","R","T","T","M","M","M","?","M","R","B",null,"M","$","M","?","$","R","E","$","T","T","M","R","M","$","R"],"character_chosen":"IRONCLAD","items_purchased":["Seeing Red","Molten Egg 2","Strength Potion","Peace Pipe","Toxic Egg 2","Mummified Hand","Feel No Pain","Anchor","Cleave","Energy Potion"],"gold_per_floor":[144,33,208,208,253,253,343,388,388,433,133,133,178,223,223,523,523,568,613,63,63,108,8,8,8,8,53,98,143,143,188,188,488,488,533,109,154,154,4,4,94,44,44,94,139,139,184,9,9],"floor_reached":50,"campfire_rested":1,"playtime":4194,"current_hp_per_floor":[77,77,77,77,75,68,34,39,39,45,45,29,30,36,75,45,75,75,71,71,57,66,66,66,80,87,72,71,73,73,75,75,68,101,101,101,97,97,97,97,98,98,98,98,100,100,105,105,105],"items_purged":["Strike_R","Strike_R","Purity"],"gold":9,"score":549,"play_id":"62b90da7-a957-46b1-b1e4-18b1b8d90d58","local_time":"20180309204620","daily_mods":["Allstar","Midas","Night Terrors"],"is_prod":false,"is_daily":true,"is_ascension_mode":false,"campfire_upgraded":0,"timestamp":1520657180,"path_taken":["M","$","?","?","M","?","E","?","T","M","?","?","?","M","R","BOSS","M","?","?","?","M","?","R","?","T","?","M","M","?","M","R","BOSS","M","$","M","?","?","R","E","$","T","?","M","R","M","$","R","BOSS"],"build_version":"2018-03-08-BETA","purchased_purges":4,"victory":false,"master_deck":["Strike_R+1","Strike_R+1","Defend_R","Defend_R","Bash+1","Thinking Ahead","Carnage","Seeing Red","Pummel","Armaments","Inflame","Shrug It Off","Whirlwind+1","Twin Strike+1","Offering","Feel No Pain+1","Iron Wave+1","Iron Wave+1","J.A.X.+1","Havoc+1","Thunderclap+1","Metallicize+1","Seeing Red+1","Exhume+1","Feed+1","Corruption+1","Shrug It Off+1","Metallicize","Cleave+1","Intimidate+1","Headbutt+1","Limit Break+1","Pommel Strike+1"],"max_hp_per_floor":[80,80,80,80,80,80,80,80,80,80,80,80,80,80,75,75,75,75,75,75,80,80,80,80,94,101,101,101,101,101,101,101,101,101,101,101,101,101,101,101,105,105,105,105,105,105,105,105,105],"relics":["Black Blood","Matryoshka","Prayer Wheel","Vajra","Molten Egg 2","Question Card","Peace Pipe","Toxic Egg 2","Mango","Bag of Preparation","Strawberry","Blue Candle","Mummified Hand","Anchor","Mercury Hourglass","Gambling Chip","Bronze Scales"],"card_choices":[{"not_picked":["Havoc","Twin Strike"],"picked":"Carnage"},{"not_picked":["Perfected Strike","Havoc"],"picked":"Pummel"},{"not_picked":["Corruption","Pommel Strike"],"picked":"Armaments"},{"not_picked":["Shrug It Off","Armaments"],"picked":"Inflame"},{"not_picked":["Burning Pact","Body Slam"],"picked":"Shrug It Off"},{"not_picked":["Infernal Blade","Entrench"],"picked":"Whirlwind"},{"not_picked":["Pommel Strike","Cleave"],"picked":"Twin Strike"},{"not_picked":["Barricade","Demon Form"],"picked":"Offering"},{"not_picked":["Perfected Strike","Hemokinesis","Intimidate"],"picked":"Feel No Pain"},{"not_picked":["Pummel","True Grit","Whirlwind"],"picked":"Iron Wave"},{"not_picked":["Juggernaut","Clash","Dual Wield"],"picked":"Iron Wave"},{"not_picked":["Fire Breathing","Flex","Whirlwind"],"picked":"Havoc"},{"not_picked":["Power Through","Sword Boomerang","Pommel Strike"],"picked":"Thunderclap"},{"not_picked":["Corruption","Twin Strike","Body Slam"],"picked":"Metallicize"},{"not_picked":["Clothesline","Armaments","Havoc"],"picked":"Seeing Red"},{"not_picked":["Dropkick","Clash","Armaments"],"picked":"Exhume"},{"not_picked":["Brutality","Immolate","Reaper"],"picked":"Feed"},{"not_picked":["Rupture","Shrug It Off","Carnage"],"picked":"Corruption"},{"not_picked":["Sword Boomerang","Pommel Strike","Warcry"],"picked":"Shrug It Off"},{"not_picked":["Seeing Red","Clash","Pummel"],"picked":"Metallicize"},{"not_picked":["Whirlwind","Blood for Blood","Perfected Strike"],"picked":"Intimidate"},{"not_picked":["Flex","Heavy Blade","Searing Blow"],"picked":"Headbutt"},{"not_picked":["Sword Boomerang","Heavy Blade","Rage"],"picked":"Limit Break"},{"not_picked":["Body Slam","Sword Boomerang","Hemokinesis"],"picked":"Pommel Strike"}],"player_experience":332213,"potions_floor_usage":[16,22,22,22,31,41,47,50],"damage_taken":[{"damage":9,"enemies":"Small Slimes","floor":1,"turns":4},{"damage":8,"enemies":"Jaw Worm","floor":5,"turns":3},{"damage":40,"enemies":"Lagavulin","floor":7,"turns":6},{"damage":1,"enemies":"Cultist","floor":8,"turns":3},{"damage":0,"enemies":"Looter","floor":10,"turns":2},{"damage":5,"enemies":"2 Fungi Beasts","floor":13,"turns":3},{"damage":0,"enemies":"Large Slime","floor":14,"turns":3},{"damage":36,"enemies":"The Guardian","floor":16,"turns":8},{"damage":6,"enemies":"Chosen","floor":18,"turns":3},{"damage":10,"enemies":"Shell Parasite","floor":19,"turns":4},{"damage":6,"enemies":"Cultist and Chosen","floor":22,"turns":4},{"damage":21,"enemies":"Centurion and Healer","floor":27,"turns":4},{"damage":7,"enemies":"Snecko","floor":28,"turns":4},{"damage":4,"enemies":"Cultist and Chosen","floor":29,"turns":3},{"damage":4,"enemies":"Chosen and Byrds","floor":31,"turns":5},{"damage":13,"enemies":"Collector","floor":33,"turns":9},{"damage":8,"enemies":"Flame Bruiser 1 Orb","floor":35,"turns":7},{"damage":14,"enemies":"Orb Walker","floor":37,"turns":3},{"damage":13,"enemies":"Nemesis","floor":41,"turns":7},{"damage":8,"enemies":"4 Shapes","floor":45,"turns":2},{"damage":0,"enemies":"Sphere and 2 Shapes","floor":47,"turns":1},{"damage":111,"enemies":"Awakened One","floor":50,"turns":6}],"event_choices":[{"event_name":"Liars Game","player_choice":"agreed","floor":3,"damage_taken":0},{"event_name":"Upgrade Shrine","player_choice":"Upgraded","floor":4,"damage_taken":0},{"event_name":"Golden Wing","player_choice":"Card Removal","floor":6,"damage_taken":0},{"event_name":"Shining Light","player_choice":"Entered Light","floor":12,"damage_taken":0},{"event_name":"Forgotten Altar","player_choice":"Shed Blood","floor":21,"damage_taken":0},{"event_name":"Drug Dealer","player_choice":"Got JAXXED","floor":23,"damage_taken":0},{"event_name":"Accursed Blacksmith","player_choice":"Rummage","floor":30,"damage_taken":0},{"event_name":"Tomb of Lord Red Mask","player_choice":"Ignored","floor":38,"damage_taken":0}],"boss_relics":[{"not_picked":["Calling Bell","Orrery"],"picked":"Question Card"},{"not_picked":["Snecko Eye","Runic Dome"],"picked":"Black Blood"}],"potions_floor_spawned":[5,13,16,18,29,33,37],"seed_played":"-2228362409843830943","killed_by":"Awakened One","ascension_level":0,"is_trial":false}