{"gold_per_floor":[114,39,11,11,23,57,68,68],"floor_reached":8,"playtime":209,"items_purged":[],"score":162,"play_id":"456bb591-1cf6-4d3f-adb5-4ce7805cc792","local_time":"20190924133244","is_ascension_mode":true,"campfire_choices":[],"neow_cost":"NONE","seed_source_timestamp":707090866506033,"circlet_count":0,"master_deck":["AscendersBane","Strike_G","Strike_G","Strike_G","Strike_G","Defend_G","Defend_G","Defend_G","Defend_G","Defend_G","Survivor","Neutralize","Backstab","Cloak And Dagger","PiercingWail","Dagger Spray"],"relics":["Ring of the Snake","NeowsBlessing","Oddly Smooth Stone","Dream Catcher"],"potions_floor_usage":[8],"damage_taken":[{"damage":0,"enemies":"Jaw Worm","floor":1,"turns":1},{"damage":0,"enemies":"2 Louse","floor":5,"turns":1},{"damage":0,"enemies":"3 Sentries","floor":6,"turns":2},{"damage":2,"enemies":"Small Slimes","floor":7,"turns":4},{"damage":62,"enemies":"Lagavulin","floor":8,"turns":12}],"seed_played":"1371873296347537176","potions_obtained":[{"floor":1,"key":"LiquidBronze"}],"is_trial":false,"path_per_floor":["M","?","$","?","M","E","M","E"],"character_chosen":"THE_SILENT","items_purchased":["Cloak And Dagger"],"campfire_rested":0,"item_purchase_floors":[3],"current_hp_per_floor":[59,59,59,54,54,54,52,0],"gold":68,"neow_bonus":"THREE_ENEMY_KILL","is_prod":false,"is_daily":false,"chose_seed":false,"campfire_upgraded":0,"win_rate":0,"timestamp":1569310364,"path_taken":["M","?","$","?","M","E","M","E"],"build_version":"2019-09-23","purchased_purges":0,"victory":false,"max_hp_per_floor":[66,66,66,66,66,66,66,66],"card_choices":[{"not_picked":["Catalyst","Backflip"],"picked":"Backstab","floor":1},{"not_picked":["Setup","Tactician"],"picked":"PiercingWail","floor":5},{"not_picked":["Acrobatics","Concentrate","Accuracy"],"picked":"SKIP","floor":6},{"not_picked":["Poisoned Stab","Setup"],"picked":"Dagger Spray","floor":7}],"player_experience":1797767,"relics_obtained":[{"floor":6,"key":"Dream Catcher"}],"event_choices":[{"cards_removed":["Strike_G"],"damage_healed":0,"gold_gain":0,"player_choice":"Card Removal","damage_taken":0,"max_hp_gain":0,"max_hp_loss":0,"event_name":"The Cleric","floor":2,"gold_loss":75},{"damage_healed":0,"gold_gain":0,"player_choice":"Success","damage_taken":5,"relics_obtained":["Oddly Smooth Stone"],"max_hp_gain":0,"max_hp_loss":0,"event_name":"Scrap Ooze","floor":4,"gold_loss":0}],"is_beta":true,"boss_relics":[],"items_purged_floors":[],"is_endless":false,"potions_floor_spawned":[1],"killed_by":"Lagavulin","ascension_level":20}