{"gold_per_floor":[116,116,47,47,58,85,98,23,49,124,143,143,43,43,43,144,144,159,114,131,131,131,158,158,175,200,225,237,156,173,202,202,307,307,322,322,340,440,460,460,487,487,564,564,594,486,515,2,2,2],"floor_reached":51,"playtime":3658,"items_purged":["Strike_B","Defend_B","Strike_B"],"score":777,"play_id":"0c2a4982-59c9-4b14-8ecb-4baf19b06ea3","local_time":"20190114000514","is_ascension_mode":true,"campfire_choices":[{"data":"White Noise","floor":12,"key":"SMITH"},{"data":"Dualcast","floor":15,"key":"SMITH"},{"floor":24,"key":"REST"},{"floor":32,"key":"REST"},{"data":"Echo Form","floor":40,"key":"SMITH"},{"data":"Defragment","floor":42,"key":"SMITH"},{"data":"Self Repair","floor":44,"key":"SMITH"},{"data":"Jack Of All Trades","floor":49,"key":"SMITH"}],"neow_cost":"NONE","seed_source_timestamp":0,"circlet_count":0,"master_deck":["Defend_B","Zap+1","Dualcast+1","Ball Lightning+1","Self Repair+1","Defragment+1","White Noise+1","Cold Snap+1","Echo Form+1","Double Energy+1","Coolheaded","Leap","RitualDagger","Self Repair+1","Self Repair+1","BootSequence+1","Seek+1","Core Surge+1","Fusion+1","White Noise+1","Sunder+1","Hello World+1","RitualDagger+1","Melter+1","Streamline+1","Conserve Battery+1","Jack Of All Trades+1"],"special_seed":0,"relics":["Cracked Core","NeowsBlessing","Omamori","Whetstone","Sozu","Molten Egg 2","Regal Pillow","Torii","Red Mask","Astrolabe","Bird Faced Urn","Meat on the Bone","Dodecahedron","MawBank","Sundial","War Paint","Centennial Puzzle"],"potions_floor_usage":[16,23,25,31],"damage_taken":[{"damage":0.0,"enemies":"2 Louse","floor":1.0,"turns":1.0},{"damage":0,"enemies":"Jaw Worm","floor":5,"turns":1},{"damage":0,"enemies":"Lagavulin","floor":6,"turns":1},{"damage":5,"enemies":"Small Slimes","floor":7,"turns":3},{"damage":13,"enemies":"Red Slaver","floor":11,"turns":3},{"damage":20,"enemies":"Hexaghost","floor":16,"turns":6},{"damage":20,"enemies":"3 Byrds","floor":18,"turns":4},{"damage":22,"enemies":"2 Thieves","floor":20,"turns":4},{"damage":56,"enemies":"Slavers","floor":23,"turns":6},{"damage":28,"enemies":"Snake Plant","floor":25,"turns":5},{"damage":33,"enemies":"Book of Stabbing","floor":27,"turns":7},{"damage":20,"enemies":"Centurion and Healer","floor":28,"turns":7},{"damage":21,"enemies":"Sentry and Sphere","floor":30,"turns":6},{"damage":54,"enemies":"Masked Bandits","floor":31,"turns":5},{"damage":22,"enemies":"Champ","floor":33,"turns":12},{"damage":0,"enemies":"3 Shapes","floor":35,"turns":5},{"damage":24,"enemies":"3 Darklings","floor":37,"turns":6},{"damage":6,"enemies":"Mind Bloom Boss Battle","floor":38,"turns":6},{"damage":61,"enemies":"Spire Growth","floor":39,"turns":5},{"damage":38,"enemies":"Nemesis","floor":41,"turns":7},{"damage":61,"enemies":"Reptomancer","floor":45,"turns":6},{"damage":25,"enemies":"Jaw Worm Horde","floor":47,"turns":5},{"damage":30,"enemies":"Donu and Deca","floor":50,"turns":10}],"seed_played":"5612062311827455548","potions_obtained":[{"floor":5,"key":"Energy Potion"},{"floor":6,"key":"Ancient Potion"},{"floor":7,"key":"FocusPotion"},{"floor":16,"key":"Regen Potion"}],"is_trial":false,"path_per_floor":["M","?","$","?","M","E","M","$","T","?","M","R","$","?","R","B",null,"M","$","M","?","?","E","R","M","T","E","M","$","M","?","R","B",null,"M","?","M","?","M","R","E","R","T","R","E","?","M","$","R","B",null],"character_chosen":"DEFECT","items_purchased":["Self Repair","Coolheaded","BootSequence","War Paint","Centennial Puzzle","Jack Of All Trades"],"campfire_rested":2,"item_purchase_floors":[3,19,29,48,48,48],"current_hp_per_floor":[75,68,68,53,53,63,68,68,68,61,58,58,58,58,58,48,75,65,65,63,57,57,26,48,37,37,38,55,55,61,44,75,75,75,75,75,75,75,65,65,72,72,72,72,66,66,75,75,75,75],"gold":2,"neow_bonus":"THREE_ENEMY_KILL","is_prod":false,"is_daily":false,"chose_seed":false,"campfire_upgraded":6,"win_rate":0,"timestamp":1547453114,"path_taken":["M","?","$","?","M","E","?","$","T","?","?","R","?","?","R","BOSS","M","$","M","?","?","E","R","?","T","E","?","$","M","?","R","BOSS","M","?","?","?","M","R","E","R","T","R","E","?","?","$","R","BOSS"],"build_version":"2019-01-10","purchased_purges":3,"victory":true,"max_hp_per_floor":[75,75,75,75,75,75,75,75,75,75,75,75,75,75,75,75,75,75,75,75,75,75,75,75,75,75,75,75,75,75,75,75,75,75,75,75,75,75,75,75,75,75,75,75,75,75,75,75,75,75],"card_choices":[{"not_picked":["Streamline","Force Field"],"picked":"Ball Lightning","floor":1},{"not_picked":["Go for the Eyes","Gash"],"picked":"Defragment","floor":5},{"not_picked":["Go for the Eyes","Reinforced Body"],"picked":"White Noise","floor":6},{"not_picked":["Leap","Storm"],"picked":"Cold Snap","floor":7},{"not_picked":["Auto Shields","Rip and Tear","Stack"],"picked":"SKIP","floor":11},{"not_picked":["Core Surge","Amplify"],"picked":"Echo Form","floor":16},{"not_picked":["Reinforced Body","Streamline+1"],"picked":"Double Energy+1","floor":18},{"not_picked":["Redo","Force Field"],"picked":"Leap","floor":20},{"not_picked":["Sweeping Beam","Ball Lightning"],"picked":"Self Repair","floor":23},{"not_picked":["Barrage+1","Rebound+1","Redo"],"picked":"SKIP","floor":25},{"not_picked":["Gash+1","Barrage+1"],"picked":"Self Repair+1","floor":27},{"not_picked":["Gash+1","Storm","Sunder+1"],"picked":"SKIP","floor":28},{"not_picked":["Capacitor","Streamline+1","Scrape+1"],"picked":"SKIP","floor":30},{"not_picked":["Streamline+1","Turbo"],"picked":"Seek","floor":31},{"not_picked":["Thunder Strike+1","Reboot"],"picked":"Core Surge+1","floor":33},{"not_picked":["Beam Cell+1","Reprogram+1"],"picked":"Hello World+1","floor":35},{"not_picked":["Beam Cell+1","Cold Snap+1","Darkness+1"],"picked":"SKIP","floor":37},{"not_picked":["Reprogram","Stack"],"picked":"Melter+1","floor":38},{"not_picked":["Gash+1","Go for the Eyes+1","Rebound+1"],"picked":"SKIP","floor":39},{"not_picked":["All For One+1","Hologram"],"picked":"Streamline+1","floor":41},{"not_picked":["Gash+1","Stack"],"picked":"Conserve Battery+1","floor":45},{"not_picked":["Hello World+1","Beam Cell+1","Sweeping Beam+1"],"picked":"SKIP","floor":47}],"player_experience":563122,"relics_obtained":[{"floor":6,"key":"Omamori"},{"floor":9,"key":"Whetstone"},{"floor":23,"key":"Molten Egg 2"},{"floor":26,"key":"Regal Pillow"},{"floor":27,"key":"Torii"},{"floor":31,"key":"Red Mask"},{"floor":38,"key":"Bird Faced Urn"},{"floor":41,"key":"Meat on the Bone"},{"floor":43,"key":"Dodecahedron"},{"floor":45,"key":"MawBank"}],"event_choices":[{"cards_removed":["Strike_B"],"damage_healed":0,"gold_gain":0,"player_choice":"Card Removal","damage_taken":7,"max_hp_gain":0,"max_hp_loss":0,"event_name":"Golden Wing","floor":2,"gold_loss":0},{"damage_healed":0,"gold_gain":0,"player_choice":"Entered Light","damage_taken":15,"max_hp_gain":0,"max_hp_loss":0,"event_name":"Shining Light","floor":4,"gold_loss":0,"cards_upgraded":["Self Repair","Zap"]},{"damage_healed":0,"gold_gain":75,"player_choice":"Touch","damage_taken":7,"max_hp_gain":0,"max_hp_loss":0,"event_name":"FaceTrader","floor":10,"gold_loss":0},{"damage_healed":0,"gold_gain":0,"player_choice":"Cursed","damage_taken":0,"max_hp_gain":0,"max_hp_loss":0,"event_name":"Wheel of Change","floor":14,"gold_loss":0,"cards_obtained":["Decay"]},{"damage_healed":0,"gold_gain":0,"player_choice":"Joined the Cult","damage_taken":6,"max_hp_gain":0,"max_hp_loss":0,"event_name":"Nest","floor":21,"gold_loss":0,"cards_obtained":["RitualDagger"]},{"damage_healed":0,"gold_gain":0,"player_choice":"Ignored","damage_taken":0,"max_hp_gain":0,"max_hp_loss":0,"event_name":"Ghosts","floor":22,"gold_loss":0},{"damage_healed":0,"gold_gain":0,"player_choice":"Fought Bandits","damage_taken":0,"max_hp_gain":0,"max_hp_loss":0,"event_name":"Masked Bandits","floor":31,"gold_loss":0},{"damage_healed":0,"gold_gain":0,"player_choice":"Copied","damage_taken":0,"max_hp_gain":0,"max_hp_loss":0,"event_name":"Duplicator","floor":36,"gold_loss":0,"cards_obtained":["RitualDagger"]},{"damage_healed":0,"gold_gain":0,"player_choice":"Fight","damage_taken":0,"max_hp_gain":0,"max_hp_loss":0,"event_name":"MindBloom","floor":38,"gold_loss":0},{"damage_healed":0,"gold_gain":0,"player_choice":"Paid Gold","damage_taken":0,"relics_obtained":["Sundial"],"max_hp_gain":0,"max_hp_loss":0,"event_name":"WeMeetAgain","floor":46,"gold_loss":120}],"is_beta":true,"boss_relics":[{"not_picked":["Nuclear Battery","Tiny House"],"picked":"Sozu"},{"not_picked":["Busted Crown","Orrery"],"picked":"Astrolabe"}],"items_purged_floors":[8,13,48],"is_endless":false,"potions_floor_spawned":[5,6,7,16,25,27,28,35,37,41],"ascension_level":1}