{"gold_per_floor":[111,129,145,160,73,103,178,178,178,178,178,178,213,233,233,309,309,319,319,269,285,295,355,355,355,355,71,84,110,110,128,128,128],"floor_reached":33,"playtime":2429,"items_purged":["Parasite"],"score":615,"play_id":"42c3bb0c-f417-43ba-bb08-4167554a60d5","local_time":"20190930112123","is_ascension_mode":true,"campfire_choices":[{"data":"Bash","floor":8,"key":"SMITH"},{"data":"Carnage","floor":10,"key":"SMITH"},{"data":"Shockwave","floor":12,"key":"SMITH"},{"data":"Anger","floor":15,"key":"SMITH"},{"data":"Flame Barrier","floor":24,"key":"SMITH"},{"data":"Inflame","floor":32,"key":"SMITH"}],"neow_cost":"NONE","seed_source_timestamp":235024908336000,"circlet_count":0,"master_deck":["AscendersBane","Defend_R","Defend_R","Defend_R","Defend_R","Bash+1","Rage","Anger+1","Twin Strike","Shockwave+1","Shrug It Off","Carnage+1","Impervious","Flame Barrier+1","Havoc+1","Shrug It Off","Bite","Bite","Bite","Bite","Bite","Inflame+1","Impervious","Combust"],"relics":["Burning Blood","Centennial Puzzle","White Beast Statue","CaptainsWheel","Cursed Key","Tiny Chest","Anchor","PreservedInsect","TungstenRod"],"potions_floor_usage":[16,18,23,33],"damage_taken":[{"damage":1,"enemies":"Cultist","floor":1,"turns":4},{"damage":1,"enemies":"Small Slimes","floor":2,"turns":3},{"damage":1,"enemies":"Jaw Worm","floor":3,"turns":3},{"damage":12,"enemies":"2 Fungi Beasts","floor":4,"turns":4},{"damage":17,"enemies":"Lagavulin","floor":6,"turns":6},{"damage":9,"enemies":"3 Sentries","floor":13,"turns":6},{"damage":8,"enemies":"Blue Slaver","floor":14,"turns":3},{"damage":10,"enemies":"Hexaghost","floor":16,"turns":7},{"damage":1,"enemies":"Chosen","floor":18,"turns":4},{"damage":0,"enemies":"3 Byrds","floor":21,"turns":5},{"damage":9,"enemies":"Snake Plant","floor":22,"turns":4},{"damage":32,"enemies":"Gremlin Leader","floor":23,"turns":5},{"damage":12,"enemies":"Sentry and Sphere","floor":28,"turns":5},{"damage":9,"enemies":"Slavers","floor":29,"turns":6},{"damage":7,"enemies":"Shelled Parasite and Fungi","floor":31,"turns":4},{"damage":87,"enemies":"Collector","floor":33,"turns":9}],"seed_played":"2163386373707549288","potions_obtained":[{"floor":1,"key":"SpeedPotion"},{"floor":6,"key":"Strength Potion"},{"floor":13,"key":"Block Potion"},{"floor":16,"key":"FearPotion"},{"floor":18,"key":"SpeedPotion"},{"floor":21,"key":"Fire Potion"},{"floor":22,"key":"Energy Potion"},{"floor":23,"key":"Regen Potion"},{"floor":28,"key":"Explosive Potion"},{"floor":29,"key":"GamblersBrew"},{"floor":31,"key":"Explosive Potion"}],"is_trial":false,"path_per_floor":["M","M","M","M","$","E","?","R","T","R","?","R","E","M","R","B",null,"M","?","?","M","M","E","R","?","T","$","M","E","T","M","R","B"],"character_chosen":"IRONCLAD","items_purchased":["Carnage","PreservedInsect","Inflame"],"campfire_rested":0,"item_purchase_floors":[5,27,27],"current_hp_per_floor":[73,75,75,69,69,58,47,47,47,47,52,52,49,47,47,43,71,76,76,76,80,77,51,51,51,51,51,49,53,53,53,53,0],"gold":128,"neow_bonus":"TRANSFORM_CARD","is_prod":false,"is_daily":false,"chose_seed":false,"campfire_upgraded":6,"win_rate":0,"timestamp":1569810083,"path_taken":["M","?","M","M","$","E","?","R","T","R","?","R","E","M","R","BOSS","M","?","?","M","?","E","R","?","T","$","M","E","?","M","R","BOSS"],"build_version":"2019-09-27","purchased_purges":1,"victory":false,"max_hp_per_floor":[75,75,75,75,75,75,75,75,75,75,80,80,80,80,80,80,80,80,80,80,80,80,80,80,56,56,53,53,53,53,53,53,53],"card_choices":[{"not_picked":["Rage","Ghostly Armor"],"picked":"Anger","floor":1},{"not_picked":["Clash","Rupture"],"picked":"Twin Strike","floor":2},{"not_picked":["Iron Wave","Thunderclap"],"picked":"Shockwave","floor":3},{"not_picked":["Anger","Seeing Red"],"picked":"Shrug It Off","floor":4},{"not_picked":["Havoc","Shockwave","Armaments"],"picked":"SKIP","floor":6},{"not_picked":["Havoc","Shockwave","Armaments"],"picked":"SKIP","floor":6},{"not_picked":["Anger","Barricade","Warcry"],"picked":"SKIP","floor":13},{"not_picked":["Anger","Heavy Blade","Sentinel"],"picked":"SKIP","floor":14},{"not_picked":["Anger","Heavy Blade","Sentinel"],"picked":"SKIP","floor":14},{"not_picked":["Feed","Exhume"],"picked":"Impervious","floor":16},{"not_picked":["Pummel","Warcry","Searing Blow"],"picked":"SKIP","floor":18},{"not_picked":["Anger","Thunderclap"],"picked":"Havoc+1","floor":21},{"not_picked":["Wild Strike","Iron Wave"],"picked":"Shrug It Off","floor":22},{"not_picked":["Havoc","Sword Boomerang","Seeing Red"],"picked":"SKIP","floor":23},{"not_picked":["Perfected Strike","Clash"],"picked":"Impervious","floor":28},{"not_picked":["Twin Strike","Iron Wave","Perfected Strike"],"picked":"SKIP","floor":29},{"not_picked":["Twin Strike","Iron Wave","Perfected Strike"],"picked":"SKIP","floor":29},{"not_picked":["Anger","Clothesline"],"picked":"Combust","floor":31}],"player_experience":883643,"relics_obtained":[{"floor":6,"key":"Centennial Puzzle"},{"floor":9,"key":"White Beast Statue"},{"floor":13,"key":"CaptainsWheel"},{"floor":23,"key":"Tiny Chest"},{"floor":26,"key":"Anchor"},{"floor":29,"key":"TungstenRod"}],"event_choices":[{"damage_healed":0,"gold_gain":75,"player_choice":"Gather Gold","damage_taken":11,"max_hp_gain":0,"max_hp_loss":0,"event_name":"World of Goop","floor":7,"gold_loss":0},{"damage_healed":0,"gold_gain":0,"player_choice":"Donut","damage_taken":0,"max_hp_gain":5,"max_hp_loss":0,"event_name":"Big Fish","floor":11,"gold_loss":0},{"damage_healed":0,"gold_gain":0,"player_choice":"Read","damage_taken":0,"max_hp_gain":0,"max_hp_loss":0,"event_name":"The Library","floor":19,"gold_loss":0,"cards_obtained":["Flame Barrier"]},{"damage_healed":0,"gold_gain":0,"player_choice":"Bet on Murderer","damage_taken":0,"max_hp_gain":0,"max_hp_loss":0,"event_name":"The Joust","floor":20,"gold_loss":50},{"damage_healed":0,"gold_gain":0,"player_choice":"Became a vampire","damage_taken":0,"max_hp_gain":0,"max_hp_loss":24,"event_name":"Vampires","floor":25,"gold_loss":0,"cards_obtained":["Bite","Bite","Bite","Bite","Bite"]}],"is_beta":true,"boss_relics":[{"not_picked":["Black Star","Velvet Choker"],"picked":"Cursed Key"}],"items_purged_floors":[27],"is_endless":false,"potions_floor_spawned":[1,6,13,14,16,18,21,22,23,28,29,31],"killed_by":"Collector","ascension_level":20}