{"gold_per_floor":[217,217,142,157,173,173,198,198,198,228,228],"floor_reached":11,"playtime":591,"items_purged":[],"score":162,"play_id":"d7ebdf3c-a077-4288-86f2-cb70d8eba114","local_time":"20190929225329","is_ascension_mode":true,"campfire_choices":[{"data":"Wild Strike","floor":6,"key":"SMITH"},{"data":"Battle Trance","floor":8,"key":"SMITH"}],"neow_cost":"NONE","seed_source_timestamp":191989444689000,"circlet_count":0,"master_deck":["AscendersBane","Strike_R","Strike_R","Strike_R","Strike_R","Defend_R","Defend_R","Defend_R","Defend_R","Bash+1","Wild Strike+1","Ghostly Armor","Battle Trance+1","Pommel Strike"],"relics":["Burning Blood","Bird Faced Urn","Turnip","Torii"],"potions_floor_usage":[7],"damage_taken":[{"damage":7,"enemies":"2 Louse","floor":1,"turns":3},{"damage":1,"enemies":"Cultist","floor":4,"turns":3},{"damage":2,"enemies":"Jaw Worm","floor":5,"turns":2},{"damage":30,"enemies":"Lagavulin","floor":7,"turns":5},{"damage":45,"enemies":"3 Sentries","floor":10,"turns":13},{"damage":13,"enemies":"Large Slime","floor":11,"turns":1}],"seed_played":"8363764510397027196","potions_obtained":[{"floor":1,"key":"Weak Potion"}],"is_trial":false,"path_per_floor":["M","?","?","M","M","R","E","R","T","E","M"],"character_chosen":"IRONCLAD","items_purchased":[],"campfire_rested":0,"item_purchase_floors":[],"current_hp_per_floor":[67,67,67,72,75,75,51,51,51,12,0],"gold":228,"neow_bonus":"HUNDRED_GOLD","is_prod":false,"is_daily":false,"chose_seed":false,"campfire_upgraded":2,"win_rate":0,"timestamp":1569765209,"path_taken":["M","?","?","M","M","R","E","R","T","E","M"],"build_version":"2019-09-27","purchased_purges":0,"victory":false,"max_hp_per_floor":[75,75,75,75,75,75,75,75,75,75,75],"card_choices":[{"not_picked":["Corruption","Body Slam"],"picked":"Wild Strike","floor":1},{"not_picked":["Thunderclap","Wild Strike"],"picked":"Ghostly Armor","floor":4},{"not_picked":["Wild Strike","Body Slam"],"picked":"Battle Trance","floor":5},{"not_picked":["Havoc","Rage","Hemokinesis"],"picked":"SKIP","floor":7},{"not_picked":["Sword Boomerang","Heavy Blade"],"picked":"Pommel Strike","floor":10}],"player_experience":881857,"relics_obtained":[{"floor":7,"key":"Bird Faced Urn"},{"floor":9,"key":"Turnip"},{"floor":10,"key":"Torii"}],"event_choices":[{"damage_healed":0,"gold_gain":0,"player_choice":"Grow","damage_taken":0,"max_hp_gain":0,"max_hp_loss":0,"event_name":"Living Wall","floor":2,"gold_loss":0,"cards_upgraded":["Bash"]},{"cards_removed":["Strike_R"],"damage_healed":0,"gold_gain":0,"player_choice":"Card Removal","damage_taken":0,"max_hp_gain":0,"max_hp_loss":0,"event_name":"The Cleric","floor":3,"gold_loss":75}],"is_beta":true,"boss_relics":[],"items_purged_floors":[],"is_endless":false,"potions_floor_spawned":[1],"killed_by":"Large Slime","ascension_level":20}