{"gold_per_floor":[119,139,159,175,117,147,147,176,203,203,220,220,295,295,295,369,369,389,389,409,423,436,436,469,469,469,486,486,244,169,195,195,267,267,280,180,200,213,230,230,230,230,230,258,21,48,66,66],"floor_reached":48,"playtime":2464,"items_purged":["Strike_R","Bludgeon","Anger+1"],"score":1030,"play_id":"9c92a48b-ab57-4b62-a69b-7e3d6567a8dc","local_time":"20191001220839","is_ascension_mode":true,"campfire_choices":[{"data":"Anger","floor":7.0,"key":"SMITH"},{"data":"Disarm","floor":10.0,"key":"SMITH"},{"data":"Inflame","floor":12.0,"key":"SMITH"},{"data":"Metallicize","floor":15.0,"key":"SMITH"},{"floor":23.0,"key":"REST"},{"floor":25.0,"key":"REST"},{"floor":32.0,"key":"REST"},{"floor":40.0,"key":"REST"},{"floor":42.0,"key":"REST"}],"neow_cost":"NONE","seed_source_timestamp":0,"circlet_count":0,"master_deck":["AscendersBane","Defend_R","Defend_R","Defend_R+1","Defend_R+1","Bash+1","Shrug It Off","Disarm+1","Feel No Pain","Metallicize+1","Inflame+1","Dual Wield","Second Wind","True Grit","Shrug It Off","Flash of Steel","Evolve","Impervious+1","Infernal Blade+1","Dropkick+1","Decay","Battle Trance"],"special_seed":0,"relics":["Burning Blood","Mummified Hand","Orichalcum","Champion Belt","PreservedInsect","Fusion Hammer","Ornamental Fan","InkBottle","Lizard Tail","War Paint","Astrolabe","Paper Frog","Bottled Lightning","Happy Flower"],"potions_floor_usage":[],"damage_taken":[{"damage":3.0,"enemies":"2 Louse","floor":1.0,"turns":4.0},{"damage":1.0,"enemies":"Cultist","floor":2.0,"turns":4.0},{"damage":2.0,"enemies":"Small Slimes","floor":3.0,"turns":3.0},{"damage":9.0,"enemies":"Looter","floor":4.0,"turns":4.0},{"damage":24.0,"enemies":"Gremlin Nob","floor":6.0,"turns":4.0},{"damage":27.0,"enemies":"Lagavulin","floor":8.0,"turns":6.0},{"damage":4.0,"enemies":"Red Slaver","floor":11.0,"turns":3.0},{"damage":4.0,"enemies":"Hexaghost","floor":16.0,"turns":9.0},{"damage":13.0,"enemies":"2 Thieves","floor":18.0,"turns":5.0},{"damage":8.0,"enemies":"Chosen","floor":20.0,"turns":6.0},{"damage":17.0,"enemies":"Snake Plant","floor":21.0,"turns":5.0},{"damage":15.0,"enemies":"Snecko","floor":22.0,"turns":5.0},{"damage":13.0,"enemies":"Book of Stabbing","floor":24.0,"turns":5.0},{"damage":13.0,"enemies":"Cultist and Chosen","floor":27.0,"turns":6.0},{"damage":78.0,"enemies":"Automaton","floor":33.0,"turns":12.0},{"damage":0.0,"enemies":"Orb Walker","floor":35.0,"turns":4.0},{"damage":37.0,"enemies":"3 Shapes","floor":37.0,"turns":30.0},{"damage":11.0,"enemies":"Writhing Mass","floor":38.0,"turns":10.0},{"damage":30.0,"enemies":"Jaw Worm Horde","floor":39.0,"turns":6.0},{"damage":20.0,"enemies":"Nemesis","floor":44.0,"turns":8.0},{"damage":86.0,"enemies":"Sphere and 2 Shapes","floor":47.0,"turns":12.0},{"damage":13,"enemies":"Reptomancer","floor":48,"turns":2}],"seed_played":"6452915518914908654","potions_obtained":[{"floor":1.0,"key":"PowerPotion"},{"floor":2.0,"key":"AttackPotion"},{"floor":6.0,"key":"EntropicBrew"},{"floor":18.0,"key":"Energy Potion"},{"floor":20.0,"key":"Dexterity Potion"},{"floor":27.0,"key":"Ancient Potion"},{"floor":33.0,"key":"Swift Potion"},{"floor":35.0,"key":"BloodPotion"},{"floor":37.0,"key":"EntropicBrew"},{"floor":38.0,"key":"Fire Potion"},{"floor":39.0,"key":"SpeedPotion"}],"is_trial":false,"path_per_floor":["M","M","M","M","?","E","R","E","T","R","M","R","?","?","R","B",null,"M","T","M","M","M","R","E","R","T","M","?","$","?","T","R","B",null,"M","$","M","M","M","R","?","R","T","E","$","T","M","E"],"character_chosen":"IRONCLAD","items_purchased":["Flash of Steel","Evolve","BloodPotion","BloodPotion"],"campfire_rested":5,"item_purchase_floors":[29,29,45,45],"current_hp_per_floor":[71,75,75,72,72,54,54,33,33,33,35,35,24,24,24,26,63,56,56,54,43,34,56,49,71,71,64,64,64,64,64,75,43,67,73,73,42,67,43,65,65,75,75,61,61,61,11,0],"gold":66,"neow_bonus":"REMOVE_CARD","is_prod":false,"is_daily":false,"chose_seed":false,"campfire_upgraded":4,"win_rate":0,"timestamp":1569992919,"path_taken":["M","M","M","M","?","E","R","E","T","R","?","R","?","?","R","BOSS","M","?","?","M","M","R","E","R","T","?","?","$","?","?","R","BOSS","M","$","M","?","M","R","?","R","T","E","?","?","M","E"],"build_version":"2019-10-01","purchased_purges":3,"victory":false,"max_hp_per_floor":[75,75,75,75,75,75,75,75,75,75,75,75,75,75,75,75,75,75,75,75,75,75,75,75,75,75,75,75,75,75,75,75,75,75,75,75,75,75,75,75,75,75,75,75,75,75,75,75],"card_choices":[{"not_picked":["True Grit","Bloodletting"],"picked":"Shrug It Off","floor":1.0},{"not_picked":["Warcry","Sword Boomerang"],"picked":"Disarm","floor":2.0},{"not_picked":["Flex","Sentinel"],"picked":"Feel No Pain","floor":3.0},{"not_picked":["Pummel","Headbutt"],"picked":"Anger","floor":4.0},{"not_picked":["Anger","Shrug It Off"],"picked":"Metallicize","floor":6.0},{"not_picked":["Exhume","Havoc"],"picked":"Wild Strike","floor":8.0},{"not_picked":["Flame Barrier","Wild Strike"],"picked":"Inflame","floor":11.0},{"not_picked":["Barricade","Dark Embrace"],"picked":"Bludgeon","floor":16.0},{"not_picked":["Body Slam","Clothesline","Twin Strike"],"picked":"SKIP","floor":18.0},{"not_picked":["Body Slam","Iron Wave"],"picked":"Dual Wield","floor":20.0},{"not_picked":["Heavy Blade","Ghostly Armor","Warcry"],"picked":"SKIP","floor":21.0},{"not_picked":["Barricade","Twin Strike"],"picked":"Second Wind","floor":22.0},{"not_picked":["Perfected Strike","Fire Breathing"],"picked":"True Grit","floor":24.0},{"not_picked":["Shockwave","Heavy Blade"],"picked":"Shrug It Off","floor":27.0},{"not_picked":["Clash","Clothesline+1","Rupture"],"picked":"SKIP","floor":35.0},{"not_picked":["Combust","Anger","Infernal Blade"],"picked":"SKIP","floor":37.0},{"not_picked":["Heavy Blade","Thunderclap","Iron Wave+1"],"picked":"SKIP","floor":38.0},{"not_picked":["Perfected Strike","Headbutt","Entrench"],"picked":"SKIP","floor":39.0},{"not_picked":["Clash","Whirlwind","Shockwave"],"picked":"SKIP","floor":44.0},{"not_picked":["Anger","Clash"],"picked":"Battle Trance","floor":47.0}],"player_experience":1183247,"relics_obtained":[{"floor":6.0,"key":"Orichalcum"},{"floor":8.0,"key":"Champion Belt"},{"floor":9.0,"key":"PreservedInsect"},{"floor":19.0,"key":"Ornamental Fan"},{"floor":24.0,"key":"InkBottle"},{"floor":26.0,"key":"Lizard Tail"},{"floor":31.0,"key":"War Paint"},{"floor":43.0,"key":"Paper Frog"},{"floor":44.0,"key":"Bottled Lightning"},{"floor":46.0,"key":"Happy Flower"}],"event_choices":[{"damage_healed":0.0,"max_hp_gain":0.0,"max_hp_loss":0.0,"gold_gain":0.0,"event_name":"WeMeetAgain","player_choice":"Paid Gold","floor":5.0,"gold_loss":58.0,"damage_taken":0.0,"relics_obtained":["Mummified Hand"]},{"damage_healed":0.0,"max_hp_gain":0.0,"max_hp_loss":0.0,"gold_gain":75.0,"event_name":"World of Goop","player_choice":"Gather Gold","floor":13.0,"gold_loss":0.0,"damage_taken":11.0},{"damage_healed":0.0,"max_hp_gain":0.0,"max_hp_loss":0.0,"gold_gain":0.0,"event_name":"Upgrade Shrine","player_choice":"Upgraded","floor":14.0,"gold_loss":0.0,"damage_taken":0.0,"cards_upgraded":["Bash"]},{"damage_healed":0.0,"max_hp_gain":0.0,"max_hp_loss":0.0,"gold_gain":0.0,"event_name":"The Mausoleum","player_choice":"Ignored","floor":28.0,"gold_loss":0.0,"damage_taken":0.0},{"cards_removed":["Strike_R"],"damage_healed":0.0,"max_hp_gain":0.0,"max_hp_loss":0.0,"gold_gain":0.0,"event_name":"Beggar","player_choice":"Gave Gold","floor":30.0,"gold_loss":75.0,"damage_taken":0.0},{"damage_healed":0.0,"max_hp_gain":0.0,"max_hp_loss":0.0,"gold_gain":0.0,"event_name":"Wheel of Change","player_choice":"Cursed","floor":41.0,"gold_loss":0.0,"damage_taken":0.0,"cards_obtained":["Decay"]}],"is_beta":true,"boss_relics":[{"not_picked":["Runic Cube","Pandora\u0027s Box"],"picked":"Fusion Hammer"},{"not_picked":["Black Star","Calling Bell"],"picked":"Astrolabe"}],"items_purged_floors":[29,36,45],"is_endless":false,"potions_floor_spawned":[1,2,3,6,18,20,27,33,35,37,38,39],"killed_by":"Reptomancer","ascension_level":20}