{"gold_per_floor":[113,131,149,224,224,224,285,303,303,303,346,361,361,408,408,408],"floor_reached":16,"playtime":592,"items_purged":[],"score":116,"play_id":"b74ee3a0-0476-49db-935e-d9765d875a74","local_time":"20190124225716","is_ascension_mode":true,"campfire_choices":[{"data":"Bash","floor":6,"key":"SMITH"},{"data":"Armaments","floor":10,"key":"SMITH"},{"floor":13,"key":"REST"},{"data":"True Grit","floor":15,"key":"SMITH"}],"neow_cost":"NONE","seed_source_timestamp":28970076272110,"circlet_count":0,"master_deck":["Strike_R","Strike_R","Strike_R","Strike_R","Strike_R","Defend_R","Defend_R","Defend_R","Defend_R","Bash+1","Cleave","True Grit+1","Intimidate","Armaments+1","True Grit","Whirlwind"],"relics":["Burning Blood","Golden Idol","Tiny Chest","Anchor","Question Card","Potion Belt"],"potions_floor_usage":[7,11,16,16],"damage_taken":[{"damage":1,"enemies":"Cultist","floor":1,"turns":3},{"damage":0,"enemies":"Small Slimes","floor":2,"turns":3},{"damage":6,"enemies":"Jaw Worm","floor":3,"turns":3},{"damage":34,"enemies":"3 Sentries","floor":7,"turns":11},{"damage":7,"enemies":"Blue Slaver","floor":8,"turns":4},{"damage":35,"enemies":"Lagavulin","floor":11,"turns":11},{"damage":0,"enemies":"3 Louse","floor":12,"turns":3},{"damage":61,"enemies":"Slime Boss","floor":16,"turns":10}],"seed_played":"-5436244131712949144","potions_obtained":[{"floor":0,"key":"EssenceOfSteel"},{"floor":0,"key":"Weak Potion"},{"floor":0,"key":"Regen Potion"},{"floor":2,"key":"Energy Potion"},{"floor":7,"key":"Ancient Potion"},{"floor":12,"key":"Poison Potion"}],"is_trial":false,"path_per_floor":["M","M","M","?","?","R","E","M","T","R","E","M","R","T","R","B"],"character_chosen":"IRONCLAD","items_purchased":[],"campfire_rested":1,"item_purchase_floors":[],"current_hp_per_floor":[80,80,80,69,69,69,56,55,55,55,26,32,54,54,54,0],"gold":408,"neow_bonus":"THREE_SMALL_POTIONS","is_prod":false,"is_daily":false,"chose_seed":false,"campfire_upgraded":3,"win_rate":0,"timestamp":1548392236,"path_taken":["M","M","M","?","?","R","E","M","T","R","E","M","R","?","R","BOSS"],"build_version":"2019-01-23","purchased_purges":0,"victory":false,"max_hp_per_floor":[80,80,80,80,74,74,74,74,74,74,74,74,74,74,74,74],"card_choices":[{"not_picked":["Thunderclap","Warcry"],"picked":"Cleave","floor":1},{"not_picked":["Blood for Blood","Infernal Blade"],"picked":"True Grit","floor":2},{"not_picked":["Reckless Charge","Perfected Strike","Shockwave"],"picked":"SKIP","floor":3},{"not_picked":["Perfected Strike","Reckless Charge"],"picked":"Intimidate","floor":7},{"not_picked":["Anger","Rage"],"picked":"Armaments","floor":8},{"not_picked":["Clothesline","Anger"],"picked":"True Grit","floor":11},{"not_picked":["Seeing Red","True Grit","Clash"],"picked":"Whirlwind","floor":12}],"player_experience":31321,"relics_obtained":[{"floor":7,"key":"Tiny Chest"},{"floor":9,"key":"Anchor"},{"floor":11,"key":"Question Card"},{"floor":14,"key":"Potion Belt"}],"event_choices":[{"damage_healed":0,"gold_gain":75,"player_choice":"Gather Gold","damage_taken":11,"max_hp_gain":0,"max_hp_loss":0,"event_name":"World of Goop","floor":4,"gold_loss":0},{"damage_healed":0,"gold_gain":0,"player_choice":"Lose Max HP","damage_taken":0,"relics_obtained":["Golden Idol"],"max_hp_gain":0,"max_hp_loss":6,"event_name":"Golden Idol","floor":5,"gold_loss":0}],"is_beta":false,"boss_relics":[],"items_purged_floors":[],"is_endless":false,"potions_floor_spawned":[2,7,12],"killed_by":"Slime Boss","ascension_level":1}