{"gold_per_floor":[115,132,132,31,31,31,46,46,46,46,64,82,82,96,96,191,191,204,216,216,232,247,247,247,247,247,247,247,260,279,179,179,179],"floor_reached":33,"playtime":1337,"items_purged":["Strike_R","Strike_R"],"score":239,"play_id":"832c772e-a28c-4d72-ad25-05feab433e4e","local_time":"20190706174633","is_ascension_mode":false,"campfire_choices":[{"data":"Bash","floor":6,"key":"SMITH"},{"data":"Disarm","floor":13,"key":"SMITH"},{"data":"Disarm","floor":15,"key":"SMITH"},{"floor":23,"key":"REST"},{"data":"Pommel Strike","floor":25,"key":"SMITH"},{"data":"Shrug It Off","floor":27,"key":"SMITH"},{"floor":32,"key":"REST"}],"neow_cost":"NONE","seed_source_timestamp":613993432705747,"circlet_count":0,"master_deck":["Strike_R","Strike_R","Defend_R","Defend_R","Defend_R","Defend_R","Bash+1","Pommel Strike+1","Disarm+1","Shrug It Off+1","Pummel","Disarm+1","Uppercut","Headbutt","Double Tap","Wild Strike+1","Evolve","Ghostly Armor","Rampage+1","Shrug It Off+1","Inflame"],"relics":["Burning Blood"],"potions_floor_usage":[33,33],"damage_taken":[{"damage":8,"enemies":"Small Slimes","floor":1,"turns":3},{"damage":1,"enemies":"Cultist","floor":2,"turns":4},{"damage":0,"enemies":"2 Louse","floor":7,"turns":3},{"damage":14,"enemies":"Blue Slaver","floor":11,"turns":4},{"damage":18,"enemies":"Exordium Wildlife","floor":12,"turns":7},{"damage":4,"enemies":"Looter","floor":14,"turns":4},{"damage":17,"enemies":"The Guardian","floor":16,"turns":17},{"damage":9,"enemies":"Shell Parasite","floor":18,"turns":8},{"damage":7,"enemies":"Chosen","floor":19,"turns":4},{"damage":33,"enemies":"Centurion and Healer","floor":21,"turns":9},{"damage":26,"enemies":"Snecko","floor":22,"turns":5},{"damage":27,"enemies":"Cultist and Chosen","floor":29,"turns":8},{"damage":15,"enemies":"Centurion and Healer","floor":30,"turns":8},{"damage":80,"enemies":"Collector","floor":33,"turns":7}],"seed_played":"7263065727098088484","potions_obtained":[{"floor":2,"key":"Dexterity Potion"},{"floor":8,"key":"Weak Potion"},{"floor":8,"key":"Swift Potion"}],"is_trial":false,"path_per_floor":["M","M","?","$","?","R","M","?","T","$","M","M","R","M","R","B",null,"M","M","?","M","M","R","?","R","T","R","T","M","M","$","R","B"],"character_chosen":"IRONCLAD","items_purchased":["Shrug It Off"],"campfire_rested":2,"item_purchase_floors":[4],"current_hp_per_floor":[86,88,88,88,93,93,93,93,93,93,85,73,73,75,75,64,93,90,89,89,62,42,69,69,69,69,69,69,48,39,39,66,0],"gold":179,"neow_bonus":"TEN_PERCENT_HP_BONUS","is_prod":false,"is_daily":false,"chose_seed":false,"campfire_upgraded":5,"win_rate":0,"timestamp":1562453193,"path_taken":["M","M","?","?","?","R","M","?","T","$","M","M","R","M","R","BOSS","M","?","?","M","M","R","?","R","T","R","?","M","?","$","R","BOSS"],"build_version":"2019-07-05","purchased_purges":2,"victory":false,"max_hp_per_floor":[88,88,88,88,93,93,93,93,93,93,93,93,93,93,93,93,93,93,93,93,93,93,93,93,93,93,93,93,93,93,93,93,93],"card_choices":[{"not_picked":["Body Slam","Wild Strike"],"picked":"Pommel Strike","floor":1},{"not_picked":["True Grit","Searing Blow"],"picked":"Disarm","floor":2},{"not_picked":["Perfected Strike","Corruption"],"picked":"Pummel","floor":7},{"not_picked":["Pommel Strike","Rupture"],"picked":"Disarm","floor":11},{"not_picked":["Havoc","Dark Embrace"],"picked":"Uppercut","floor":12},{"not_picked":["Wild Strike","Shrug It Off"],"picked":"Headbutt","floor":14},{"not_picked":["Dark Embrace","Reaper"],"picked":"Double Tap","floor":16},{"not_picked":["Warcry","Twin Strike"],"picked":"Wild Strike+1","floor":18},{"not_picked":["Sword Boomerang","Armaments"],"picked":"Evolve","floor":19},{"not_picked":["Sword Boomerang","Headbutt+1"],"picked":"Ghostly Armor","floor":21},{"not_picked":["Whirlwind","Sentinel"],"picked":"Rampage+1","floor":22},{"not_picked":["Clothesline","Iron Wave+1"],"picked":"Shrug It Off+1","floor":29},{"not_picked":["Warcry","Shrug It Off"],"picked":"Inflame","floor":30}],"player_experience":694309,"relics_obtained":[],"event_choices":[{"cards_removed":["Strike_R"],"damage_healed":0,"gold_gain":0,"player_choice":"Purged","damage_taken":0,"max_hp_gain":0,"max_hp_loss":0,"event_name":"Purifier","floor":3,"gold_loss":0},{"damage_healed":0,"gold_gain":0,"player_choice":"Donut","damage_taken":0,"max_hp_gain":5,"max_hp_loss":0,"event_name":"Big Fish","floor":5,"gold_loss":0},{"damage_healed":0,"gold_gain":0,"player_choice":"Got Potions","damage_taken":0,"max_hp_gain":0,"max_hp_loss":0,"event_name":"Lab","floor":8,"gold_loss":0},{"damage_healed":0,"gold_gain":0,"player_choice":"Ignored","damage_taken":0,"max_hp_gain":0,"max_hp_loss":0,"event_name":"The Mausoleum","floor":20,"gold_loss":0},{"damage_healed":0,"gold_gain":0,"player_choice":"Ignored","damage_taken":0,"max_hp_gain":0,"max_hp_loss":0,"event_name":"Cursed Tome","floor":24,"gold_loss":0}],"is_beta":false,"boss_relics":[{"not_picked":["Runic Dome","Lizard Tail","Eternal Feather"]}],"items_purged_floors":[4,31],"is_endless":false,"potions_floor_spawned":[2,11,19,21,29,30],"killed_by":"Collector","ascension_level":0}