{"gold_per_floor":[114,114,114,114,79,122,122,153,222,222,238,16,34,77,77,197,197,152,152,77,77,77,77,77,2,2,2,2,2,2,2,2,2,2,2,2,2,2,2,2,2,2,2,2,2,2,2,2,2,2],"floor_reached":51,"playtime":2420,"items_purged":["Strike_R"],"score":1103,"play_id":"8a9b02c2-754b-4a6d-bd6e-774e7d69dee6","local_time":"20190126213844","is_ascension_mode":true,"campfire_choices":[{"data":"Combust","floor":7,"key":"SMITH"},{"data":"Inflame","floor":10,"key":"SMITH"},{"data":"Demon Form","floor":15,"key":"SMITH"},{"floor":23,"key":"REST"},{"data":"True Grit","floor":27,"key":"SMITH"},{"floor":32,"key":"REST"},{"data":"Immolate","floor":40,"key":"SMITH"},{"floor":42,"key":"REST"},{"floor":49,"key":"REST"}],"neow_cost":"NONE","seed_source_timestamp":579041484877110,"circlet_count":0,"master_deck":["Strike_R","Strike_R+1","Defend_R","Defend_R","Defend_R","Defend_R+1","Bash+1","Inflame+1","Combust+1","Shrug It Off","Anger","Demon Form+1","Disarm","Immolate+1","True Grit+1","Twin Strike","Armaments+1","Bludgeon","J.A.X.","Ghostly Armor","True Grit+1","Reaper","Havoc+1","Ghostly Armor+1","Shockwave","PanicButton","Warcry+1","Warcry","Pummel"],"relics":["Burning Blood","NeowsBlessing","Golden Idol","Ancient Tea Set","Bottled Tornado","Gremlin Horn","Bronze Scales","Centennial Puzzle","Ectoplasm","Blood Vial","Boot","Busted Crown","Prayer Wheel","Bag of Preparation","Question Card","Meat on the Bone"],"potions_floor_usage":[21,28,30,33,41,41,50,50],"damage_taken":[{"damage":0,"enemies":"Small Slimes","floor":1,"turns":1},{"damage":0,"enemies":"Gremlin Nob","floor":6,"turns":1},{"damage":0,"enemies":"Lagavulin","floor":8,"turns":1},{"damage":1,"enemies":"2 Louse","floor":11,"turns":2},{"damage":4,"enemies":"Jaw Worm","floor":13,"turns":2},{"damage":17,"enemies":"3 Sentries","floor":14,"turns":5},{"damage":18,"enemies":"Slime Boss","floor":16,"turns":7},{"damage":12,"enemies":"2 Thieves","floor":18,"turns":3},{"damage":5,"enemies":"Spheric Guardian","floor":21,"turns":4},{"damage":36,"enemies":"Shelled Parasite and Fungi","floor":22,"turns":4},{"damage":40,"enemies":"Slavers","floor":28,"turns":5},{"damage":6,"enemies":"Sentry and Sphere","floor":30,"turns":3},{"damage":3,"enemies":"Centurion and Healer","floor":31,"turns":6},{"damage":52,"enemies":"Collector","floor":33,"turns":7},{"damage":12,"enemies":"3 Shapes","floor":35,"turns":5},{"damage":23,"enemies":"Mind Bloom Boss Battle","floor":36,"turns":6},{"damage":3,"enemies":"Orb Walker","floor":38,"turns":3},{"damage":55,"enemies":"Nemesis","floor":41,"turns":7},{"damage":10,"enemies":"Transient","floor":44,"turns":5},{"damage":15,"enemies":"Jaw Worm Horde","floor":47,"turns":3},{"damage":80,"enemies":"Donu and Deca","floor":50,"turns":10}],"seed_played":"1013432034181818686","potions_obtained":[{"floor":1,"key":"BloodPotion"},{"floor":6,"key":"SkillPotion"},{"floor":8,"key":"SteroidPotion"},{"floor":13,"key":"Block Potion"},{"floor":22,"key":"EssenceOfSteel"},{"floor":33,"key":"PowerPotion"},{"floor":35,"key":"EssenceOfSteel"},{"floor":36,"key":"Fire Potion"},{"floor":47,"key":"SkillPotion"}],"is_trial":false,"path_per_floor":["M","?","?","?","?","E","R","E","T","R","M","$","M","E","R","B",null,"M","?","$","M","M","R","?","?","T","R","E","$","M","M","R","B",null,"M","?","?","M","?","R","E","R","T","M","T","$","M","$","R","B",null],"character_chosen":"IRONCLAD","items_purchased":["Demon Form","Bronze Scales"],"campfire_rested":4,"item_purchase_floors":[12,12],"current_hp_per_floor":[78,78,74,59,74,74,74,74,74,74,74,74,74,63,63,51,68,62,62,62,63,33,55,55,55,55,55,23,23,32,37,59,15,59,63,55,55,60,55,55,8,30,30,41,41,41,46,46,68,28],"gold":2,"neow_bonus":"THREE_ENEMY_KILL","is_prod":false,"is_daily":false,"chose_seed":false,"campfire_upgraded":5,"win_rate":0,"timestamp":1548560324,"path_taken":["M","?","?","?","?","E","R","E","T","R","M","$","M","E","R","BOSS","M","?","$","?","M","R","?","?","T","R","E","?","M","M","R","BOSS","M","?","?","?","?","R","E","R","T","M","?","$","M","?","R","BOSS"],"build_version":"2019-01-23","purchased_purges":1,"victory":true,"max_hp_per_floor":[80,80,74,74,74,74,74,74,74,74,74,74,74,74,74,74,74,74,74,74,74,74,74,74,74,74,74,74,74,74,74,74,74,74,74,74,74,74,74,74,74,74,74,74,74,74,74,74,74,74],"card_choices":[{"not_picked":["Corruption","Perfected Strike"],"picked":"Inflame","floor":1},{"not_picked":["Ghostly Armor","Sever Soul"],"picked":"Combust","floor":6},{"not_picked":["Headbutt","Searing Blow"],"picked":"Shrug It Off","floor":8},{"not_picked":["Headbutt","Shrug It Off"],"picked":"Anger","floor":11},{"not_picked":["Havoc","Thunderclap","Clothesline"],"picked":"SKIP","floor":13},{"not_picked":["Seeing Red","Shrug It Off"],"picked":"Disarm","floor":14},{"not_picked":["Berserk","Juggernaut"],"picked":"Immolate","floor":16},{"not_picked":["Wild Strike","Perfected Strike+1"],"picked":"True Grit","floor":18},{"not_picked":["Bloodletting","Clothesline+1"],"picked":"Armaments+1","floor":21},{"not_picked":["Twin Strike","Cleave"],"picked":"Bludgeon","floor":22},{"not_picked":["Bloodletting+1","Rampage+1","Blood for Blood"],"picked":"SKIP","floor":28},{"not_picked":["Thunderclap","Intimidate+1"],"picked":"Ghostly Armor","floor":30},{"not_picked":["Havoc","Body Slam"],"picked":"True Grit","floor":31},{"not_picked":["Brutality","Double Tap"],"picked":"Reaper","floor":33},{"not_picked":[],"picked":"Havoc+1","floor":35},{"not_picked":[],"picked":"Ghostly Armor+1","floor":36},{"not_picked":[],"picked":"Shockwave","floor":38},{"not_picked":["Wild Strike+1"],"picked":"SKIP","floor":38},{"not_picked":[],"picked":"PanicButton","floor":39},{"not_picked":["Thunderclap"],"picked":"SKIP","floor":41},{"not_picked":["Rampage+1"],"picked":"Warcry+1","floor":44},{"not_picked":["Iron Wave+1"],"picked":"Warcry","floor":44},{"not_picked":["Evolve"],"picked":"Pummel","floor":47},{"not_picked":["Shrug It Off","Clothesline"],"picked":"SKIP","floor":47}],"player_experience":481476,"relics_obtained":[{"floor":6,"key":"Ancient Tea Set"},{"floor":8,"key":"Bottled Tornado"},{"floor":9,"key":"Gremlin Horn"},{"floor":14,"key":"Centennial Puzzle"},{"floor":26,"key":"Blood Vial"},{"floor":28,"key":"Boot"},{"floor":36,"key":"Prayer Wheel"},{"floor":41,"key":"Bag of Preparation"},{"floor":43,"key":"Question Card"},{"floor":45,"key":"Meat on the Bone"}],"event_choices":[{"damage_healed":0,"gold_gain":0,"player_choice":"Grow","damage_taken":0,"max_hp_gain":0,"max_hp_loss":0,"event_name":"Living Wall","floor":2,"gold_loss":0,"cards_upgraded":["Bash"]},{"damage_healed":0,"gold_gain":0,"player_choice":"Lose Max HP","damage_taken":0,"relics_obtained":["Golden Idol"],"max_hp_gain":0,"max_hp_loss":6,"event_name":"Golden Idol","floor":3,"gold_loss":0},{"damage_healed":0,"gold_gain":0,"player_choice":"Entered Light","damage_taken":15,"max_hp_gain":0,"max_hp_loss":0,"event_name":"Shining Light","floor":4,"gold_loss":0,"cards_upgraded":["Defend_R","Strike_R"]},{"damage_healed":18,"gold_gain":0,"player_choice":"Healed","damage_taken":0,"max_hp_gain":0,"max_hp_loss":0,"event_name":"The Cleric","floor":5,"gold_loss":35},{"damage_healed":0,"gold_gain":0,"cards_transformed":["Strike_R"],"player_choice":"Transformed","damage_taken":0,"max_hp_gain":0,"max_hp_loss":0,"event_name":"Transmorgrifier","floor":19,"gold_loss":0,"cards_obtained":["Twin Strike"]},{"damage_healed":0,"gold_gain":0,"player_choice":"Obtain J.A.X.","damage_taken":0,"max_hp_gain":0,"max_hp_loss":0,"event_name":"Drug Dealer","floor":24,"gold_loss":0,"cards_obtained":["J.A.X."]},{"cards_removed":["Strike_R"],"damage_healed":0,"gold_gain":0,"player_choice":"Gave Gold","damage_taken":0,"max_hp_gain":0,"max_hp_loss":0,"event_name":"Beggar","floor":25,"gold_loss":75},{"damage_healed":0,"gold_gain":0,"player_choice":"Fight","damage_taken":0,"max_hp_gain":0,"max_hp_loss":0,"event_name":"MindBloom","floor":36,"gold_loss":0},{"damage_healed":0,"gold_gain":0,"player_choice":"Upgraded","damage_taken":0,"max_hp_gain":0,"max_hp_loss":0,"event_name":"Upgrade Shrine","floor":37,"gold_loss":0,"cards_upgraded":["True Grit"]},{"damage_healed":0,"gold_gain":0,"player_choice":"Memory 2","damage_taken":5,"max_hp_gain":0,"max_hp_loss":0,"event_name":"SensoryStone","floor":39,"gold_loss":0}],"is_beta":false,"boss_relics":[{"not_picked":["Black Star","Runic Pyramid"],"picked":"Ectoplasm"},{"not_picked":["Calling Bell","Pandora\u0027s Box"],"picked":"Busted Crown"}],"items_purged_floors":[20],"is_endless":false,"potions_floor_spawned":[1,6,8,13,22,33,35,36,47],"ascension_level":9}