{"gold_per_floor":[115,129,146,146,158,158,177,207,207,207,240,254,254,254,254,357,357,377,397,416,426,436,436],"floor_reached":23,"playtime":1299,"items_purged":[],"score":270,"play_id":"b34293c5-16e8-4475-911b-59594b473df1","local_time":"20181202200526","is_ascension_mode":true,"campfire_choices":[{"data":"Deadly Poison","floor":6,"key":"SMITH"},{"floor":10,"key":"REST"},{"data":"Noxious Fumes","floor":13,"key":"SMITH"},{"floor":15,"key":"REST"}],"neow_cost":"NONE","seed_source_timestamp":1636688636998255,"circlet_count":0,"master_deck":["Defend_G","Defend_G","Defend_G","Defend_G+1","Defend_G","Strike_G","Strike_G","Strike_G","Survivor+1","Neutralize","Deadly Poison+1","Caltrops","Bane","Dagger Spray","Noxious Fumes+1","Deadly Poison","Noxious Fumes","Footwork"],"relics":["Ring of the Snake","War Paint","Mercury Hourglass","Bottled Tornado","Smiling Mask","Empty Cage"],"potions_floor_usage":[11,18,23,23,23],"damage_taken":[{"damage":0,"enemies":"Small Slimes","floor":1,"turns":4},{"damage":0,"enemies":"Cultist","floor":2,"turns":4},{"damage":1,"enemies":"Jaw Worm","floor":3,"turns":5},{"damage":7,"enemies":"Looter","floor":5,"turns":4},{"damage":3,"enemies":"2 Fungi Beasts","floor":7,"turns":4},{"damage":18,"enemies":"Lagavulin","floor":8,"turns":6},{"damage":9,"enemies":"3 Sentries","floor":11,"turns":4},{"damage":0,"enemies":"3 Louse","floor":12,"turns":2},{"damage":0,"enemies":"Slime Boss","floor":16,"turns":7},{"damage":4,"enemies":"Spheric Guardian","floor":18,"turns":5},{"damage":24,"enemies":"2 Thieves","floor":19,"turns":4},{"damage":18,"enemies":"Snake Plant","floor":20,"turns":4},{"damage":0,"enemies":"Cultist and Chosen","floor":21,"turns":5},{"damage":7,"enemies":"Snecko","floor":22,"turns":5},{"damage":21,"enemies":"Book of Stabbing","floor":23,"turns":5}],"seed_played":"-9135166197596746634","potions_obtained":[{"floor":0,"key":"Dexterity Potion"},{"floor":0,"key":"SteroidPotion"},{"floor":0,"key":"SkillPotion"},{"floor":7,"key":"Energy Potion"},{"floor":12,"key":"Block Potion"},{"floor":18,"key":"Ancient Potion"},{"floor":20,"key":"GamblersBrew"}],"is_trial":false,"path_per_floor":["M","M","M","?","M","R","M","E","T","R","E","M","R","?","R","B",null,"M","M","M","M","M","E"],"character_chosen":"THE_SILENT","items_purchased":[],"campfire_rested":2,"item_purchase_floors":[],"current_hp_per_floor":[70,70,69,51,44,44,41,23,23,44,35,35,35,35,56,56,70,66,42,24,24,17,0],"gold":436,"neow_bonus":"THREE_SMALL_POTIONS","is_prod":false,"is_daily":false,"chose_seed":false,"campfire_upgraded":2,"win_rate":0,"timestamp":1543802726,"path_taken":["M","M","M","?","M","R","M","E","T","R","E","M","R","?","R","BOSS","M","?","M","M","M","E"],"build_version":"2018-11-15","purchased_purges":0,"victory":false,"max_hp_per_floor":[70,70,70,70,70,70,70,70,70,70,70,70,70,70,70,70,70,70,70,70,70,70,70],"card_choices":[{"not_picked":["Blade Dance","Blur"],"picked":"Deadly Poison","floor":1},{"not_picked":["Crippling Poison","Bullet Time","Cloak And Dagger"],"picked":"SKIP","floor":2},{"not_picked":["Slice","Reflex"],"picked":"Caltrops","floor":3},{"not_picked":["Dagger Spray","Leg Sweep"],"picked":"Bane","floor":5},{"not_picked":["PiercingWail","Well Laid Plans"],"picked":"Dagger Spray","floor":7},{"not_picked":["Dagger Spray","Bouncing Flask"],"picked":"Noxious Fumes","floor":8},{"not_picked":["Grand Finale","Acrobatics"],"picked":"Deadly Poison","floor":11},{"not_picked":["Endless Agony","Deflect","Cloak And Dagger"],"picked":"SKIP","floor":12},{"not_picked":["Well Laid Plans","Accuracy","Infinite Blades+1"],"picked":"SKIP","floor":18},{"not_picked":["Predator","Calculated Gamble","Masterful Stab"],"picked":"SKIP","floor":19},{"not_picked":["Blade Dance","Distraction"],"picked":"Noxious Fumes","floor":20},{"not_picked":["Blur","Caltrops+1"],"picked":"Footwork","floor":21},{"not_picked":["Crippling Poison","Cloak And Dagger","Underhanded Strike"],"picked":"SKIP","floor":22}],"player_experience":169472,"relics_obtained":[{"floor":8,"key":"Mercury Hourglass"},{"floor":9,"key":"Bottled Tornado"},{"floor":11,"key":"Smiling Mask"}],"event_choices":[{"damage_healed":0,"gold_gain":0,"player_choice":"Success","damage_taken":18,"relics_obtained":["War Paint"],"max_hp_gain":0,"max_hp_loss":0,"event_name":"Scrap Ooze","floor":4,"gold_loss":0},{"damage_healed":0,"gold_gain":0,"player_choice":"Got Potions","damage_taken":0,"max_hp_gain":0,"max_hp_loss":0,"event_name":"Lab","floor":14,"gold_loss":0}],"is_beta":false,"boss_relics":[{"not_picked":["Orrery","Coffee Dripper"],"picked":"Empty Cage"}],"items_purged_floors":[],"is_endless":false,"potions_floor_spawned":[3,5,7,8,12,16,18,19,20,22],"killed_by":"Book of Stabbing","ascension_level":1}