{"gold_per_floor":[114,114,125,90,90,122,142,157,183,31,51,51,1,58,58,160,160,177,87,106,106,122,156,156,156,179,189,208,241,145,145,145,246,246,256,256,266,42,54,81,94,128,198,198,213,247,262,278,278,278,278,278,29,63,63],"floor_reached":56,"playtime":6567,"items_purged":["Strike_G","Strike_G","Strike_G"],"score":1459,"play_id":"39460165-b259-44ce-b960-03cc377e4b51","local_time":"20190124194842","is_ascension_mode":true,"campfire_choices":[{"floor":12.0,"key":"REST"},{"floor":15.0,"key":"REST"},{"data":"Well Laid Plans","floor":25.0,"key":"SMITH"},{"floor":32.0,"key":"REST"},{"data":"Footwork","floor":44,"key":"SMITH"},{"floor":49,"key":"RECALL"},{"data":"After Image","floor":52,"key":"SMITH"}],"neow_cost":"NONE","seed_source_timestamp":0,"circlet_count":0,"master_deck":["Defend_G","Defend_G","Defend_G","Defend_G","Strike_G","Survivor","Neutralize","Deadly Poison","Deadly Poison","Deadly Poison+1","Backflip","PiercingWail","Noxious Fumes","Corpse Explosion","Die Die Die","Footwork+1","Footwork","Dash","Blur+1","Prepared+1","Well Laid Plans+1","PiercingWail","Blur","Backflip","Ghostly","Ghostly","Ghostly","Ghostly","Ghostly","After Image+1","Calculated Gamble+1","Ghostly","Prepared+1","Noxious Fumes","Acrobatics+1","Crippling Poison+1","PiercingWail+1"],"special_seed":0,"relics":["Ring of the Snake","Smiling Mask","Pen Nib","Happy Flower","Lantern","Oddly Smooth Stone","Orrery","Omamori","Juzu Bracelet","Paper Crane","Cursed Key","Toxic Egg 2","Ancient Tea Set","PreservedInsect","Bottled Tornado","Vajra"],"potions_floor_usage":[54,55],"damage_taken":[{"damage":1.0,"enemies":"2 Louse","floor":1.0,"turns":3.0},{"damage":3.0,"enemies":"Small Slimes","floor":3.0,"turns":3.0},{"damage":34.0,"enemies":"3 Sentries","floor":6.0,"turns":12.0},{"damage":0.0,"enemies":"Jaw Worm","floor":7.0,"turns":3.0},{"damage":12.0,"enemies":"3 Louse","floor":8.0,"turns":3.0},{"damage":0.0,"enemies":"2 Fungi Beasts","floor":11.0,"turns":2.0},{"damage":14.0,"enemies":"Lagavulin Event","floor":14.0,"turns":5.0},{"damage":26.0,"enemies":"Slime Boss","floor":16.0,"turns":9.0},{"damage":6.0,"enemies":"2 Thieves","floor":18.0,"turns":3.0},{"damage":0.0,"enemies":"Chosen","floor":20.0,"turns":4.0},{"damage":17.0,"enemies":"Shelled Parasite and Fungi","floor":22.0,"turns":4.0},{"damage":27.0,"enemies":"Gremlin Leader","floor":23.0,"turns":6.0},{"damage":0.0,"enemies":"3 Cultists","floor":27.0,"turns":3.0},{"damage":2.0,"enemies":"Cultist and Chosen","floor":28.0,"turns":4.0},{"damage":9.0,"enemies":"Slavers","floor":29.0,"turns":4.0},{"damage":7.0,"enemies":"Collector","floor":33.0,"turns":13.0},{"damage":1.0,"enemies":"3 Darklings","floor":35.0,"turns":4.0},{"damage":0,"enemies":"3 Shapes","floor":37,"turns":4},{"damage":1,"enemies":"Writhing Mass","floor":39,"turns":7},{"damage":5,"enemies":"Reptomancer","floor":40,"turns":9},{"damage":0,"enemies":"4 Shapes","floor":41,"turns":5},{"damage":0,"enemies":"Nemesis","floor":42,"turns":9},{"damage":2,"enemies":"Spire Growth","floor":45,"turns":6},{"damage":0,"enemies":"Reptomancer","floor":46,"turns":7},{"damage":0,"enemies":"Maw","floor":47,"turns":8},{"damage":0,"enemies":"3 Darklings","floor":48,"turns":4},{"damage":0,"enemies":"Time Eater","floor":50,"turns":16},{"damage":0,"enemies":"Shield and Spear","floor":54,"turns":5},{"damage":3,"enemies":"The Heart","floor":55,"turns":14}],"seed_played":"998642509651699452","potions_obtained":[{"floor":7.0,"key":"Energy Potion"},{"floor":8.0,"key":"Energy Potion"},{"floor":14.0,"key":"EssenceOfSteel"},{"floor":16.0,"key":"AttackPotion"},{"floor":18.0,"key":"SneckoOil"},{"floor":20.0,"key":"FearPotion"},{"floor":23.0,"key":"GamblersBrew"},{"floor":27.0,"key":"Poison Potion"},{"floor":33.0,"key":"FearPotion"},{"floor":45,"key":"Swift Potion"},{"floor":47,"key":"LiquidBronze"}],"is_trial":false,"path_per_floor":["M","?","M","?","?","E","M","M","T","$","M","R","$","?","R","B",null,"M","?","M","?","M","E","?","R","T","M","M","E","$","?","R","B",null,"M","?","M","$","M","E","M","E","T","R","M","E","M","M","R","B",null,"R","$","E","B",null],"character_chosen":"THE_SILENT","items_purchased":["Noxious Fumes","Corpse Explosion","Backflip","Noxious Fumes","AttackPotion","Swift Potion","Bottled Tornado"],"campfire_rested":3,"item_purchase_floors":[10,10,30,38,38,38,53],"current_hp_per_floor":[69,62,59,70,58,24,24,12,12,12,12,33,33,19,40,14,70,64,64,64,64,47,20,20,20,20,20,18,9,9,9,19,12,35,34,34,34,34,33,28,28,28,28,28,26,26,26,26,26,26,35,35,35,35,32],"gold":63,"neow_bonus":"RANDOM_COMMON_RELIC","is_prod":false,"is_daily":false,"chose_seed":false,"campfire_upgraded":3,"win_rate":0,"timestamp":1548380922,"path_taken":["M","?","M","?","?","E","M","M","T","$","M","R","?","?","R","BOSS","M","?","?","?","M","E","?","R","T","M","M","E","$","?","R","BOSS","M","?","M","$","M","E","M","E","T","R","M","E","M","M","R","BOSS","R","$","E","BOSS"],"build_version":"2019-01-23","purchased_purges":3,"victory":true,"max_hp_per_floor":[70,70,70,70,70,70,70,70,70,70,70,70,70,70,70,70,70,70,70,70,70,70,70,70,70,70,70,70,70,70,35,35,35,35,35,35,35,35,35,35,35,35,35,35,35,35,35,35,35,35,35,35,35,35,35],"card_choices":[{"not_picked":["Slice","Underhanded Strike"],"picked":"Deadly Poison","floor":1.0},{"not_picked":["Footwork","Cloak And Dagger"],"picked":"Deadly Poison","floor":3.0},{"not_picked":["Underhanded Strike","Acrobatics"],"picked":"Deadly Poison","floor":6.0},{"not_picked":["Poisoned Stab","Dodge and Roll"],"picked":"Backflip","floor":7.0},{"not_picked":["Prepared","Burst"],"picked":"PiercingWail","floor":8.0},{"not_picked":["All Out Attack","Distraction","Prepared"],"picked":"SKIP","floor":11.0},{"not_picked":["A Thousand Cuts","Bullet Time"],"picked":"Die Die Die","floor":16.0},{"not_picked":["Expertise","Underhanded Strike"],"picked":"Footwork","floor":17.0},{"not_picked":["Poisoned Stab","Dagger Spray+1"],"picked":"Footwork","floor":18.0},{"not_picked":["Heel Hook","Slice"],"picked":"Dash","floor":20.0},{"not_picked":["Dagger Throw","Skewer+1"],"picked":"Blur+1","floor":22.0},{"not_picked":["Bane","PiercingWail"],"picked":"Prepared+1","floor":23.0},{"not_picked":["Flying Knee","Slice","Bane"],"picked":"SKIP","floor":27.0},{"not_picked":["Bouncing Flask","Underhanded Strike+1"],"picked":"PiercingWail","floor":28.0},{"not_picked":["Flying Knee","PiercingWail"],"picked":"Blur","floor":29.0},{"not_picked":["Storm of Steel","Adrenaline"],"picked":"After Image","floor":33.0},{"not_picked":["Dagger Spray","Riddle With Holes"],"picked":"Calculated Gamble+1","floor":35.0},{"not_picked":["Caltrops","Heel Hook"],"picked":"Prepared+1","floor":37},{"not_picked":["Cloak And Dagger","Infinite Blades","Poisoned Stab"],"picked":"SKIP","floor":39},{"not_picked":["Poisoned Stab","Escape Plan+1","Cloak And Dagger+1"],"picked":"SKIP","floor":40},{"not_picked":["Quick Slash","Flying Knee+1"],"picked":"Acrobatics+1","floor":41},{"not_picked":["Predator","Sucker Punch+1","Blur+1"],"picked":"SKIP","floor":42},{"not_picked":["Quick Slash+1","Flying Knee","Endless Agony+1"],"picked":"SKIP","floor":45},{"not_picked":["Quick Slash","Riddle With Holes+1"],"picked":"Crippling Poison+1","floor":46},{"not_picked":["Deflect+1","Cloak And Dagger+1","Poisoned Stab+1"],"picked":"SKIP","floor":47},{"not_picked":["Eviscerate+1","Prepared+1"],"picked":"PiercingWail+1","floor":48},{"not_picked":["Terror+1","Poisoned Stab","Finisher+1"],"picked":"SKIP","floor":54}],"player_experience":17241,"relics_obtained":[{"floor":6.0,"key":"Happy Flower"},{"floor":9.0,"key":"Lantern"},{"floor":14.0,"key":"Oddly Smooth Stone"},{"floor":23.0,"key":"Omamori"},{"floor":26.0,"key":"Juzu Bracelet"},{"floor":29.0,"key":"Paper Crane"},{"floor":40,"key":"Toxic Egg 2"},{"floor":42,"key":"Ancient Tea Set"},{"floor":46,"key":"PreservedInsect"},{"floor":54,"key":"Vajra"}],"event_choices":[{"cards_removed":["Defend_G"],"damage_healed":0.0,"max_hp_gain":0.0,"max_hp_loss":0.0,"gold_gain":0.0,"event_name":"Golden Wing","player_choice":"Card Removal","floor":2.0,"gold_loss":0.0,"damage_taken":7.0},{"damage_healed":17.0,"max_hp_gain":0.0,"max_hp_loss":0.0,"gold_gain":0.0,"event_name":"The Cleric","player_choice":"Healed","floor":4.0,"gold_loss":35.0,"damage_taken":0.0},{"damage_healed":0.0,"max_hp_gain":0.0,"max_hp_loss":0.0,"gold_gain":0.0,"event_name":"Scrap Ooze","player_choice":"Success","floor":5.0,"gold_loss":0.0,"damage_taken":12.0,"relics_obtained":["Pen Nib"]},{"damage_healed":0.0,"max_hp_gain":0.0,"max_hp_loss":0.0,"gold_gain":30.0,"event_name":"Dead Adventurer","player_choice":"Searched \u00272\u0027 times","floor":14.0,"gold_loss":0.0,"damage_taken":0.0},{"cards_removed":["Strike_G"],"damage_healed":0.0,"max_hp_gain":0.0,"max_hp_loss":0.0,"gold_gain":0.0,"event_name":"Designer","player_choice":"Upgrade and Remove","floor":19.0,"gold_loss":90.0,"damage_taken":0.0,"cards_upgraded":["Deadly Poison"]},{"damage_healed":0.0,"max_hp_gain":0.0,"max_hp_loss":0.0,"gold_gain":0.0,"event_name":"Beggar","player_choice":"Ignored","floor":21.0,"gold_loss":0.0,"damage_taken":0.0},{"damage_healed":0.0,"max_hp_gain":0.0,"max_hp_loss":0.0,"gold_gain":0.0,"event_name":"The Library","player_choice":"Read","floor":24.0,"gold_loss":0.0,"damage_taken":0.0,"cards_obtained":["Well Laid Plans"]},{"damage_healed":0.0,"max_hp_gain":0.0,"max_hp_loss":35.0,"gold_gain":0.0,"event_name":"Ghosts","player_choice":"Became a Ghost","floor":31.0,"gold_loss":0.0,"damage_taken":0.0,"cards_obtained":["Ghostly","Ghostly","Ghostly","Ghostly","Ghostly"]},{"damage_healed":0.0,"max_hp_gain":0.0,"max_hp_loss":0.0,"gold_gain":0.0,"event_name":"Duplicator","player_choice":"Copied","floor":36.0,"gold_loss":0.0,"damage_taken":0.0,"cards_obtained":["Ghostly"]}],"is_beta":false,"boss_relics":[{"not_picked":["Lizard Tail","Eternal Feather"],"picked":"Orrery"},{"not_picked":["White Beast Statue","Busted Crown"],"picked":"Cursed Key"}],"items_purged_floors":[13,30,38],"is_endless":false,"potions_floor_spawned":[7,8,14,16,18,20,23,27,33,39,45,46,47],"ascension_level":1}