{"gold_per_floor":[116,116,127,143,156,181,181,197,197,223,148,148,166,186,186,311,311,332,371,371,387,412,455,455,491,515,162,214,229,229,159,159,280,280,305,323,338,142,166,166,182,198,198,180,180,203,203,217,217,217,217,217,108,144,144],"floor_reached":55,"playtime":3512,"items_purged":["Strike_B","Dualcast","Sunder+1","Self Repair+1"],"score":728,"play_id":"a8f1da76-6ed2-4fc1-86b8-2d4f0e3e581e","local_time":"20181203095810","is_ascension_mode":true,"campfire_choices":[{"data":"Self Repair","floor":12,"key":"SMITH"},{"data":"Rainbow","floor":15,"key":"SMITH"},{"data":"Sunder","floor":24,"key":"SMITH"},{"floor":30,"key":"RECALL"},{"data":"Consume","floor":32,"key":"SMITH"},{"data":"Reinforced Body","floor":40,"key":"SMITH"},{"data":"Hologram","floor":45,"key":"SMITH"},{"data":"Electrodynamics","floor":47,"key":"SMITH"},{"data":"Streamline","floor":49,"key":"SMITH"},{"data":"Zap","floor":52,"key":"SMITH"}],"neow_cost":"NONE","seed_source_timestamp":1684107440559924,"circlet_count":0,"master_deck":["Strike_B+1","Defend_B+1","Defend_B+1","Defend_B+1","Defend_B+1","Zap+1","Doom and Gloom","Streamline+1","Ball Lightning","Rainbow+1","Glacier","Go for the Eyes+1","FTL+1","Reinforced Body+1","Chill+1","Leap","Consume+1","Electrodynamics+1","Capacitor+1","Hologram+1","Conserve Battery+1","Defragment"],"relics":["Coffee Dripper","Sundial","Golden Idol","Bottled Flame","Empty Cage","Red Mask","Gremlin Horn","Blue Candle","Vajra","Pantograph","Whetstone","Smiling Mask","Philosopher\u0027s Stone","DataDisk","The Courier","Dream Catcher"],"potions_floor_usage":[13,18,18,23,29,33,39,41,50,55],"damage_taken":[{"damage":11,"enemies":"Jaw Worm","floor":1,"turns":3},{"damage":0,"enemies":"2 Louse","floor":3,"turns":3},{"damage":0,"enemies":"Small Slimes","floor":4,"turns":3},{"damage":1,"enemies":"Exordium Wildlife","floor":5,"turns":3},{"damage":17,"enemies":"3 Sentries","floor":6,"turns":6},{"damage":4,"enemies":"2 Fungi Beasts","floor":8,"turns":3},{"damage":9,"enemies":"Gremlin Gang","floor":13,"turns":3},{"damage":10,"enemies":"Lots of Slimes","floor":14,"turns":2},{"damage":28,"enemies":"Hexaghost","floor":16,"turns":8},{"damage":25,"enemies":"2 Thieves","floor":18,"turns":4},{"damage":10,"enemies":"Masked Bandits","floor":19,"turns":4},{"damage":0,"enemies":"Chosen","floor":21,"turns":5},{"damage":18,"enemies":"3 Cultists","floor":22,"turns":6},{"damage":23,"enemies":"Slavers","floor":23,"turns":7},{"damage":6,"enemies":"Book of Stabbing","floor":25,"turns":8},{"damage":0,"enemies":"Snecko","floor":29,"turns":4},{"damage":29,"enemies":"Automaton","floor":33,"turns":10},{"damage":0,"enemies":"3 Darklings","floor":35,"turns":4},{"damage":5,"enemies":"3 Shapes","floor":36,"turns":5},{"damage":0,"enemies":"Spire Growth","floor":37,"turns":5},{"damage":25,"enemies":"Writhing Mass","floor":39,"turns":6},{"damage":1,"enemies":"Jaw Worm Horde","floor":41,"turns":5},{"damage":5,"enemies":"Spire Growth","floor":42,"turns":6},{"damage":0,"enemies":"4 Shapes","floor":46,"turns":3},{"damage":20,"enemies":"Maw","floor":48,"turns":9},{"damage":30,"enemies":"Awakened One","floor":50,"turns":17},{"damage":48,"enemies":"Shield and Spear","floor":54,"turns":8},{"damage":51,"enemies":"The Heart","floor":55,"turns":3}],"seed_played":"-122195921111292467","potions_obtained":[{"floor":3,"key":"Poison Potion"},{"floor":8,"key":"Block Potion"},{"floor":14,"key":"SteroidPotion"},{"floor":18,"key":"Dexterity Potion"},{"floor":22,"key":"Swift Potion"},{"floor":25,"key":"SkillPotion"},{"floor":29,"key":"Regen Potion"},{"floor":35,"key":"Energy Potion"},{"floor":41,"key":"Fire Potion"},{"floor":42,"key":"Swift Potion"}],"is_trial":false,"path_per_floor":["M","?","M","M","M","E","?","M","T","T","$","R","M","M","R","B",null,"M","?","?","M","M","E","R","E","T","$","T","M","R","?","R","B",null,"M","M","M","$","M","R","M","M","T","$","R","M","R","M","R","B",null,"R","$","E","B"],"character_chosen":"DEFECT","items_purchased":["Pantograph","DataDisk","Hologram","Defragment"],"campfire_rested":0,"item_purchase_floors":[27,38,44,53],"current_hp_per_floor":[64,69,69,69,75,65,65,68,68,68,68,68,69,69,69,51,74,59,59,59,69,61,48,48,52,52,52,52,62,62,62,62,55,74,74,74,74,74,68,68,74,74,74,74,74,74,74,64,64,54,74,74,74,26,0],"gold":144,"neow_bonus":"BOSS_RELIC","is_prod":false,"is_daily":false,"chose_seed":false,"campfire_upgraded":9,"win_rate":0,"timestamp":1543852690,"path_taken":["M","?","M","M","M","E","?","M","T","?","$","R","M","M","R","BOSS","M","?","?","M","M","E","R","E","T","$","?","M","R","?","R","BOSS","M","M","?","?","M","R","M","?","T","$","R","M","R","M","R","BOSS","R","$","E","BOSS"],"build_version":"2018-11-15","purchased_purges":4,"victory":false,"max_hp_per_floor":[75,80,80,80,80,80,74,74,74,74,74,74,74,74,74,74,74,74,74,74,74,74,74,74,74,74,74,74,74,74,74,74,74,74,74,74,74,74,74,74,74,74,74,74,74,74,74,74,74,74,74,74,74,74,74],"card_choices":[{"not_picked":["Barrage","Cold Snap"],"picked":"Doom and Gloom","floor":1},{"not_picked":["Capacitor","Auto Shields"],"picked":"Streamline","floor":3},{"not_picked":["Reprogram","Melter"],"picked":"Self Repair","floor":4},{"not_picked":["Thunder Strike","Turbo"],"picked":"Ball Lightning","floor":5},{"not_picked":["Seek","Heatsinks"],"picked":"Rainbow","floor":6},{"not_picked":["Hello World","Steam"],"picked":"Glacier","floor":8},{"not_picked":["Rebound","Capacitor"],"picked":"Go for the Eyes","floor":13},{"not_picked":["Self Repair","Genetic Algorithm"],"picked":"Sunder","floor":14},{"not_picked":["Rebound","Barrage"],"picked":"FTL","floor":18},{"not_picked":["White Noise","Skim"],"picked":"Reinforced Body","floor":19},{"not_picked":["Glacier","Go for the Eyes"],"picked":"Chill+1","floor":21},{"not_picked":["Turbo+1","Lockon","Stack"],"picked":"SKIP","floor":22},{"not_picked":["Go for the Eyes","Electrodynamics"],"picked":"Leap","floor":23},{"not_picked":["Ball Lightning+1","Rebound"],"picked":"Consume","floor":25},{"not_picked":["Compile Driver","Steam Power+1","Hologram"],"picked":"SKIP","floor":29},{"not_picked":["Reboot","Fission"],"picked":"Electrodynamics","floor":33},{"not_picked":["Consume+1","Redo"],"picked":"Capacitor+1","floor":35},{"not_picked":["Stack+1","Leap","Ball Lightning+1"],"picked":"SKIP","floor":36},{"not_picked":["Coolheaded","Sweeping Beam+1","Turbo"],"picked":"SKIP","floor":37},{"not_picked":["Cold Snap","Fission","Redo+1"],"picked":"SKIP","floor":39},{"not_picked":["Cold Snap","Fission","Redo+1"],"picked":"SKIP","floor":39},{"not_picked":["Fusion","Go for the Eyes+1","Stack"],"picked":"SKIP","floor":41},{"not_picked":["Force Field","Go for the Eyes","Steam+1"],"picked":"SKIP","floor":42},{"not_picked":["Coolheaded","Melter","Self Repair"],"picked":"SKIP","floor":46},{"not_picked":["Coolheaded","Melter","Self Repair"],"picked":"SKIP","floor":46},{"not_picked":["Redo+1","Coolheaded+1"],"picked":"Conserve Battery+1","floor":48},{"not_picked":["Rebound","Steam Power","FTL"],"picked":"SKIP","floor":54}],"player_experience":182086,"relics_obtained":[{"floor":6,"key":"Sundial"},{"floor":9,"key":"Bottled Flame"},{"floor":19,"key":"Red Mask"},{"floor":23,"key":"Gremlin Horn"},{"floor":25,"key":"Blue Candle"},{"floor":26,"key":"Vajra"},{"floor":28,"key":"Whetstone"},{"floor":43,"key":"The Courier"},{"floor":54,"key":"Dream Catcher"}],"event_choices":[{"damage_healed":0,"gold_gain":0,"player_choice":"Donut","damage_taken":0,"max_hp_gain":5,"max_hp_loss":0,"event_name":"Big Fish","floor":2,"gold_loss":0},{"damage_healed":0,"gold_gain":0,"player_choice":"Lose Max HP","damage_taken":0,"relics_obtained":["Golden Idol"],"max_hp_gain":0,"max_hp_loss":6,"event_name":"Golden Idol","floor":7,"gold_loss":0},{"damage_healed":0,"gold_gain":0,"player_choice":"Fought Bandits","damage_taken":0,"max_hp_gain":0,"max_hp_loss":0,"event_name":"Masked Bandits","floor":19,"gold_loss":0},{"damage_healed":0,"gold_gain":0,"player_choice":"Simplicity","damage_taken":0,"max_hp_gain":0,"max_hp_loss":0,"event_name":"Back to Basics","floor":20,"gold_loss":0,"cards_upgraded":["Strike_B","Defend_B","Defend_B","Defend_B","Defend_B"]},{"damage_healed":0,"gold_gain":0,"player_choice":"Paid Gold","damage_taken":0,"relics_obtained":["Smiling Mask"],"max_hp_gain":0,"max_hp_loss":0,"event_name":"WeMeetAgain","floor":31,"gold_loss":70}],"is_beta":false,"boss_relics":[{"not_picked":["White Beast Statue","Fusion Hammer"],"picked":"Empty Cage"},{"not_picked":["Eternal Feather","Runic Dome"],"picked":"Philosopher\u0027s Stone"}],"items_purged_floors":[11,27,38,53],"is_endless":false,"potions_floor_spawned":[3,8,14,18,22,25,29,35,41,42],"killed_by":"The Heart","ascension_level":1}