{"gold_per_floor":[111,130,141,155,168,168,199,71,71,71,85,85,85],"floor_reached":13,"playtime":611,"items_purged":[],"score":109,"play_id":"9ae5feb3-fd29-4fd9-a141-69f6016c2130","local_time":"20190102165009","is_ascension_mode":true,"campfire_choices":[{"floor":6,"key":"REST"}],"neow_cost":"NONE","seed_source_timestamp":1161051239719180,"circlet_count":0,"master_deck":["Strike_B","Strike_B","Strike_B","Defend_B","Defend_B","Defend_B","Defend_B","Zap","Dualcast","Rainbow","Capacitor","Auto Shields","Coolheaded","Go for the Eyes","Ball Lightning","Genetic Algorithm","Defragment","Coolheaded"],"relics":["Cracked Core","Lantern","Prayer Wheel"],"potions_floor_usage":[4],"damage_taken":[{"damage":0,"enemies":"Cultist","floor":1,"turns":3},{"damage":3,"enemies":"Jaw Worm","floor":2,"turns":4},{"damage":4,"enemies":"Small Slimes","floor":3,"turns":4},{"damage":21,"enemies":"Exordium Wildlife","floor":4,"turns":5},{"damage":4,"enemies":"Large Slime","floor":5,"turns":7},{"damage":33,"enemies":"3 Sentries","floor":7,"turns":8},{"damage":9,"enemies":"Lots of Slimes","floor":11,"turns":5},{"damage":17,"enemies":"3 Louse","floor":13,"turns":2}],"seed_played":"-7607868436447037529","potions_obtained":[{"floor":2,"key":"Block Potion"},{"floor":7,"key":"FearPotion"}],"is_trial":false,"path_per_floor":["M","M","M","M","M","R","E","$","T","?","M","?","M"],"character_chosen":"DEFECT","items_purchased":["Defragment","SpeedPotion"],"campfire_rested":1,"item_purchase_floors":[8,8],"current_hp_per_floor":[75,72,68,47,43,65,32,32,32,25,16,16,0],"gold":85,"neow_bonus":"ONE_RANDOM_RARE_CARD","is_prod":false,"is_daily":false,"chose_seed":false,"campfire_upgraded":0,"win_rate":0,"timestamp":1546469409,"path_taken":["M","?","M","M","M","R","E","$","T","?","M","?","M"],"build_version":"2018-12-20","purchased_purges":0,"victory":false,"max_hp_per_floor":[75,75,75,75,75,75,75,75,75,75,75,75,75],"card_choices":[{"not_picked":["Barrage","Storm"],"picked":"Capacitor","floor":1},{"not_picked":["Skim","Turbo"],"picked":"Auto Shields","floor":2},{"not_picked":["Fusion","Turbo"],"picked":"Coolheaded","floor":3},{"not_picked":["Sweeping Beam","Hologram"],"picked":"Go for the Eyes","floor":4},{"not_picked":["Gash","Streamline"],"picked":"Ball Lightning","floor":5},{"not_picked":["Aggregate","Multi-Cast"],"picked":"Genetic Algorithm","floor":7},{"not_picked":["Tempest","Beam Cell"],"picked":"Coolheaded","floor":11},{"not_picked":["FTL","Rebound","Barrage"],"picked":"SKIP","floor":11}],"player_experience":367460,"relics_obtained":[{"floor":7,"key":"Lantern"},{"floor":9,"key":"Prayer Wheel"}],"event_choices":[{"cards_removed":["Strike_B"],"damage_healed":0,"gold_gain":0,"player_choice":"Card Removal","damage_taken":7,"max_hp_gain":0,"max_hp_loss":0,"event_name":"Golden Wing","floor":10,"gold_loss":0},{"damage_healed":0,"gold_gain":0,"player_choice":"Ignored","damage_taken":0,"max_hp_gain":0,"max_hp_loss":0,"event_name":"Liars Game","floor":12,"gold_loss":0}],"is_beta":false,"boss_relics":[],"items_purged_floors":[],"is_endless":false,"potions_floor_spawned":[2,7],"killed_by":"3 Louse","ascension_level":5}