{"gold_per_floor":[111,111,111,124,135,135,155,180,204,129,140,159,159,176,176,274,274,249,249,249,262,262,262,276,276,302,202,202,77,176,186,186,285,285,300,39,39],"floor_reached":37,"playtime":3030,"items_purged":["Defend_R","Strike_R","Strike_R"],"score":444,"play_id":"24bcb2d3-b84d-400b-b2dc-396bfcdeb56e","local_time":"20181124103015","is_ascension_mode":false,"campfire_choices":[{"data":"Bash","floor":6.0,"key":"SMITH"},{"floor":15.0,"key":"REST"},{"data":"Flame Barrier","floor":23.0,"key":"SMITH"},{"data":"Limit Break","floor":32.0,"key":"SMITH"}],"neow_cost":"NONE","seed_source_timestamp":908859972672925,"circlet_count":0,"master_deck":["Strike_R","Defend_R","Defend_R","Bash+1","Brutality","Battle Trance","Flame Barrier+1","Metallicize","Rupture","Anger","Limit Break+1","Rupture+1","Decay","Warcry+1","Feed"],"special_seed":0,"relics":["Burning Blood","Anchor","Lantern","Eternal Feather","MutagenicStrength","Pantograph","Juzu Bracelet","Black Star","Shuriken"],"potions_floor_usage":[37,37],"damage_taken":[{"damage":10.0,"enemies":"2 Louse","floor":1.0,"turns":3.0},{"damage":10.0,"enemies":"Small Slimes","floor":4.0,"turns":3.0},{"damage":8.0,"enemies":"Jaw Worm","floor":5.0,"turns":4.0},{"damage":9.0,"enemies":"Blue Slaver","floor":7.0,"turns":3.0},{"damage":31.0,"enemies":"Lagavulin","floor":8.0,"turns":5.0},{"damage":0.0,"enemies":"3 Louse","floor":11.0,"turns":5.0},{"damage":20.0,"enemies":"Exordium Wildlife","floor":12.0,"turns":8.0},{"damage":3.0,"enemies":"2 Fungi Beasts","floor":14.0,"turns":4.0},{"damage":6.0,"enemies":"Slime Boss","floor":16.0,"turns":7.0},{"damage":17.0,"enemies":"2 Thieves","floor":18.0,"turns":5.0},{"damage":6.0,"enemies":"Spheric Guardian","floor":21.0,"turns":4.0},{"damage":13.0,"enemies":"Centurion and Healer","floor":24.0,"turns":5.0},{"damage":11.0,"enemies":"Snake Plant","floor":31.0,"turns":3.0},{"damage":21.0,"enemies":"Champ","floor":33.0,"turns":6.0},{"damage":32.0,"enemies":"3 Shapes","floor":35.0,"turns":5.0},{"damage":71,"enemies":"2 Orb Walkers","floor":37,"turns":4}],"seed_played":"8352842501240133843","potions_obtained":[{"floor":1.0,"key":"Explosive Potion"},{"floor":5.0,"key":"SteroidPotion"},{"floor":8.0,"key":"SpeedPotion"},{"floor":12.0,"key":"Weak Potion"},{"floor":21.0,"key":"PowerPotion"},{"floor":33.0,"key":"SpeedPotion"}],"is_trial":false,"path_per_floor":["M","?","?","M","M","R","M","E","T","$","M","M","?","M","R","B",null,"M","?","?","M","?","R","M","T","T","$","?","$","?","M","R","B",null,"M","$","?"],"character_chosen":"IRONCLAD","items_purchased":["Shuriken"],"campfire_rested":1,"item_purchase_floors":[36],"current_hp_per_floor":[76,69,69,65,63,63,60,35,35,35,41,27,27,30,54,54,80,69,69,69,69,69,75,68,68,68,68,68,68,68,63,69,65,80,57,57,0],"gold":39,"neow_bonus":"TRANSFORM_CARD","is_prod":false,"is_daily":false,"chose_seed":false,"campfire_upgraded":3,"win_rate":0.0,"timestamp":1543077015,"path_taken":["M","?","?","M","M","R","M","E","T","$","M","M","?","M","R","BOSS","M","?","?","?","?","R","M","?","T","$","?","$","?","M","R","BOSS","M","$","?"],"build_version":"2018-11-15","purchased_purges":3,"victory":false,"max_hp_per_floor":[80,80,80,80,80,80,80,80,80,80,80,80,80,80,80,80,80,80,80,80,80,80,80,80,80,80,80,80,80,80,80,80,80,80,83,83,83],"card_choices":[{"not_picked":["Anger","Clothesline"],"picked":"Battle Trance","floor":1.0},{"not_picked":["Clothesline","Reckless Charge","Body Slam"],"picked":"SKIP","floor":4.0},{"not_picked":["Uppercut","Pommel Strike","Sword Boomerang"],"picked":"SKIP","floor":5.0},{"not_picked":["Clash","Berserk"],"picked":"Flame Barrier","floor":7.0},{"not_picked":["Rampage","Thunderclap"],"picked":"Metallicize","floor":8.0},{"not_picked":["Perfected Strike","Sever Soul","Anger"],"picked":"SKIP","floor":11.0},{"not_picked":["Headbutt","Power Through"],"picked":"Rupture","floor":12.0},{"not_picked":["Rampage","True Grit"],"picked":"Anger","floor":14.0},{"not_picked":["Immolate","Demon Form"],"picked":"Limit Break","floor":16.0},{"not_picked":["Dual Wield","True Grit","Flame Barrier"],"picked":"SKIP","floor":18.0},{"not_picked":["Thunderclap","Spot Weakness"],"picked":"Rupture+1","floor":21.0},{"not_picked":["Warcry","Blood for Blood+1","Wild Strike+1"],"picked":"SKIP","floor":24.0},{"not_picked":["Whirlwind","True Grit+1"],"picked":"Warcry+1","floor":31.0},{"not_picked":["Berserk","Demon Form"],"picked":"Feed","floor":33.0},{"not_picked":["Cleave","Headbutt","Clash"],"picked":"SKIP","floor":35.0}],"player_experience":69624,"relics_obtained":[{"floor":8.0,"key":"Anchor"},{"floor":9.0,"key":"Lantern"},{"floor":25.0,"key":"Pantograph"},{"floor":26.0,"key":"Juzu Bracelet"}],"event_choices":[{"cards_removed":["Strike_R"],"damage_healed":0.0,"max_hp_gain":0.0,"max_hp_loss":0.0,"gold_gain":0.0,"event_name":"Golden Wing","player_choice":"Card Removal","floor":2.0,"gold_loss":0.0,"damage_taken":7.0},{"damage_healed":0.0,"max_hp_gain":0.0,"max_hp_loss":0.0,"gold_gain":0.0,"event_name":"Liars Game","player_choice":"Ignored","floor":3.0,"gold_loss":0.0,"damage_taken":0.0},{"damage_healed":0.0,"max_hp_gain":0.0,"max_hp_loss":0.0,"gold_gain":0.0,"event_name":"Scrap Ooze","player_choice":"Fled","floor":13.0,"gold_loss":0.0,"damage_taken":0.0},{"damage_healed":0.0,"max_hp_gain":0.0,"max_hp_loss":0.0,"gold_gain":0.0,"event_name":"Drug Dealer","player_choice":"Inject Mutagens","floor":19.0,"gold_loss":0.0,"damage_taken":0.0,"relics_obtained":["MutagenicStrength"]},{"damage_healed":0.0,"max_hp_gain":0.0,"max_hp_loss":0.0,"gold_gain":0.0,"event_name":"Cursed Tome","player_choice":"Ignored","floor":20.0,"gold_loss":0.0,"damage_taken":0.0},{"cards_removed":["Strike_R"],"damage_healed":0.0,"max_hp_gain":0.0,"max_hp_loss":0.0,"gold_gain":0.0,"event_name":"Back to Basics","player_choice":"Elegance","floor":22.0,"gold_loss":0.0,"damage_taken":0.0},{"damage_healed":0.0,"max_hp_gain":0.0,"max_hp_loss":0.0,"gold_gain":0.0,"event_name":"Forgotten Altar","player_choice":"Smashed Altar","floor":28.0,"gold_loss":0.0,"damage_taken":0.0,"cards_obtained":["Decay"]},{"damage_healed":0.0,"max_hp_gain":0.0,"max_hp_loss":0.0,"gold_gain":99.0,"event_name":"Nest","player_choice":"Stole From Cult","floor":30.0,"gold_loss":0.0,"damage_taken":0.0},{"damage_healed":0,"gold_gain":0,"player_choice":"Fight","damage_taken":0,"max_hp_gain":0,"max_hp_loss":0,"event_name":"Mysterious Sphere","floor":37,"gold_loss":0}],"is_beta":false,"boss_relics":[{"not_picked":["Runic Pyramid","Ectoplasm"],"picked":"Eternal Feather"},{"not_picked":["Calling Bell","Runic Dome"],"picked":"Black Star"}],"items_purged_floors":[10,27,29],"is_endless":false,"potions_floor_spawned":[1,5,8,12,21,33],"killed_by":"2 Orb Walkers","ascension_level":0}