{"gold_per_floor":[109,161,336,179,198,198,198,230,255,255,205,215,226,236,236,331,331,346,35,310,322,198,198,223,236,236,254,254],"floor_reached":28,"playtime":1707,"items_purged":["Defend_G","Bane","Bane"],"score":262,"play_id":"69a846c1-c38b-4c65-b302-cbc911bc288f","local_time":"20181212112647","is_ascension_mode":true,"campfire_choices":[{"floor":6,"key":"REST"},{"floor":10,"key":"REST"},{"floor":15,"key":"REST"},{"floor":23,"key":"REST"}],"neow_cost":"NONE","seed_source_timestamp":27929106605930,"circlet_count":0,"master_deck":["Survivor","Underhanded Strike","Blind+1","PiercingWail","Terror","Expertise","Predator","All Out Attack","Malaise","Slice","Bane","Bane","Quick Slash","Predator","Concentrate","Eviscerate","Escape Plan","Well Laid Plans","Grand Finale","Tactician","Riddle With Holes+1"],"relics":["Fusion Hammer","Omamori","Smiling Mask","Strawberry","Pandora\u0027s Box","Question Card","Happy Flower","Darkstone Periapt"],"potions_floor_usage":[],"damage_taken":[{"damage":0,"enemies":"Cultist","floor":1,"turns":4},{"damage":0,"enemies":"2 Louse","floor":5,"turns":3},{"damage":15,"enemies":"Lagavulin","floor":8,"turns":8},{"damage":2,"enemies":"Jaw Worm","floor":12,"turns":3},{"damage":3,"enemies":"Lots of Slimes","floor":13,"turns":7},{"damage":5,"enemies":"3 Louse","floor":14,"turns":3},{"damage":28,"enemies":"Slime Boss","floor":16,"turns":12},{"damage":18,"enemies":"Shell Parasite","floor":18,"turns":5},{"damage":0,"enemies":"Chosen","floor":21,"turns":3},{"damage":12,"enemies":"Gremlin Leader","floor":24,"turns":5},{"damage":17,"enemies":"Shelled Parasite and Fungi","floor":25,"turns":5},{"damage":18,"enemies":"Snake Plant","floor":27,"turns":4},{"damage":30,"enemies":"Slavers","floor":28,"turns":4}],"seed_played":"1491014587819120438","potions_obtained":[{"floor":8,"key":"SteroidPotion"},{"floor":13,"key":"SmokeBomb"},{"floor":18,"key":"Block Potion"}],"is_trial":false,"path_per_floor":["M","T","?","$","M","R","?","E","T","R","?","M","M","M","R","B",null,"M","$","?","M","$","R","E","M","T","M","E"],"character_chosen":"THE_SILENT","items_purchased":["Blind","Question Card","Well Laid Plans"],"campfire_rested":4,"item_purchase_floors":[4,19,22],"current_hp_per_floor":[70,70,70,70,70,70,70,55,62,77,77,75,72,67,77,49,77,59,59,59,59,59,77,65,48,48,30,0],"gold":254,"neow_bonus":"BOSS_RELIC","is_prod":false,"is_daily":false,"chose_seed":false,"campfire_upgraded":0,"win_rate":0,"timestamp":1544635607,"path_taken":["M","?","?","$","M","R","?","E","T","R","?","M","M","M","R","BOSS","M","$","?","M","$","R","E","M","T","M","E"],"build_version":"2018-12-06","purchased_purges":3,"victory":false,"max_hp_per_floor":[70,70,70,70,70,70,70,70,77,77,77,77,77,77,77,77,77,77,77,77,77,77,77,77,77,77,77,77],"card_choices":[{"not_picked":["Prepared","Skewer"],"picked":"Underhanded Strike","floor":1},{"not_picked":["Bouncing Flask","Sucker Punch"],"picked":"PiercingWail","floor":5},{"not_picked":["Flying Knee","Blade Dance"],"picked":"Terror","floor":8},{"not_picked":["Blade Dance","Underhanded Strike"],"picked":"Expertise","floor":12},{"not_picked":["Dodge and Roll","Choke"],"picked":"Predator","floor":13},{"not_picked":["Slice","Deflect"],"picked":"All Out Attack","floor":14},{"not_picked":["Night Terror","Adrenaline"],"picked":"Malaise","floor":16},{"not_picked":["Slice","Choke","Quick Slash"],"picked":"SKIP","floor":18},{"not_picked":["Masterful Stab","Heel Hook","Eviscerate+1"],"picked":"Escape Plan","floor":21},{"not_picked":["Acrobatics","Riddle With Holes+1","Expertise+1"],"picked":"Grand Finale","floor":24},{"not_picked":["Masterful Stab","Riddle With Holes","Deflect"],"picked":"Tactician","floor":25},{"not_picked":["Flying Knee","Bane","Underhanded Strike"],"picked":"Riddle With Holes+1","floor":27}],"player_experience":273361,"relics_obtained":[{"floor":2,"key":"Omamori"},{"floor":8,"key":"Smiling Mask"},{"floor":9,"key":"Strawberry"},{"floor":24,"key":"Happy Flower"},{"floor":26,"key":"Darkstone Periapt"}],"event_choices":[{"damage_healed":0,"gold_gain":175,"player_choice":"AGREE","damage_taken":0,"max_hp_gain":0,"max_hp_loss":0,"event_name":"Liars Game","floor":3,"gold_loss":0,"cards_obtained":["Doubt"]},{"damage_healed":0,"gold_gain":0,"player_choice":"Grow","damage_taken":0,"max_hp_gain":0,"max_hp_loss":0,"event_name":"Living Wall","floor":7,"gold_loss":0,"cards_upgraded":["Blind"]},{"cards_removed":["Neutralize"],"damage_healed":0,"gold_gain":0,"player_choice":"Card Removal","damage_taken":0,"max_hp_gain":0,"max_hp_loss":0,"event_name":"The Cleric","floor":11,"gold_loss":50},{"damage_healed":0,"gold_gain":275,"player_choice":"Desecrate","damage_taken":0,"max_hp_gain":0,"max_hp_loss":0,"event_name":"Golden Shrine","floor":20,"gold_loss":0,"cards_obtained":["Regret"]}],"is_beta":false,"boss_relics":[{"not_picked":["Sozu","Empty Cage"],"picked":"Pandora\u0027s Box"}],"items_purged_floors":[4,19,22],"is_endless":false,"potions_floor_spawned":[8,13,18,24,25,27],"killed_by":"Slavers","ascension_level":2}