{"gold_per_floor":[113,113,127,195,210,210,226,226,226,252,302,365,415,431,431,550,550,566,587,637,701,714,753,769,769,769,803,447,522,522,536,536,657,657,670,1053,1203,1219,655,655,680,680,752,814,964,981,1031,1046,1046,1046,1046,1046,542,568,568],"floor_reached":56,"playtime":4054,"items_purged":["Storm","Beam Cell","Steam"],"score":1302,"play_id":"68c3d775-9f97-48f6-9241-1f6371c09ae6","local_time":"20181211183414","is_ascension_mode":true,"campfire_choices":[{"data":"Defragment","floor":6,"key":"SMITH"},{"data":"Coolheaded","floor":8,"key":"SMITH"},{"data":"Leap","floor":15,"key":"SMITH"},{"floor":30,"key":"REST"},{"floor":32,"key":"REST"},{"data":"Capacitor","floor":40,"key":"SMITH"},{"floor":42,"key":"RECALL"},{"data":"Consume","floor":49,"key":"SMITH"},{"data":"Reinforced Body","floor":52,"key":"SMITH"}],"neow_cost":"NONE","seed_source_timestamp":2405131324735455,"circlet_count":0,"master_deck":["Zap","Dualcast","Cold Snap","Ball Lightning","Capacitor+1","Defragment+1","Coolheaded+1","Reinforced Body+1","Leap+1","Barrage","Leap","Ball Lightning","Go for the Eyes","Glacier","Redo","Coolheaded+1","Barrage","Capacitor+1","Consume+1","Electrodynamics","Enlightenment","Capacitor","Glacier","Reinforced Body+1"],"relics":["Nuclear Battery","SsserpentHead","Pear","Ginger","Pandora\u0027s Box","Cables","PreservedInsect","Symbiotic Virus","Gambling Chip","HandDrill","Snecko Eye","PrismaticShard","Mummified Hand","Blue Candle","Du-Vu Doll","Membership Card","Art of War","Boot","Blood Vial"],"potions_floor_usage":[10,21,29,33,50,55,55],"damage_taken":[{"damage":4,"enemies":"Jaw Worm","floor":1,"turns":4},{"damage":0,"enemies":"Cultist","floor":3,"turns":3},{"damage":1,"enemies":"2 Louse","floor":4,"turns":3},{"damage":7,"enemies":"Lots of Slimes","floor":5,"turns":4},{"damage":1,"enemies":"Large Slime","floor":7,"turns":5},{"damage":24,"enemies":"Gremlin Nob","floor":10,"turns":4},{"damage":0,"enemies":"Blue Slaver","floor":12,"turns":4},{"damage":0,"enemies":"Red Slaver","floor":14,"turns":5},{"damage":19,"enemies":"The Guardian","floor":16,"turns":12},{"damage":5,"enemies":"3 Byrds","floor":18,"turns":7},{"damage":3,"enemies":"Spheric Guardian","floor":19,"turns":4},{"damage":13,"enemies":"3 Cultists","floor":21,"turns":6},{"damage":14,"enemies":"Shelled Parasite and Fungi","floor":22,"turns":6},{"damage":21,"enemies":"Slavers","floor":23,"turns":14},{"damage":10,"enemies":"Snake Plant","floor":24,"turns":5},{"damage":0,"enemies":"Gremlin Leader","floor":27,"turns":7},{"damage":0,"enemies":"3 Cultists","floor":29,"turns":5},{"damage":8,"enemies":"Sentry and Sphere","floor":31,"turns":5},{"damage":7,"enemies":"Collector","floor":33,"turns":10},{"damage":6,"enemies":"Orb Walker","floor":35,"turns":3},{"damage":2,"enemies":"3 Darklings","floor":38,"turns":3},{"damage":0,"enemies":"Reptomancer","floor":41,"turns":4},{"damage":4,"enemies":"Jaw Worm Horde","floor":44,"turns":3},{"damage":0,"enemies":"Mind Bloom Boss Battle","floor":45,"turns":3},{"damage":0,"enemies":"Maw","floor":46,"turns":6},{"damage":6,"enemies":"4 Shapes","floor":48,"turns":3},{"damage":26,"enemies":"Time Eater","floor":50,"turns":10},{"damage":27,"enemies":"Shield and Spear","floor":54,"turns":4},{"damage":40,"enemies":"The Heart","floor":55,"turns":12}],"seed_played":"-1290132121359182971","potions_obtained":[{"floor":1,"key":"Explosive Potion"},{"floor":10,"key":"GamblersBrew"},{"floor":14,"key":"FocusPotion"},{"floor":16,"key":"Dexterity Potion"},{"floor":19,"key":"Fire Potion"},{"floor":22,"key":"Strength Potion"},{"floor":27,"key":"SkillPotion"},{"floor":31,"key":"Block Potion"},{"floor":38,"key":"Block Potion"},{"floor":41,"key":"Swift Potion"},{"floor":44,"key":"FairyPotion"}],"is_trial":false,"path_per_floor":["M","?","M","M","M","R","M","R","T","E","?","M","?","M","R","B",null,"M","M","?","M","M","E","M","?","T","E","$","M","R","M","R","B",null,"M","?","?","M","$","R","E","R","T","M","?","M","?","M","R","B",null,"R","$","E","B",null],"character_chosen":"DEFECT","items_purchased":["Capacitor","HandDrill","PrismaticShard","Mummified Hand","Membership Card","Capacitor","EssenceOfSteel","Glacier","Art of War","Boot"],"campfire_rested":2,"item_purchase_floors":[28,28,39,39,53,53,53,53,53,53],"current_hp_per_floor":[71,71,71,70,63,63,62,62,72,48,48,48,48,48,48,29,79,74,71,71,58,44,23,13,13,13,13,13,13,36,28,51,44,79,73,73,73,71,71,71,71,71,71,67,67,67,67,61,61,35,79,79,79,52,14],"gold":568,"neow_bonus":"BOSS_RELIC","is_prod":false,"is_daily":false,"chose_seed":false,"campfire_upgraded":6,"win_rate":0,"timestamp":1544574854,"path_taken":["M","?","M","?","M","R","M","R","T","E","?","?","?","M","R","BOSS","M","M","?","?","M","E","M","?","T","E","$","?","R","M","R","BOSS","M","?","?","M","$","R","E","R","T","?","?","M","?","M","R","BOSS","R","$","E","BOSS"],"build_version":"2018-12-06","purchased_purges":3,"victory":true,"max_hp_per_floor":[75,75,75,75,75,75,75,75,85,85,85,85,79,79,79,79,79,79,79,79,79,79,79,79,79,79,79,79,79,79,79,79,79,79,79,79,79,79,79,79,79,79,79,79,79,79,79,79,79,79,79,79,79,79,79],"card_choices":[{"not_picked":["Reprogram","Turbo"],"picked":"Cold Snap","floor":1},{"not_picked":["Barrage","Beam Cell"],"picked":"Ball Lightning","floor":3},{"not_picked":["Conserve Battery","Thunder Strike"],"picked":"Capacitor","floor":4},{"not_picked":["Go for the Eyes","Rebound"],"picked":"Defragment","floor":5},{"not_picked":["Turbo","Rebound"],"picked":"Coolheaded","floor":7},{"not_picked":["Recycle","BootSequence","Static Discharge"],"picked":"SKIP","floor":10},{"not_picked":["Hologram","Compile Driver"],"picked":"Reinforced Body","floor":12},{"not_picked":["White Noise","Heatsinks"],"picked":"Leap","floor":14},{"not_picked":["Scrape","Hologram"],"picked":"Redo","floor":18},{"not_picked":["Rebound","Beam Cell+1","Cold Snap"],"picked":"SKIP","floor":19},{"not_picked":["Consume","Streamline+1"],"picked":"Coolheaded+1","floor":21},{"not_picked":["Loop","Hologram","Streamline"],"picked":"SKIP","floor":22},{"not_picked":["Streamline+1","Aggregate","Reboot"],"picked":"SKIP","floor":23},{"not_picked":["Conserve Battery","Rip and Tear"],"picked":"Barrage","floor":24},{"not_picked":["Go for the Eyes","Thunder Strike","Cold Snap"],"picked":"SKIP","floor":27},{"not_picked":["Gash","Tempest"],"picked":"Consume","floor":29},{"not_picked":["Genetic Algorithm","Lockon","Chaos"],"picked":"SKIP","floor":31},{"not_picked":["Thunder Strike","Hyperbeam"],"picked":"Electrodynamics","floor":33},{"not_picked":["Reinforced Body+1","Aggregate","Barrage"],"picked":"SKIP","floor":35},{"not_picked":["Barrage","Gash","Compile Driver"],"picked":"SKIP","floor":38},{"not_picked":["Panacea+1","Cold Snap","Rebound+1"],"picked":"SKIP","floor":41},{"not_picked":["Flying Knee+1","Dodge and Roll+1","Poisoned Stab+1"],"picked":"SKIP","floor":44},{"not_picked":["Predator+1","Leap"],"picked":"Enlightenment","floor":45},{"not_picked":["Go for the Eyes+1","Storm","Choke"],"picked":"SKIP","floor":46},{"not_picked":["Barrage+1","Flex","Tactician+1"],"picked":"SKIP","floor":48},{"not_picked":["Flex","Slice"],"picked":"Reinforced Body+1","floor":54}],"player_experience":263849,"relics_obtained":[{"floor":9,"key":"Pear"},{"floor":10,"key":"Ginger"},{"floor":23,"key":"PreservedInsect"},{"floor":26,"key":"Symbiotic Virus"},{"floor":27,"key":"Gambling Chip"},{"floor":41,"key":"Blue Candle"},{"floor":45,"key":"Du-Vu Doll"},{"floor":54,"key":"Blood Vial"}],"event_choices":[{"damage_healed":0,"gold_gain":0,"player_choice":"Trade","damage_taken":0,"relics_obtained":["SsserpentHead"],"max_hp_gain":0,"max_hp_loss":0,"event_name":"FaceTrader","floor":2,"gold_loss":0},{"damage_healed":0,"gold_gain":0,"player_choice":"Forge","damage_taken":0,"max_hp_gain":0,"max_hp_loss":0,"event_name":"Accursed Blacksmith","floor":11,"gold_loss":0,"cards_upgraded":["Capacitor"]},{"damage_healed":0,"gold_gain":0,"player_choice":"Lose Max HP","damage_taken":0,"relics_obtained":["Golden Idol"],"max_hp_gain":0,"max_hp_loss":6,"event_name":"Golden Idol","floor":13,"gold_loss":0},{"damage_healed":0,"gold_gain":0,"player_choice":"Gave Potion","damage_taken":0,"relics_obtained":["Cables"],"max_hp_gain":0,"max_hp_loss":0,"event_name":"WeMeetAgain","floor":20,"gold_loss":0},{"damage_healed":0,"gold_gain":0,"player_choice":"Bet on Murderer","damage_taken":0,"max_hp_gain":0,"max_hp_loss":0,"event_name":"The Joust","floor":25,"gold_loss":50},{"damage_healed":0,"gold_gain":333,"player_choice":"Gave Idol","damage_taken":0,"max_hp_gain":0,"max_hp_loss":0,"event_name":"The Moai Head","floor":36,"relics_lost":["Golden Idol"],"gold_loss":0},{"damage_healed":0,"gold_gain":100,"player_choice":"Pray","damage_taken":0,"max_hp_gain":0,"max_hp_loss":0,"event_name":"Golden Shrine","floor":37,"gold_loss":0},{"damage_healed":0,"gold_gain":0,"player_choice":"Fight","damage_taken":0,"max_hp_gain":0,"max_hp_loss":0,"event_name":"MindBloom","floor":45,"gold_loss":0},{"damage_healed":0,"gold_gain":0,"player_choice":"Memory 1","damage_taken":0,"max_hp_gain":0,"max_hp_loss":0,"event_name":"SensoryStone","floor":47,"gold_loss":0}],"is_beta":false,"boss_relics":[{"not_picked":["Velvet Choker","Fusion Hammer"],"picked":"Pandora\u0027s Box"},{"not_picked":["Calling Bell","Philosopher\u0027s Stone"],"picked":"Snecko Eye"}],"items_purged_floors":[28,39,53],"is_endless":false,"potions_floor_spawned":[1,10,14,16,19,22,27,31,38,41,44],"ascension_level":1}