{"gold_per_floor":[119,133,33,33,46,81,81,114,185,195,195,206,206],"floor_reached":13,"playtime":481,"items_purged":[],"score":100,"play_id":"0ee09bba-5e92-4d78-8c46-07e783e070a2","local_time":"20191010041251","is_ascension_mode":true,"campfire_choices":[],"neow_cost":"NONE","seed_source_timestamp":25181521323200,"circlet_count":0,"master_deck":["Strike_B","Defend_B","Defend_B","Defend_B","Defend_B","Zap","Dualcast","Double Energy","Beam Cell","Gash","Beam Cell","Leap","FTL","Skim+1","Hologram+1"],"relics":["Cracked Core","Prayer Wheel","Ancient Tea Set","Toxic Egg 2"],"potions_floor_usage":[8],"damage_taken":[{"damage":0,"enemies":"2 Louse","floor":1,"turns":2},{"damage":1,"enemies":"Cultist","floor":2,"turns":3},{"damage":1,"enemies":"Jaw Worm","floor":5,"turns":3},{"damage":34,"enemies":"3 Sentries","floor":6,"turns":9},{"damage":22,"enemies":"Lagavulin","floor":8,"turns":6},{"damage":6,"enemies":"Exordium Wildlife","floor":10,"turns":4},{"damage":0,"enemies":"Looter","floor":12,"turns":3},{"damage":18,"enemies":"Exordium Thugs","floor":13,"turns":2}],"seed_played":"-193172014365801425","potions_obtained":[{"floor":6,"key":"Fire Potion"},{"floor":8,"key":"Fire Potion"}],"is_trial":false,"path_per_floor":["M","M","$","?","M","E","?","E","T","M","?","M","M"],"character_chosen":"DEFECT","items_purchased":["Gash","Beam Cell"],"campfire_rested":0,"item_purchase_floors":[3,3],"current_hp_per_floor":[75,74,74,79,78,44,44,22,22,16,16,16,0],"gold":206,"neow_bonus":"REMOVE_CARD","is_prod":false,"is_daily":false,"chose_seed":false,"campfire_upgraded":0,"win_rate":0,"timestamp":1570695171,"path_taken":["M","M","$","?","M","E","?","E","T","?","?","M","M"],"build_version":"2019-07-17","purchased_purges":0,"victory":false,"max_hp_per_floor":[75,75,75,80,80,80,80,80,80,80,80,80,80],"card_choices":[{"not_picked":["Cold Snap","Undo"],"picked":"Double Energy","floor":1},{"not_picked":["Melter","Storm"],"picked":"Beam Cell","floor":2},{"not_picked":["Chaos","Cold Snap"],"picked":"Leap","floor":5},{"not_picked":["Barrage","Leap"],"picked":"FTL","floor":6},{"not_picked":["Tempest","Loop","Self Repair"],"picked":"SKIP","floor":8},{"not_picked":["Hologram+1","Rebound"],"picked":"Skim+1","floor":10},{"not_picked":["Redo+1","Undo+1","Rip and Tear"],"picked":"SKIP","floor":10},{"not_picked":["Chaos+1","Compile Driver"],"picked":"Hologram+1","floor":12},{"not_picked":["Go for the Eyes","Cold Snap","Sweeping Beam"],"picked":"SKIP","floor":12}],"player_experience":113468,"relics_obtained":[{"floor":6,"key":"Prayer Wheel"},{"floor":8,"key":"Ancient Tea Set"},{"floor":9,"key":"Toxic Egg 2"}],"event_choices":[{"damage_healed":0,"gold_gain":0,"player_choice":"Donut","damage_taken":0,"max_hp_gain":5,"max_hp_loss":0,"event_name":"Big Fish","floor":4,"gold_loss":0},{"cards_removed":["Strike_B"],"damage_healed":0,"gold_gain":0,"player_choice":"Offered Basic","damage_taken":0,"max_hp_gain":0,"max_hp_loss":0,"event_name":"Bonfire Elementals","floor":7,"gold_loss":0},{"cards_removed":["Strike_B"],"damage_healed":0,"gold_gain":0,"player_choice":"Forget","damage_taken":0,"max_hp_gain":0,"max_hp_loss":0,"event_name":"Living Wall","floor":11,"gold_loss":0}],"is_beta":false,"boss_relics":[],"items_purged_floors":[],"is_endless":false,"potions_floor_spawned":[6,8],"killed_by":"Exordium Thugs","ascension_level":1}