{"gold_per_floor":[111,186,206,206,226,226,240,273,273,273,292,292,292,1,1,101],"floor_reached":16,"playtime":816,"items_purged":[],"score":158,"play_id":"5711aa91-a82b-4a7b-8757-05308d506b1a","local_time":"20181206182126","is_ascension_mode":true,"campfire_choices":[{"data":"Hologram","floor":6,"key":"SMITH"},{"floor":10,"key":"REST"},{"data":"Go for the Eyes","floor":13,"key":"SMITH"},{"floor":15,"key":"REST"}],"neow_cost":"NONE","seed_source_timestamp":1976535316984405,"circlet_count":0,"master_deck":["Strike_B","Strike_B","Strike_B","Strike_B","Defend_B","Defend_B","Defend_B","Defend_B","Zap","Dualcast","Double Energy","Gash","Hologram+1","Reinforced Body","Go for the Eyes+1","Self Repair","Seek","Beam Cell"],"relics":["Cracked Core","Du-Vu Doll","Matryoshka","Membership Card"],"potions_floor_usage":[11,16],"damage_taken":[{"damage":1,"enemies":"2 Louse","floor":1,"turns":2},{"damage":1,"enemies":"Cultist","floor":3,"turns":3},{"damage":10,"enemies":"Jaw Worm","floor":5,"turns":5},{"damage":11,"enemies":"3 Louse","floor":7,"turns":3},{"damage":23,"enemies":"Lagavulin","floor":8,"turns":8},{"damage":7,"enemies":"Exordium Wildlife","floor":11,"turns":4},{"damage":53,"enemies":"The Guardian","floor":16,"turns":16}],"seed_played":"-6800612664080697163","potions_obtained":[{"floor":3,"key":"AttackPotion"},{"floor":5,"key":"FocusPotion"},{"floor":16,"key":"EssenceOfSteel"}],"is_trial":false,"path_per_floor":["M","?","M","?","M","R","M","E","T","R","M","?","R","$","R","B"],"character_chosen":"DEFECT","items_purchased":["Seek","Membership Card","Beam Cell"],"campfire_rested":2,"item_purchase_floors":[14,14,14],"current_hp_per_floor":[74,63,62,62,52,52,41,18,18,40,33,33,33,33,55,9],"gold":101,"neow_bonus":"THREE_CARDS","is_prod":false,"is_daily":false,"chose_seed":false,"campfire_upgraded":2,"win_rate":0,"timestamp":1544142086,"path_taken":["M","?","M","?","M","R","M","E","T","R","M","?","R","$","R","BOSS"],"build_version":"2018-11-15","purchased_purges":0,"victory":false,"max_hp_per_floor":[75,75,75,75,75,75,75,75,75,75,75,75,75,75,75,75],"card_choices":[{"not_picked":["Skim","Conserve Battery"],"picked":"Double Energy","floor":0},{"not_picked":["Steam","Static Discharge","Hologram"],"picked":"SKIP","floor":1},{"not_picked":["Hologram","Steam"],"picked":"Gash","floor":3},{"not_picked":["Redo","Conserve Battery"],"picked":"Hologram","floor":5},{"not_picked":["Compile Driver","Steam"],"picked":"Reinforced Body","floor":7},{"not_picked":["Force Field","Streamline"],"picked":"Go for the Eyes","floor":8},{"not_picked":["Ball Lightning","Cold Snap"],"picked":"Self Repair","floor":11}],"player_experience":238963,"relics_obtained":[{"floor":8,"key":"Du-Vu Doll"},{"floor":9,"key":"Matryoshka"}],"event_choices":[{"damage_healed":0,"gold_gain":75,"player_choice":"Gather Gold","damage_taken":11,"max_hp_gain":0,"max_hp_loss":0,"event_name":"World of Goop","floor":2,"gold_loss":0},{"damage_healed":0,"gold_gain":0,"player_choice":"Ignored","damage_taken":0,"max_hp_gain":0,"max_hp_loss":0,"event_name":"Liars Game","floor":4,"gold_loss":0},{"damage_healed":0,"gold_gain":0,"player_choice":"0 cards matched","damage_taken":0,"max_hp_gain":0,"max_hp_loss":0,"event_name":"Match and Keep!","floor":12,"gold_loss":0,"cards_obtained":[]}],"is_beta":false,"boss_relics":[],"items_purged_floors":[],"is_endless":false,"potions_floor_spawned":[3,5,16],"killed_by":"The Guardian","ascension_level":1}