{"gold_per_floor":[112,112,130,130,147,147,159,174,198,198,209,209,225,1,13,25],"floor_reached":16,"playtime":825,"items_purged":["Pain"],"score":94,"play_id":"05f79948-5c4f-4288-a5b8-86b16c597c23","local_time":"20181025063852","is_ascension_mode":false,"campfire_choices":[{"data":"Neutralize","floor":6,"key":"SMITH"},{"floor":12,"key":"REST"},{"floor":15,"key":"REST"}],"neow_cost":"NONE","seed_source_timestamp":129565336097356,"circlet_count":0,"master_deck":["Defend_G","Defend_G","Defend_G","Defend_G","Defend_G","Strike_G","Strike_G","Strike_G","Strike_G","Survivor","Neutralize+1","Poisoned Stab","Cloak And Dagger","Prepared","Expertise","Calculated Gamble"],"relics":["Ring of the Snake","NeowsBlessing","WarpedTongs","Juzu Bracelet","MawBank"],"potions_floor_usage":[],"damage_taken":[{"damage":0,"enemies":"2 Louse","floor":1,"turns":1},{"damage":0,"enemies":"Small Slimes","floor":3,"turns":1},{"damage":0,"enemies":"Cultist","floor":5,"turns":1},{"damage":28,"enemies":"Gremlin Gang","floor":7,"turns":6},{"damage":12,"enemies":"Exordium Wildlife","floor":8,"turns":6},{"damage":11,"enemies":"Blue Slaver","floor":11,"turns":4},{"damage":18,"enemies":"Lots of Slimes","floor":13,"turns":5},{"damage":63,"enemies":"Slime Boss","floor":16,"turns":11}],"seed_played":"-3550449351893341483","potions_obtained":[{"floor":7,"key":"Dexterity Potion"},{"floor":8,"key":"Strength Potion"}],"is_trial":false,"path_per_floor":["M","?","M","?","M","R","M","M","T","?","M","R","M","$","R"],"character_chosen":"THE_SILENT","items_purchased":["MawBank"],"campfire_rested":2,"item_purchase_floors":[14],"current_hp_per_floor":[70,63,63,63,63,63,35,23,23,46,35,56,38,38,59,0],"gold":25,"neow_bonus":"THREE_ENEMY_KILL","is_prod":false,"is_daily":false,"chose_seed":false,"campfire_upgraded":1,"win_rate":0,"timestamp":1540463932,"path_taken":["M","?","M","?","?","R","M","M","T","?","M","R","M","$","R","BOSS"],"build_version":"2018-10-18","purchased_purges":1,"victory":false,"max_hp_per_floor":[70,70,70,70,70,70,70,70,70,70,70,70,70,70,70,70],"card_choices":[{"not_picked":["Slice","Heel Hook"],"picked":"Poisoned Stab","floor":1},{"not_picked":["Flechettes","Reflex"],"picked":"Cloak And Dagger","floor":3},{"not_picked":["Choke","Flying Knee"],"picked":"Prepared","floor":5},{"not_picked":["Choke","Eviscerate","Bane"],"picked":"SKIP","floor":7},{"not_picked":["Well Laid Plans","Prepared"],"picked":"Expertise","floor":8},{"not_picked":["PiercingWail","All Out Attack"],"picked":"Calculated Gamble","floor":11},{"not_picked":["Endless Agony","Reflex","Tactician"],"picked":"SKIP","floor":13}],"player_experience":85304,"relics_obtained":[{"floor":9,"key":"Juzu Bracelet"}],"event_choices":[{"cards_removed":["Strike_G"],"damage_healed":0,"gold_gain":0,"player_choice":"Card Removal","damage_taken":7,"max_hp_gain":0,"max_hp_loss":0,"event_name":"Golden Wing","floor":2,"gold_loss":0},{"damage_healed":0,"gold_gain":0,"player_choice":"Rummage","damage_taken":0,"relics_obtained":["WarpedTongs"],"max_hp_gain":0,"max_hp_loss":0,"event_name":"Accursed Blacksmith","floor":4,"gold_loss":0,"cards_obtained":["Pain"]},{"damage_healed":23,"gold_gain":0,"player_choice":"Banana","damage_taken":0,"max_hp_gain":0,"max_hp_loss":0,"event_name":"Big Fish","floor":10,"gold_loss":0}],"is_beta":false,"boss_relics":[],"items_purged_floors":[14],"is_endless":false,"potions_floor_spawned":[7,8],"killed_by":"Slime Boss","ascension_level":0}