{"gold_per_floor":[117,117,133,208,208,208,246,246,246,125,141,166,166,13,13,138,138,161,161,161,36,54,97,120,159,184,227,227,227,326,369,369,497,497,520,520,142,267,92,127,127,161,213,228,262,285,341,365,365,365,365,365,43,82,82],"floor_reached":55,"playtime":4684,"items_purged":["Dualcast","Strike_B","Strike_B","Strike_B","Strike_B"],"score":925,"play_id":"03a15018-42df-4f1d-bd76-719fa230df1a","local_time":"20181202001807","is_ascension_mode":true,"campfire_choices":[{"data":"Gash","floor":6,"key":"SMITH"},{"data":"Gash","floor":8,"key":"SMITH"},{"floor":15,"key":"REST"},{"data":"Reboot","floor":29,"key":"SMITH"},{"floor":32,"key":"RECALL"},{"data":"Reboot","floor":41,"key":"SMITH"},{"floor":49,"key":"REST"},{"data":"Skim","floor":52,"key":"SMITH"}],"neow_cost":"NONE","seed_source_timestamp":1561339136598894,"circlet_count":0,"master_deck":["Defend_B+1","Defend_B","Defend_B+1","Defend_B","Gash+1","Gash+1","Conserve Battery+1","Rebound+1","Leap","Core Surge+1","Steam+1","Reboot+1","Conserve Battery","Steam","Skim","Hologram+1","Hologram+1","Reboot+1","Skim+1","Skim+1","Compile Driver+1","Streamline","Reboot+1","Scrape"],"relics":["Cracked Core","Golden Idol","Letter Opener","Happy Flower","Nuclear Battery","Juzu Bracelet","Anchor","Pocketwatch","Bag of Marbles","Lizard Tail","PreservedInsect","Torii","Toxic Egg 2","Bottled Flame","Whetstone","War Paint","Nunchaku","Oddly Smooth Stone","Potion Belt"],"potions_floor_usage":[16,23,27,35,45,46,47,54,55,55],"damage_taken":[{"damage":1,"enemies":"Cultist","floor":1,"turns":4},{"damage":1,"enemies":"Jaw Worm","floor":3,"turns":4},{"damage":25,"enemies":"3 Sentries","floor":7,"turns":7},{"damage":0,"enemies":"Small Slimes","floor":11,"turns":2},{"damage":0,"enemies":"Exordium Wildlife","floor":12,"turns":3},{"damage":31,"enemies":"Hexaghost","floor":16,"turns":10},{"damage":0,"enemies":"Spheric Guardian","floor":18,"turns":4},{"damage":0,"enemies":"Shell Parasite","floor":22,"turns":5},{"damage":3,"enemies":"Slavers","floor":23,"turns":7},{"damage":0,"enemies":"Chosen and Byrds","floor":24,"turns":5},{"damage":24,"enemies":"Book of Stabbing","floor":25,"turns":7},{"damage":0,"enemies":"Slavers","floor":27,"turns":5},{"damage":7,"enemies":"Book of Stabbing","floor":31,"turns":6},{"damage":19,"enemies":"Champ","floor":33,"turns":10},{"damage":2,"enemies":"3 Shapes","floor":35,"turns":5},{"damage":0,"enemies":"Mind Bloom Boss Battle","floor":38,"turns":8},{"damage":21,"enemies":"Nemesis","floor":40,"turns":5},{"damage":0,"enemies":"Giant Head","floor":42,"turns":5},{"damage":0,"enemies":"Orb Walker","floor":44,"turns":2},{"damage":9,"enemies":"Reptomancer","floor":45,"turns":6},{"damage":0,"enemies":"Transient","floor":46,"turns":5},{"damage":0,"enemies":"2 Orb Walkers","floor":47,"turns":3},{"damage":2,"enemies":"Sphere and 2 Shapes","floor":48,"turns":4},{"damage":26,"enemies":"Donu and Deca","floor":50,"turns":10},{"damage":20,"enemies":"Shield and Spear","floor":54,"turns":5},{"damage":104,"enemies":"The Heart","floor":55,"turns":8}],"seed_played":"8548539806003663954","potions_obtained":[{"floor":1,"key":"SteroidPotion"},{"floor":12,"key":"Fire Potion"},{"floor":23,"key":"LiquidBronze"},{"floor":25,"key":"AttackPotion"},{"floor":27,"key":"FocusPotion"},{"floor":33,"key":"SkillPotion"},{"floor":38,"key":"PowerPotion"},{"floor":40,"key":"Swift Potion"},{"floor":44,"key":"SpeedPotion"},{"floor":54,"key":"Strength Potion"}],"is_trial":false,"path_per_floor":["M","?","M","?","?","R","E","R","T","$","M","M","?","$","R","B",null,"M","?","?","$","M","E","M","E","T","E","?","R","?","E","R","B",null,"M","?","$","?","$","E","R","E","T","M","E","M","?","M","R","B",null,"R","$","E","B"],"character_chosen":"DEFECT","items_purchased":["Rebound","Steam","Skim","PreservedInsect","Scrape","Oddly Smooth Stone","SteroidPotion","SkillPotion"],"campfire_rested":2,"item_purchase_floors":[10,14,37,37,53,53,53,53],"current_hp_per_floor":[81,61,60,49,76,76,51,51,51,51,51,51,35,35,59,28,82,82,82,82,82,82,79,79,55,55,55,55,55,55,48,48,29,82,80,78,78,78,78,57,57,57,57,57,48,48,48,46,69,43,78,78,78,58,0],"gold":82,"neow_bonus":"TEN_PERCENT_HP_BONUS","is_prod":false,"is_daily":false,"chose_seed":false,"campfire_upgraded":5,"win_rate":0,"timestamp":1543731487,"path_taken":["M","?","M","?","?","R","E","R","T","$","?","M","?","?","R","BOSS","M","?","?","$","?","E","M","E","T","E","?","R","?","E","R","BOSS","M","?","$","?","$","E","R","E","T","M","E","M","?","M","R","BOSS","R","$","E","BOSS"],"build_version":"2018-11-15","purchased_purges":5,"victory":false,"max_hp_per_floor":[82,82,82,82,82,82,82,82,82,82,82,82,82,82,82,82,82,82,82,82,82,82,82,82,82,82,82,82,82,82,82,82,82,82,82,78,78,78,78,78,78,78,78,78,78,78,78,78,78,78,78,78,78,78,78],"card_choices":[{"not_picked":["BootSequence","Redo"],"picked":"Gash","floor":1},{"not_picked":["Sweeping Beam","Undo"],"picked":"Gash","floor":3},{"not_picked":["Streamline","Consume"],"picked":"Conserve Battery","floor":7},{"not_picked":["Compile Driver","Coolheaded"],"picked":"Leap","floor":11},{"not_picked":["Barrage","Coolheaded"],"picked":"Core Surge","floor":12},{"not_picked":["Meteor Strike","Core Surge"],"picked":"Reboot","floor":16},{"not_picked":["Compile Driver","Go for the Eyes"],"picked":"Conserve Battery","floor":18},{"not_picked":["Fission","Beam Cell"],"picked":"Steam","floor":22},{"not_picked":["Auto Shields","Streamline"],"picked":"Skim","floor":23},{"not_picked":["Fusion","Beam Cell","Static Discharge"],"picked":"SKIP","floor":24},{"not_picked":["Steam","Hello World","Stack"],"picked":"SKIP","floor":25},{"not_picked":["White Noise","Ball Lightning"],"picked":"Hologram+1","floor":27},{"not_picked":["Redo+1","Double Energy"],"picked":"Hologram+1","floor":31},{"not_picked":["Biased Cognition","Creative AI"],"picked":"Reboot","floor":33},{"not_picked":["Compile Driver+1","Streamline+1"],"picked":"Skim+1","floor":35},{"not_picked":["Undo","Rainbow","Rebound+1"],"picked":"SKIP","floor":40},{"not_picked":["Capacitor","Aggregate+1"],"picked":"Compile Driver+1","floor":42},{"not_picked":["Redo+1","Storm+1"],"picked":"Streamline","floor":44},{"not_picked":["Conserve Battery+1","Stack+1","Compile Driver+1"],"picked":"SKIP","floor":45},{"not_picked":["Rebound","Glacier+1"],"picked":"Reboot+1","floor":46},{"not_picked":["Go for the Eyes+1","Compile Driver+1","Force Field+1"],"picked":"SKIP","floor":48},{"not_picked":["Stack+1","Leap+1","Conserve Battery+1"],"picked":"SKIP","floor":54}],"player_experience":152760,"relics_obtained":[{"floor":7,"key":"Letter Opener"},{"floor":9,"key":"Happy Flower"},{"floor":23,"key":"Juzu Bracelet"},{"floor":25,"key":"Anchor"},{"floor":27,"key":"Pocketwatch"},{"floor":31,"key":"Bag of Marbles"},{"floor":38,"key":"Torii"},{"floor":40,"key":"Toxic Egg 2"},{"floor":42,"key":"Bottled Flame"},{"floor":43,"key":"Whetstone"},{"floor":45,"key":"War Paint"},{"floor":47,"key":"Nunchaku"},{"floor":54,"key":"Potion Belt"}],"event_choices":[{"damage_healed":0,"gold_gain":0,"player_choice":"Take Damage","damage_taken":20,"relics_obtained":["Golden Idol"],"max_hp_gain":0,"max_hp_loss":0,"event_name":"Golden Idol","floor":2,"gold_loss":0},{"damage_healed":0,"gold_gain":75,"player_choice":"Gather Gold","damage_taken":11,"max_hp_gain":0,"max_hp_loss":0,"event_name":"World of Goop","floor":4,"gold_loss":0},{"damage_healed":27,"gold_gain":0,"player_choice":"Banana","damage_taken":0,"max_hp_gain":0,"max_hp_loss":0,"event_name":"Big Fish","floor":5,"gold_loss":0},{"damage_healed":0,"gold_gain":0,"player_choice":"Entered Light","damage_taken":16,"max_hp_gain":0,"max_hp_loss":0,"event_name":"Shining Light","floor":13,"gold_loss":0,"cards_upgraded":["Conserve Battery","Defend_B"]},{"cards_removed":["Zap"],"damage_healed":0,"gold_gain":0,"player_choice":"Purged","damage_taken":0,"max_hp_gain":0,"max_hp_loss":0,"event_name":"Purifier","floor":20,"gold_loss":0},{"damage_healed":0,"gold_gain":0,"player_choice":"Ignored","damage_taken":0,"max_hp_gain":0,"max_hp_loss":0,"event_name":"Vampires","floor":28,"gold_loss":0},{"damage_healed":0,"gold_gain":99,"player_choice":"Stole From Cult","damage_taken":0,"max_hp_gain":0,"max_hp_loss":0,"event_name":"Nest","floor":30,"gold_loss":0},{"damage_healed":0,"gold_gain":0,"player_choice":"Max HP","damage_taken":0,"max_hp_gain":0,"max_hp_loss":4,"event_name":"Winding Halls","floor":36,"gold_loss":0},{"damage_healed":0,"gold_gain":0,"player_choice":"Fight","damage_taken":0,"max_hp_gain":0,"max_hp_loss":0,"event_name":"MindBloom","floor":38,"gold_loss":0},{"damage_healed":0,"gold_gain":0,"player_choice":"Fight","damage_taken":0,"max_hp_gain":0,"max_hp_loss":0,"event_name":"Mysterious Sphere","floor":47,"gold_loss":0}],"is_beta":false,"boss_relics":[{"not_picked":["Velvet Choker","Orrery"],"picked":"Nuclear Battery"},{"not_picked":["Cursed Key","Coffee Dripper"],"picked":"Lizard Tail"}],"items_purged_floors":[10,14,21,37,39],"is_endless":false,"potions_floor_spawned":[1,12,23,25,27,33,38,40,44,54],"killed_by":"The Heart","ascension_level":1}