{"gold_per_floor":[118,193,212,226,241,266,266,281,281,281,298,330,348,360,360,464,464,474,460,473,473,473],"floor_reached":22,"playtime":1521,"items_purged":[],"score":202,"play_id":"2061d9e8-90a3-47e4-b13d-207c0a590f01","local_time":"20181126161900","is_ascension_mode":false,"campfire_choices":[{"data":"Gash","floor":7,"key":"SMITH"},{"floor":15,"key":"REST"}],"neow_cost":"NONE","seed_source_timestamp":1104439574798175,"circlet_count":0,"master_deck":["Strike_B","Strike_B","Defend_B","Defend_B","Defend_B","Defend_B","Zap","Dualcast","Sunder","Gash+1","Rebound","Ball Lightning","Self Repair","Coolheaded","Conserve Battery","Leap","Steam","Sweeping Beam","Echo Form","Hologram","BootSequence"],"special_seed":0,"relics":["Cracked Core","Boot","Gremlin Horn","Smiling Mask","Empty Cage"],"potions_floor_usage":[8,8,12,19,20],"damage_taken":[{"damage":0.0,"enemies":"2 Louse","floor":1.0,"turns":2.0},{"damage":0,"enemies":"Cultist","floor":3,"turns":3},{"damage":1,"enemies":"Jaw Worm","floor":4,"turns":3},{"damage":11,"enemies":"3 Louse","floor":5,"turns":3},{"damage":12,"enemies":"3 Sentries","floor":6,"turns":6},{"damage":15,"enemies":"Lots of Slimes","floor":8,"turns":4},{"damage":8,"enemies":"Gremlin Gang","floor":11,"turns":3},{"damage":16,"enemies":"Gremlin Nob","floor":12,"turns":4},{"damage":0,"enemies":"Looter","floor":13,"turns":3},{"damage":2,"enemies":"Blue Slaver","floor":14,"turns":3},{"damage":34,"enemies":"The Guardian","floor":16,"turns":14},{"damage":18,"enemies":"Shell Parasite","floor":18,"turns":6},{"damage":24,"enemies":"2 Thieves","floor":19,"turns":4},{"damage":57,"enemies":"3 Cultists","floor":20,"turns":5},{"damage":13,"enemies":"Snecko","floor":22,"turns":2}],"seed_played":"4707774757930520257","potions_obtained":[{"floor":5,"key":"SteroidPotion"},{"floor":6,"key":"EssenceOfSteel"},{"floor":8,"key":"Energy Potion"},{"floor":11,"key":"Block Potion"},{"floor":19,"key":"GamblersBrew"}],"is_trial":false,"path_per_floor":["M","?","M","M","M","E","R","M","T","?","M","E","M","M","R","B",null,"M","M","M","?","M"],"character_chosen":"DEFECT","items_purchased":[],"campfire_rested":1,"item_purchase_floors":[],"current_hp_per_floor":[82,74,74,73,62,50,50,42,42,69,68,52,52,57,81,47,82,71,61,11,11,0],"gold":473,"neow_bonus":"TEN_PERCENT_HP_BONUS","is_prod":false,"is_daily":false,"chose_seed":false,"campfire_upgraded":1,"win_rate":0,"timestamp":1543270740,"path_taken":["M","?","M","?","M","E","R","M","T","?","M","E","M","M","R","BOSS","M","M","M","?","M"],"build_version":"2018-11-15","purchased_purges":0,"victory":false,"max_hp_per_floor":[82,82,82,82,82,82,82,82,82,82,82,82,82,82,82,82,82,82,82,82,82,82],"card_choices":[{"not_picked":["Conserve Battery","Turbo"],"picked":"Sunder","floor":1.0},{"not_picked":["White Noise","Go for the Eyes"],"picked":"Gash","floor":3},{"not_picked":["Loop","Compile Driver"],"picked":"Rebound","floor":4},{"not_picked":["Conserve Battery","Chill"],"picked":"Ball Lightning","floor":5},{"not_picked":["Aggregate","Ball Lightning"],"picked":"Self Repair","floor":6},{"not_picked":["Conserve Battery","BootSequence"],"picked":"Coolheaded","floor":8},{"not_picked":["Beam Cell","Blizzard"],"picked":"Conserve Battery","floor":11},{"not_picked":["Cold Snap","Chill"],"picked":"Leap","floor":12},{"not_picked":["Ball Lightning","Turbo"],"picked":"Steam","floor":13},{"not_picked":["Heatsinks","Auto Shields"],"picked":"Sweeping Beam","floor":14},{"not_picked":["Fission","Electrodynamics"],"picked":"Echo Form","floor":16},{"not_picked":["Heatsinks","Turbo","Rebound"],"picked":"SKIP","floor":18},{"not_picked":["Tempest","Cold Snap"],"picked":"Hologram","floor":19},{"not_picked":["Sweeping Beam","Turbo+1"],"picked":"BootSequence","floor":20}],"player_experience":118219,"relics_obtained":[{"floor":6,"key":"Boot"},{"floor":9,"key":"Gremlin Horn"},{"floor":12,"key":"Smiling Mask"}],"event_choices":[{"damage_healed":0,"gold_gain":75,"player_choice":"Touch","damage_taken":8,"max_hp_gain":0,"max_hp_loss":0,"event_name":"FaceTrader","floor":2,"gold_loss":0},{"damage_healed":27,"gold_gain":0,"player_choice":"Banana","damage_taken":0,"max_hp_gain":0,"max_hp_loss":0,"event_name":"Big Fish","floor":10,"gold_loss":0},{"damage_healed":0,"gold_gain":0,"player_choice":"0 cards matched","damage_taken":0,"max_hp_gain":0,"max_hp_loss":0,"event_name":"Match and Keep!","floor":21,"gold_loss":0,"cards_obtained":[]}],"is_beta":false,"boss_relics":[{"not_picked":["Black Star","Lizard Tail"],"picked":"Empty Cage"}],"items_purged_floors":[],"is_endless":false,"potions_floor_spawned":[5,6,8,11,19],"killed_by":"Snecko","ascension_level":0}