{"gold_per_floor":[119,133,151,169,186,186,201,201,201,6,6,31,42,76,76,181,181,198,233,246,246,262,262,287,287,287,351,351,401,414,376,376,376],"floor_reached":33,"playtime":3921,"items_purged":[],"score":318,"play_id":"a73117a7-a3cc-4c12-a73b-f8bbc65ba420","local_time":"20191010223707","is_ascension_mode":true,"campfire_choices":[{"data":"Perfected Strike","floor":6.0,"key":"SMITH"},{"data":"Flex","floor":8.0,"key":"SMITH"},{"data":"Dual Wield","floor":15.0,"key":"SMITH"},{"data":"Perfected Strike","floor":23.0,"key":"SMITH"},{"floor":25.0,"key":"REST"},{"data":"Ghostly Armor","floor":28.0,"key":"SMITH"},{"data":"Ghostly Armor","floor":32.0,"key":"SMITH"}],"neow_cost":"NONE","seed_source_timestamp":98966511651018,"circlet_count":0,"master_deck":["Strike_R+1","Strike_R+1","Strike_R+1","Strike_R+1","Strike_R+1","Defend_R+1","Defend_R+1","Defend_R+1","Defend_R+1","Perfected Strike+1","Pommel Strike","Feel No Pain","Flex+1","Twin Strike","Reaper","Wild Strike","Dual Wield+1","Reaper","Ghostly Armor+1","Perfected Strike+1","Pommel Strike","Ghostly Armor+1","Ghostly Armor+1","Shrug It Off","Thunderclap","Twin Strike","Pommel Strike"],"special_seed":0,"relics":["Burning Blood","Paper Frog","Strawberry","Kunai","Orrery","Red Mask","SsserpentHead","The Courier","Champion Belt"],"potions_floor_usage":[33,33],"damage_taken":[{"damage":10.0,"enemies":"Jaw Worm","floor":1.0,"turns":5.0},{"damage":0.0,"enemies":"2 Louse","floor":2.0,"turns":2.0},{"damage":0.0,"enemies":"Small Slimes","floor":3.0,"turns":3.0},{"damage":1.0,"enemies":"2 Fungi Beasts","floor":4.0,"turns":3.0},{"damage":19.0,"enemies":"Blue Slaver","floor":5.0,"turns":5.0},{"damage":6.0,"enemies":"Red Slaver","floor":7.0,"turns":3.0},{"damage":31.0,"enemies":"3 Sentries","floor":12.0,"turns":10.0},{"damage":1.0,"enemies":"Exordium Thugs","floor":13.0,"turns":3.0},{"damage":45.0,"enemies":"Lagavulin","floor":14.0,"turns":9.0},{"damage":40.0,"enemies":"Hexaghost","floor":16.0,"turns":8.0},{"damage":5.0,"enemies":"Chosen","floor":18.0,"turns":4.0},{"damage":10.0,"enemies":"Masked Bandits","floor":19.0,"turns":4.0},{"damage":5.0,"enemies":"Shell Parasite","floor":20.0,"turns":3.0},{"damage":52.0,"enemies":"Centurion and Healer","floor":22.0,"turns":15.0},{"damage":74.0,"enemies":"Book of Stabbing","floor":24.0,"turns":6.0},{"damage":17.0,"enemies":"3 Cultists","floor":27.0,"turns":5.0},{"damage":15.0,"enemies":"Snake Plant","floor":30.0,"turns":6.0},{"damage":60,"enemies":"Automaton","floor":33,"turns":10}],"seed_played":"3753103522365864607","potions_obtained":[{"floor":2.0,"key":"PowerPotion"},{"floor":4.0,"key":"LiquidBronze"},{"floor":5.0,"key":"LiquidBronze"},{"floor":13.0,"key":"SteroidPotion"},{"floor":18.0,"key":"Energy Potion"},{"floor":20.0,"key":"Weak Potion"},{"floor":22.0,"key":"Dexterity Potion"},{"floor":24.0,"key":"FearPotion"},{"floor":30.0,"key":"AttackPotion"}],"is_trial":false,"path_per_floor":["M","M","M","M","M","R","M","R","T","$","?","E","M","E","R","B",null,"M","?","M","?","M","R","E","R","T","M","R","?","M","$","R","B"],"character_chosen":"IRONCLAD","items_purchased":["Reaper","Wild Strike","Pommel Strike"],"campfire_rested":1,"item_purchase_floors":[10,10,31],"current_hp_per_floor":[84,88,88,88,75,75,75,75,75,75,75,77,82,51,51,21,95,95,91,92,92,78,78,14,42,42,51,51,51,45,45,45,0],"gold":376,"neow_bonus":"TEN_PERCENT_HP_BONUS","is_prod":false,"is_daily":false,"chose_seed":false,"campfire_upgraded":6,"win_rate":0,"timestamp":1570761427,"path_taken":["M","M","M","M","M","R","M","R","T","$","?","E","M","E","R","BOSS","M","?","M","?","M","R","E","R","T","?","R","?","M","$","R","BOSS"],"build_version":"2019-07-17","purchased_purges":0,"victory":false,"max_hp_per_floor":[88,88,88,88,88,88,88,88,88,88,88,95,95,95,95,95,95,95,95,95,95,95,95,95,95,95,95,95,95,95,95,95,95],"card_choices":[{"not_picked":["Thunderclap","Sword Boomerang"],"picked":"Perfected Strike","floor":1.0},{"not_picked":["Spot Weakness","True Grit"],"picked":"Pommel Strike","floor":2.0},{"not_picked":["Anger","Heavy Blade"],"picked":"Feel No Pain","floor":3.0},{"not_picked":["Armaments","Anger","Body Slam"],"picked":"SKIP","floor":4.0},{"not_picked":["Corruption","Evolve"],"picked":"Flex","floor":5.0},{"not_picked":["Body Slam","Disarm"],"picked":"Twin Strike","floor":7.0},{"not_picked":["Berserk","Sword Boomerang","Anger"],"picked":"SKIP","floor":12.0},{"not_picked":["Wild Strike","Metallicize","Pummel"],"picked":"SKIP","floor":13.0},{"not_picked":["Clash","Rage","Thunderclap"],"picked":"SKIP","floor":14.0},{"not_picked":["Dark Embrace","Immolate"],"picked":"Reaper","floor":16.0},{"not_picked":["Clothesline","Rage"],"picked":"Ghostly Armor","floor":17.0},{"not_picked":["Limit Break","Rupture"],"picked":"Perfected Strike","floor":17.0},{"not_picked":["Clash+1","Spot Weakness","Sentinel"],"picked":"SKIP","floor":18.0},{"not_picked":["Havoc","Body Slam"],"picked":"Pommel Strike","floor":19.0},{"not_picked":["Reaper","Second Wind+1"],"picked":"Ghostly Armor+1","floor":20.0},{"not_picked":["Anger","Sword Boomerang"],"picked":"Ghostly Armor","floor":22.0},{"not_picked":["True Grit","Feel No Pain"],"picked":"Shrug It Off","floor":24.0},{"not_picked":["Warcry","Sword Boomerang+1"],"picked":"Thunderclap","floor":27.0},{"not_picked":["Intimidate+1","Thunderclap"],"picked":"Twin Strike","floor":30.0}],"player_experience":739467,"relics_obtained":[{"floor":9.0,"key":"Paper Frog"},{"floor":12.0,"key":"Strawberry"},{"floor":14.0,"key":"Kunai"},{"floor":19.0,"key":"Red Mask"},{"floor":24.0,"key":"The Courier"},{"floor":26.0,"key":"Champion Belt"}],"event_choices":[{"damage_healed":0.0,"max_hp_gain":0.0,"max_hp_loss":0.0,"gold_gain":0.0,"cards_transformed":["Bash"],"event_name":"Living Wall","player_choice":"Change","floor":11.0,"gold_loss":0.0,"damage_taken":0.0,"cards_obtained":["Dual Wield"]},{"damage_healed":0.0,"max_hp_gain":0.0,"max_hp_loss":0.0,"gold_gain":0.0,"event_name":"Masked Bandits","player_choice":"Fought Bandits","floor":19.0,"gold_loss":0.0,"damage_taken":0.0},{"damage_healed":0.0,"max_hp_gain":0.0,"max_hp_loss":0.0,"gold_gain":0.0,"event_name":"FaceTrader","player_choice":"Trade","floor":21.0,"gold_loss":0.0,"damage_taken":0.0,"relics_obtained":["SsserpentHead"]},{"damage_healed":0.0,"max_hp_gain":0.0,"max_hp_loss":0.0,"gold_gain":0.0,"event_name":"Back to Basics","player_choice":"Simplicity","floor":29.0,"gold_loss":0.0,"damage_taken":0.0,"cards_upgraded":["Strike_R","Strike_R","Strike_R","Strike_R","Strike_R","Defend_R","Defend_R","Defend_R","Defend_R"]}],"is_beta":false,"boss_relics":[{"not_picked":["Tiny House","Snecko Eye"],"picked":"Orrery"}],"items_purged_floors":[],"is_endless":false,"potions_floor_spawned":[2,4,5,13,18,20,22,24,30],"killed_by":"Automaton","ascension_level":1}