{"gold_per_floor":[114,189,189,189,114,142,142,203,203,221,221,237,247,258,258,356,356,368,290,215,67,67,67,83,83,83,102,136,136,156,167,167,264,264,277,291,13,13,33,33,45,45,72,82,97,97,107,329,329,329],"floor_reached":51,"playtime":3070,"items_purged":["Strike_R","Strike_R","Brutality"],"score":805,"play_id":"57088c4f-9967-43a9-bf0a-ac3551ead830","local_time":"20190131184216","is_ascension_mode":true,"campfire_choices":[{"data":"Bash","floor":7.0,"key":"SMITH"},{"data":"True Grit","floor":11.0,"key":"SMITH"},{"data":"Sword Boomerang","floor":15.0,"key":"SMITH"},{"data":"True Grit","floor":23.0,"key":"SMITH"},{"data":"Inflame","floor":25.0,"key":"SMITH"},{"floor":29.0,"key":"REST"},{"floor":32.0,"key":"REST"},{"data":"Heavy Blade","floor":40,"key":"SMITH"},{"data":"Shrug It Off","floor":42,"key":"SMITH"},{"data":"Pummel","floor":49,"key":"SMITH"}],"neow_cost":"NONE","seed_source_timestamp":0,"circlet_count":0,"master_deck":["Strike_R+1","Defend_R+1","Defend_R","Defend_R","Defend_R","Bash+1","Headbutt","True Grit+1","Cleave","Shrug It Off","Sword Boomerang+1","Shrug It Off+1","Inflame+1","True Grit+1","Pummel+1","Inflame","Heavy Blade+1","Ghostly Armor+1","Reaper","Limit Break+1","Disarm+1","Heavy Blade+1","Feel No Pain+1"],"special_seed":0,"relics":["Burning Blood","NeowsBlessing","Dodecahedron","Orichalcum","Sundial","Runic Pyramid","Calipers","Red Mask","Mark of Pain","Bag of Preparation","Pen Nib"],"potions_floor_usage":[50,50,50],"damage_taken":[{"damage":0.0,"enemies":"Cultist","floor":1.0,"turns":1.0},{"damage":0.0,"enemies":"Lagavulin","floor":6.0,"turns":1.0},{"damage":0.0,"enemies":"Lagavulin Event","floor":8.0,"turns":1.0},{"damage":4.0,"enemies":"Jaw Worm","floor":10.0,"turns":3.0},{"damage":4.0,"enemies":"Small Slimes","floor":12.0,"turns":2.0},{"damage":5.0,"enemies":"Looter","floor":13.0,"turns":3.0},{"damage":4.0,"enemies":"Red Slaver","floor":14.0,"turns":4.0},{"damage":34.0,"enemies":"The Guardian","floor":16.0,"turns":15.0},{"damage":12.0,"enemies":"Shell Parasite","floor":18.0,"turns":5.0},{"damage":19.0,"enemies":"2 Thieves","floor":24.0,"turns":4.0},{"damage":5.0,"enemies":"Cultist and Chosen","floor":27.0,"turns":5.0},{"damage":50.0,"enemies":"Masked Bandits","floor":28.0,"turns":4.0},{"damage":13.0,"enemies":"Shelled Parasite and Fungi","floor":30.0,"turns":6.0},{"damage":13.0,"enemies":"Snake Plant","floor":31.0,"turns":6.0},{"damage":82.0,"enemies":"Collector","floor":33.0,"turns":9.0},{"damage":15.0,"enemies":"3 Darklings","floor":35.0,"turns":6.0},{"damage":6.0,"enemies":"Orb Walker","floor":36.0,"turns":3.0},{"damage":80.0,"enemies":"4 Shapes","floor":39.0,"turns":17.0},{"damage":31,"enemies":"Writhing Mass","floor":41,"turns":9},{"damage":6,"enemies":"Spire Growth","floor":44,"turns":5},{"damage":6,"enemies":"Jaw Worm Horde","floor":45,"turns":3},{"damage":19,"enemies":"3 Darklings","floor":47,"turns":5},{"damage":60,"enemies":"Awakened One","floor":50,"turns":8}],"seed_played":"9204627143886983266","potions_obtained":[{"floor":6.0,"key":"Weak Potion"},{"floor":10.0,"key":"AttackPotion"},{"floor":14.0,"key":"Strength Potion"},{"floor":27.0,"key":"FearPotion"},{"floor":28.0,"key":"Fruit Juice"},{"floor":35.0,"key":"LiquidBronze"},{"floor":39,"key":"PowerPotion"},{"floor":47,"key":"PowerPotion"}],"is_trial":false,"path_per_floor":["M","?","$","?","$","E","R","?","T","M","R","M","M","M","R","B",null,"M","$","?","$","?","R","M","R","T","M","?","R","M","M","R","B",null,"M","M","$","?","M","R","M","R","T","M","M","?","M","?","R","B",null],"character_chosen":"IRONCLAD","items_purchased":["Inflame","True Grit","Bag of Preparation"],"campfire_rested":2,"item_purchase_floors":[19,21,37],"current_hp_per_floor":[80,69,69,53,53,59,59,65,65,67,67,69,70,72,72,44,71,65,65,65,65,65,65,52,52,52,53,14,39,32,34,59,10,66,77,83,83,83,85,85,85,85,85,85,85,81,77,77,77,40],"gold":329,"neow_bonus":"THREE_ENEMY_KILL","is_prod":false,"is_daily":false,"chose_seed":false,"campfire_upgraded":8,"win_rate":0,"timestamp":1548981736,"path_taken":["M","?","$","?","$","E","R","?","T","M","R","M","M","M","R","BOSS","M","$","?","$","?","R","M","R","T","?","?","R","M","M","R","BOSS","M","M","$","?","?","R","M","R","T","M","M","?","M","?","R","BOSS"],"build_version":"2019-01-23","purchased_purges":3,"victory":true,"max_hp_per_floor":[80,80,80,80,80,80,80,80,80,80,80,80,80,80,80,80,80,80,80,80,80,80,80,80,80,80,80,85,85,85,85,85,85,85,85,85,85,85,85,85,85,85,85,85,85,81,81,81,81,81],"card_choices":[{"not_picked":["Armaments","Shockwave"],"picked":"Headbutt","floor":1.0},{"not_picked":["Rage","Havoc"],"picked":"True Grit","floor":6.0},{"not_picked":["Seeing Red","Heavy Blade"],"picked":"Cleave","floor":8.0},{"not_picked":["Thunderclap","Warcry"],"picked":"Shrug It Off","floor":10.0},{"not_picked":["Pommel Strike","Sever Soul"],"picked":"Sword Boomerang","floor":12.0},{"not_picked":["Sword Boomerang","Hemokinesis"],"picked":"Shrug It Off","floor":13.0},{"not_picked":["Bloodletting","Warcry"],"picked":"Brutality","floor":14.0},{"not_picked":["Sever Soul","Dual Wield+1","Body Slam"],"picked":"SKIP","floor":18.0},{"not_picked":["Havoc","Clash+1"],"picked":"Inflame","floor":24.0},{"not_picked":["Headbutt","Infernal Blade"],"picked":"Heavy Blade","floor":27.0},{"not_picked":["Flex","Headbutt"],"picked":"Ghostly Armor+1","floor":28.0},{"not_picked":["Second Wind","Heavy Blade"],"picked":"Reaper","floor":30.0},{"not_picked":["Twin Strike","Second Wind","Clothesline+1"],"picked":"SKIP","floor":31.0},{"not_picked":["Impervious","Brutality"],"picked":"Limit Break","floor":33.0},{"not_picked":["Flex","Anger"],"picked":"Disarm+1","floor":35.0},{"not_picked":["Burning Pact+1","Corruption+1"],"picked":"Heavy Blade+1","floor":36.0},{"not_picked":["Flex+1","Wild Strike+1"],"picked":"Feel No Pain+1","floor":39},{"not_picked":["Headbutt+1","Anger","Burning Pact+1"],"picked":"SKIP","floor":41},{"not_picked":["Rupture","Thunderclap+1","Shrug It Off"],"picked":"SKIP","floor":44},{"not_picked":["Perfected Strike","Headbutt+1","Clothesline+1"],"picked":"SKIP","floor":45},{"not_picked":["True Grit","Cleave","Iron Wave+1"],"picked":"SKIP","floor":47}],"player_experience":78713,"relics_obtained":[{"floor":6.0,"key":"Dodecahedron"},{"floor":8.0,"key":"Orichalcum"},{"floor":9.0,"key":"Sundial"},{"floor":26.0,"key":"Calipers"},{"floor":28.0,"key":"Red Mask"},{"floor":43,"key":"Pen Nib"}],"event_choices":[{"damage_healed":0.0,"max_hp_gain":0.0,"max_hp_loss":0.0,"gold_gain":75.0,"event_name":"World of Goop","player_choice":"Gather Gold","floor":2.0,"gold_loss":0.0,"damage_taken":11.0},{"damage_healed":0.0,"max_hp_gain":0.0,"max_hp_loss":0.0,"gold_gain":0.0,"event_name":"Shining Light","player_choice":"Entered Light","floor":4.0,"gold_loss":0.0,"damage_taken":16.0,"cards_upgraded":["Strike_R","Defend_R"]},{"damage_healed":0.0,"max_hp_gain":0.0,"max_hp_loss":0.0,"gold_gain":0.0,"event_name":"Dead Adventurer","player_choice":"Searched \u00271\u0027 times","floor":8.0,"gold_loss":0.0,"damage_taken":0.0},{"cards_removed":["Strike_R"],"damage_healed":0.0,"max_hp_gain":0.0,"max_hp_loss":0.0,"gold_gain":0.0,"event_name":"Beggar","player_choice":"Gave Gold","floor":20.0,"gold_loss":75.0,"damage_taken":0.0},{"damage_healed":0.0,"max_hp_gain":0.0,"max_hp_loss":0.0,"gold_gain":0.0,"cards_transformed":["Strike_R"],"event_name":"Transmorgrifier","player_choice":"Transformed","floor":22.0,"gold_loss":0.0,"damage_taken":0.0,"cards_obtained":["Pummel"]},{"damage_healed":0.0,"max_hp_gain":0.0,"max_hp_loss":0.0,"gold_gain":0.0,"event_name":"Masked Bandits","player_choice":"Fought Bandits","floor":28.0,"gold_loss":0.0,"damage_taken":0.0},{"damage_healed":0.0,"max_hp_gain":0.0,"max_hp_loss":0.0,"gold_gain":0.0,"event_name":"Accursed Blacksmith","player_choice":"Forge","floor":38.0,"gold_loss":0.0,"damage_taken":0.0,"cards_upgraded":["Limit Break"]},{"damage_healed":0,"gold_gain":0,"player_choice":"Max HP","damage_taken":0,"max_hp_gain":0,"max_hp_loss":4,"event_name":"Winding Halls","floor":46,"gold_loss":0},{"damage_healed":0,"gold_gain":222,"player_choice":"Wore Mask","damage_taken":0,"max_hp_gain":0,"max_hp_loss":0,"event_name":"Tomb of Lord Red Mask","floor":48,"gold_loss":0}],"is_beta":false,"boss_relics":[{"not_picked":["Sozu","Velvet Choker"],"picked":"Runic Pyramid"},{"not_picked":["Fusion Hammer","Runic Cube"],"picked":"Mark of Pain"}],"items_purged_floors":[5,21,37],"is_endless":false,"potions_floor_spawned":[6,10,14,16,27,28,35,39,47],"ascension_level":5}