{"gold_per_floor":[115,125,141,141,154,187,187,228,228,228,308,308,83,107,107,227,227,247,281,299,119,144,144,182,182,182,182,182,182,211,224,224,326,326,340,340,215,228,242,242,253,272,297,314,344,344,344,142,142,142],"floor_reached":51,"playtime":3369,"items_purged":["Strike_B","Strike_B","Strike_B","Dualcast"],"score":759,"play_id":"77729ebd-b610-422b-a2be-e941e35a037f","local_time":"20181202211511","is_ascension_mode":true,"campfire_choices":[{"data":"Gash","floor":10,"key":"SMITH"},{"floor":12,"key":"REST"},{"floor":15,"key":"REST"},{"data":"Hologram","floor":23,"key":"SMITH"},{"floor":27,"key":"REST"},{"data":"Reinforced Body","floor":29,"key":"SMITH"},{"data":"Gash","floor":32,"key":"SMITH"},{"data":"Hologram","floor":40,"key":"SMITH"},{"data":"Gash","floor":46,"key":"SMITH"},{"data":"Seek","floor":49,"key":"SMITH"}],"neow_cost":"NONE","seed_source_timestamp":1638791733187498,"circlet_count":0,"master_deck":["Strike_B","Defend_B","Defend_B","Defend_B","Defend_B","Zap","Gash+1","Rebound","Reinforced Body+1","Hologram+1","Go for the Eyes","Gash+1","All For One","Hologram+1","Gash+1","Hologram","Leap","Seek","Echo Form","Seek+1","Hologram+1","Skim","Parasite","Conserve Battery+1","Steam Power+1"],"relics":["Cracked Core","Sundial","Dream Catcher","Bloody Idol","Bottled Flame","Happy Flower","Ginger","Eternal Feather","Red Mask","Molten Egg 2","Mummified Hand","Mercury Hourglass","Orrery","Oddly Smooth Stone","Potion Belt"],"potions_floor_usage":[8,11,20,24,33,38,42,50,50,50],"damage_taken":[{"damage":0,"enemies":"Small Slimes","floor":1,"turns":3},{"damage":1,"enemies":"2 Louse","floor":2,"turns":4},{"damage":8,"enemies":"Jaw Worm","floor":3,"turns":3},{"damage":2,"enemies":"3 Louse","floor":5,"turns":4},{"damage":21,"enemies":"3 Sentries","floor":6,"turns":6},{"damage":24,"enemies":"Lagavulin","floor":8,"turns":8},{"damage":21,"enemies":"3 Sentries","floor":11,"turns":9},{"damage":15,"enemies":"Gremlin Gang","floor":14,"turns":3},{"damage":17,"enemies":"Slime Boss","floor":16,"turns":8},{"damage":13,"enemies":"Shell Parasite","floor":18,"turns":6},{"damage":13,"enemies":"Masked Bandits","floor":19,"turns":4},{"damage":2,"enemies":"Spheric Guardian","floor":20,"turns":4},{"damage":1,"enemies":"Snecko","floor":22,"turns":4},{"damage":49,"enemies":"Slavers","floor":24,"turns":6},{"damage":0,"enemies":"Colosseum Slavers","floor":28,"turns":4},{"damage":5,"enemies":"Book of Stabbing","floor":30,"turns":4},{"damage":1,"enemies":"Centurion and Healer","floor":31,"turns":3},{"damage":24,"enemies":"Champ","floor":33,"turns":6},{"damage":7,"enemies":"Orb Walker","floor":35,"turns":2},{"damage":30,"enemies":"3 Darklings","floor":38,"turns":6},{"damage":7,"enemies":"Writhing Mass","floor":39,"turns":4},{"damage":6,"enemies":"4 Shapes","floor":41,"turns":4},{"damage":13,"enemies":"Spire Growth","floor":42,"turns":4},{"damage":18,"enemies":"Sphere and 2 Shapes","floor":44,"turns":6},{"damage":2,"enemies":"Nemesis","floor":45,"turns":7},{"damage":52,"enemies":"Time Eater","floor":50,"turns":6}],"seed_played":"-7386454201718844140","potions_obtained":[{"floor":5,"key":"Poison Potion"},{"floor":6,"key":"Ancient Potion"},{"floor":8,"key":"GamblersBrew"},{"floor":11,"key":"FocusPotion"},{"floor":16,"key":"Swift Potion"},{"floor":19,"key":"Block Potion"},{"floor":24,"key":"SteroidPotion"},{"floor":30,"key":"Poison Potion"},{"floor":33,"key":"Ancient Potion"},{"floor":35,"key":"Regen Potion"},{"floor":38,"key":"Swift Potion"},{"floor":39,"key":"Explosive Potion"},{"floor":42,"key":"Dexterity Potion"}],"is_trial":false,"path_per_floor":["M","M","M","?","M","E","?","E","T","R","?","R","$","M","R","B",null,"M","?","M","$","M","R","E","?","T","R","?","R","E","M","R","B",null,"M","?","$","M","M","R","M","M","T","M","E","R","?","$","R","B",null],"character_chosen":"DEFECT","items_purchased":["All For One","Seek","Strength Potion"],"campfire_rested":3,"item_purchase_floors":[13,21,48],"current_hp_per_floor":[82,81,73,70,68,47,47,23,23,23,2,24,24,9,31,14,76,63,50,48,48,47,59,10,10,10,44,44,56,56,60,72,53,76,74,74,74,61,59,71,70,62,67,54,57,72,72,72,72,20],"gold":142,"neow_bonus":"TEN_PERCENT_HP_BONUS","is_prod":false,"is_daily":false,"chose_seed":false,"campfire_upgraded":7,"win_rate":0,"timestamp":1543806911,"path_taken":["M","M","M","?","M","E","?","E","T","R","?","R","$","M","R","BOSS","M","?","M","$","M","R","E","?","T","R","?","R","E","M","R","BOSS","M","?","$","?","M","R","M","M","T","M","E","R","?","$","R","BOSS"],"build_version":"2018-11-15","purchased_purges":4,"victory":true,"max_hp_per_floor":[82,82,82,82,82,82,76,76,76,76,76,76,76,76,76,76,76,76,76,76,76,76,76,76,76,76,76,76,76,76,76,76,76,76,76,76,76,76,76,76,76,76,76,76,76,76,72,72,72,72],"card_choices":[{"not_picked":["Rebound","Storm"],"picked":"Gash","floor":1},{"not_picked":["Steam","Turbo"],"picked":"Rebound","floor":2},{"not_picked":["Streamline","Darkness","Tempest"],"picked":"SKIP","floor":3},{"not_picked":["Double Energy","Stack","Static Discharge"],"picked":"SKIP","floor":5},{"not_picked":["Machine Learning","Fusion"],"picked":"Reinforced Body","floor":6},{"not_picked":["Ball Lightning","Go for the Eyes"],"picked":"Hologram","floor":8},{"not_picked":["Coolheaded","Beam Cell"],"picked":"Go for the Eyes","floor":11},{"not_picked":["Cold Snap","Hologram"],"picked":"Gash","floor":12},{"not_picked":["Streamline","Tempest"],"picked":"Hologram","floor":14},{"not_picked":["Fusion","Meteor Strike"],"picked":"Gash","floor":15},{"not_picked":["Ball Lightning","Aggregate","Sunder"],"picked":"SKIP","floor":18},{"not_picked":["Darkness","Steam"],"picked":"Hologram","floor":19},{"not_picked":["Sweeping Beam+1","Steam"],"picked":"Leap","floor":20},{"not_picked":["Go for the Eyes","Undo","Cold Snap+1"],"picked":"SKIP","floor":22},{"not_picked":["Hello World+1","Reboot"],"picked":"Echo Form","floor":24},{"not_picked":["Tempest","Conserve Battery+1","Steam"],"picked":"SKIP","floor":30},{"not_picked":["Loop","Static Discharge","BootSequence"],"picked":"SKIP","floor":31},{"not_picked":["Reboot","Thunder Strike+1"],"picked":"Seek","floor":33},{"not_picked":["Genetic Algorithm","Chill"],"picked":"Hologram+1","floor":34},{"not_picked":["Undo+1","Loop","Melter+1"],"picked":"SKIP","floor":35},{"not_picked":["Gash+1","Undo+1"],"picked":"Skim","floor":38},{"not_picked":["Sweeping Beam+1","Echo Form","Streamline+1"],"picked":"SKIP","floor":39},{"not_picked":["Redo","Auto Shields"],"picked":"Conserve Battery+1","floor":41},{"not_picked":["Compile Driver+1","Turbo+1","Doom and Gloom+1"],"picked":"SKIP","floor":42},{"not_picked":["Redo","Lockon+1"],"picked":"Steam Power+1","floor":44},{"not_picked":["Hologram+1","Cold Snap+1","Leap"],"picked":"SKIP","floor":45}],"player_experience":171504,"relics_obtained":[{"floor":6,"key":"Dream Catcher"},{"floor":8,"key":"Bottled Flame"},{"floor":9,"key":"Happy Flower"},{"floor":11,"key":"Ginger"},{"floor":19,"key":"Red Mask"},{"floor":24,"key":"Molten Egg 2"},{"floor":26,"key":"Mummified Hand"},{"floor":30,"key":"Mercury Hourglass"},{"floor":43,"key":"Oddly Smooth Stone"},{"floor":45,"key":"Potion Belt"}],"event_choices":[{"damage_healed":0,"gold_gain":0,"player_choice":"Success","damage_taken":3,"relics_obtained":["Sundial"],"max_hp_gain":0,"max_hp_loss":0,"event_name":"Scrap Ooze","floor":4,"gold_loss":0},{"damage_healed":0,"gold_gain":0,"player_choice":"Lose Max HP","damage_taken":0,"relics_obtained":["Golden Idol"],"max_hp_gain":0,"max_hp_loss":6,"event_name":"Golden Idol","floor":7,"gold_loss":0},{"damage_healed":0,"gold_gain":0,"player_choice":"Searched \u00272\u0027 times","damage_taken":0,"max_hp_gain":0,"max_hp_loss":0,"event_name":"Dead Adventurer","floor":11,"gold_loss":0},{"damage_healed":0,"gold_gain":0,"player_choice":"Fought Bandits","damage_taken":0,"max_hp_gain":0,"max_hp_loss":0,"event_name":"Masked Bandits","floor":19,"gold_loss":0},{"damage_healed":0,"gold_gain":0,"player_choice":"Gave Idol","damage_taken":0,"relics_obtained":["Bloody Idol"],"max_hp_gain":0,"max_hp_loss":0,"event_name":"Forgotten Altar","floor":25,"relics_lost":["Golden Idol"],"gold_loss":0},{"damage_healed":0,"gold_gain":0,"player_choice":"Fight","damage_taken":0,"max_hp_gain":0,"max_hp_loss":0,"event_name":"Colosseum","floor":28,"gold_loss":0},{"damage_healed":0,"gold_gain":0,"player_choice":"Fled From Nobs","damage_taken":0,"max_hp_gain":0,"max_hp_loss":0,"event_name":"Colosseum","floor":28,"gold_loss":0},{"damage_healed":0,"gold_gain":0,"player_choice":"Ignored","damage_taken":0,"max_hp_gain":0,"max_hp_loss":0,"event_name":"Transmorgrifier","floor":36,"gold_loss":0},{"damage_healed":0,"gold_gain":0,"player_choice":"Max HP","damage_taken":0,"max_hp_gain":0,"max_hp_loss":4,"event_name":"Winding Halls","floor":47,"gold_loss":0}],"is_beta":false,"boss_relics":[{"not_picked":["Velvet Choker","Coffee Dripper"],"picked":"Eternal Feather"},{"not_picked":["Fusion Hammer","Inserter"],"picked":"Orrery"}],"items_purged_floors":[13,21,37,48],"is_endless":false,"potions_floor_spawned":[5,6,8,11,16,19,24,28,30,33,35,38,39,42],"ascension_level":1}