{"gold_per_floor":[118,136,148,22,36,36,36,46,128,163,178,192,192,206,206,281,281,301,314,157,172,27,27,27,27,27,27,27,0,20,51,51,129,129,142,242,262,282,282,282,282,73,73,73,84,97,115,130,130,130],"floor_reached":50,"playtime":3424,"items_purged":["Strike_R","Strike_R","Strike_R"],"score":984,"play_id":"7b7a8b81-6ffa-4b23-8193-583a67a6d3d6","local_time":"20190705201028","is_ascension_mode":true,"campfire_choices":[{"data":"True Grit","floor":6.0,"key":"SMITH"},{"floor":13.0,"key":"REST"},{"floor":15.0,"key":"REST"},{"floor":23.0,"key":"REST"},{"data":"Ghostly","floor":25.0,"key":"SMITH"},{"floor":32.0,"key":"REST"},{"data":"1","floor":41,"key":"LIFT"},{"data":"2","floor":44,"key":"LIFT"},{"data":"3","floor":49,"key":"LIFT"}],"neow_cost":"NONE","seed_source_timestamp":533973683705750,"circlet_count":0,"master_deck":["AscendersBane","Defend_R","Defend_R","Defend_R","Defend_R","Bash","Flex","Bludgeon","Clothesline","True Grit+1","Shockwave","Second Wind","Immolate","Feed","Disarm+1","Anger","Good Instincts","Ghostly+1","Ghostly+1","Ghostly","Rage","Dual Wield","Corruption","Reaper","Metallicize","Shrug It Off","Inflame","Feel No Pain+1","Inflame"],"special_seed":0,"relics":["Runic Pyramid","Bottled Flame","Du-Vu Doll","Mark of Pain","Torii","Vajra","Fusion Hammer","Girya","Bag of Preparation"],"potions_floor_usage":[33,45,47,50],"damage_taken":[{"damage":1.0,"enemies":"Cultist","floor":1.0,"turns":3.0},{"damage":1.0,"enemies":"2 Louse","floor":2.0,"turns":3.0},{"damage":3.0,"enemies":"Small Slimes","floor":3.0,"turns":3.0},{"damage":6.0,"enemies":"2 Fungi Beasts","floor":5.0,"turns":3.0},{"damage":13.0,"enemies":"3 Louse","floor":8.0,"turns":4.0},{"damage":27.0,"enemies":"3 Sentries","floor":10.0,"turns":8.0},{"damage":11.0,"enemies":"Looter","floor":11.0,"turns":2.0},{"damage":9.0,"enemies":"2 Fungi Beasts","floor":12.0,"turns":3.0},{"damage":18.0,"enemies":"Gremlin Gang","floor":14.0,"turns":4.0},{"damage":0.0,"enemies":"Slime Boss","floor":16.0,"turns":5.0},{"damage":22.0,"enemies":"Shell Parasite","floor":18.0,"turns":4.0},{"damage":13.0,"enemies":"3 Byrds","floor":19.0,"turns":5.0},{"damage":18.0,"enemies":"Snake Plant","floor":21.0,"turns":3.0},{"damage":2.0,"enemies":"3 Cultists","floor":30.0,"turns":4.0},{"damage":10.0,"enemies":"Slavers","floor":31.0,"turns":6.0},{"damage":17,"enemies":"Automaton","floor":33,"turns":14},{"damage":0,"enemies":"3 Shapes","floor":35,"turns":6},{"damage":0,"enemies":"Mind Bloom Boss Battle","floor":36,"turns":5},{"damage":8,"enemies":"Orb Walker","floor":37,"turns":4},{"damage":11,"enemies":"Transient","floor":38,"turns":6},{"damage":2,"enemies":"Writhing Mass","floor":45,"turns":7},{"damage":2,"enemies":"4 Shapes","floor":46,"turns":6},{"damage":14,"enemies":"Maw","floor":47,"turns":12},{"damage":31,"enemies":"3 Darklings","floor":48,"turns":5},{"damage":86,"enemies":"Awakened One","floor":50,"turns":15}],"seed_played":"-103236652256999479","potions_obtained":[{"floor":8.0,"key":"BloodPotion"},{"floor":10.0,"key":"Block Potion"},{"floor":14.0,"key":"AttackPotion"},{"floor":18.0,"key":"Weak Potion"},{"floor":33,"key":"AttackPotion"},{"floor":35,"key":"SpeedPotion"},{"floor":48,"key":"Dexterity Potion"}],"is_trial":false,"path_per_floor":["M","M","M","$","M","R","$","M","T","E","M","M","R","M","R","B",null,"M","M","$","M","$","R","?","R","T","?","?","?","M","E","R","B",null,"M","?","M","M","?","?","R","$","T","R","M","M","M","M","R","B"],"character_chosen":"IRONCLAD","items_purchased":["True Grit","Anger","Good Instincts","SpeedPotion","Inflame"],"campfire_rested":4,"item_purchase_floors":[4,20,22,22,42],"current_hp_per_floor":[67,66,63,63,57,57,57,44,44,17,6,15,37,19,41,41,67,48,38,38,23,23,48,42,42,42,32,32,32,33,26,41,24,46,54,59,54,43,43,43,43,43,43,43,47,68,67,68,68,0],"gold":130,"neow_bonus":"BOSS_RELIC","is_prod":false,"is_daily":false,"chose_seed":false,"campfire_upgraded":2,"win_rate":0,"timestamp":1562375428,"path_taken":["M","M","M","$","M","R","?","M","T","E","M","M","R","?","R","BOSS","M","?","$","M","?","R","?","R","T","?","?","?","M","E","R","BOSS","M","?","M","M","?","?","R","$","T","R","M","?","M","M","R","BOSS"],"build_version":"2019-07-05","purchased_purges":3,"victory":false,"max_hp_per_floor":[75,75,75,75,75,75,75,75,75,75,75,75,75,75,75,75,75,78,81,81,84,84,84,42,42,42,47,47,47,50,53,53,53,53,56,59,62,62,62,62,62,62,62,62,65,68,68,68,68,68],"card_choices":[{"not_picked":["Shrug It Off","Cleave"],"picked":"Flex","floor":1.0},{"not_picked":["Shrug It Off","Pummel"],"picked":"Bludgeon","floor":2.0},{"not_picked":["Infernal Blade","Combust"],"picked":"Clothesline","floor":3.0},{"not_picked":["Reckless Charge","Wild Strike","Evolve"],"picked":"SKIP","floor":5.0},{"not_picked":["Entrench","Iron Wave"],"picked":"Shockwave","floor":8.0},{"not_picked":["Armaments","Twin Strike"],"picked":"Second Wind","floor":10.0},{"not_picked":["Pommel Strike","Warcry","Havoc"],"picked":"SKIP","floor":11.0},{"not_picked":["Rage","Flame Barrier"],"picked":"Immolate","floor":12.0},{"not_picked":["Ghostly Armor","Perfected Strike","Power Through"],"picked":"SKIP","floor":14.0},{"not_picked":["Exhume","Brutality"],"picked":"Feed","floor":16.0},{"not_picked":["Sentinel","Whirlwind","Pommel Strike"],"picked":"SKIP","floor":18.0},{"not_picked":["Burning Pact","Cleave"],"picked":"Disarm+1","floor":19.0},{"not_picked":["Warcry+1","Twin Strike","Havoc"],"picked":"SKIP","floor":21.0},{"not_picked":["Perfected Strike","Carnage","Berserk"],"picked":"SKIP","floor":30.0},{"not_picked":["Thunderclap","Heavy Blade"],"picked":"Corruption","floor":31.0},{"not_picked":["Barricade","Immolate"],"picked":"Reaper","floor":33},{"not_picked":["Clothesline+1","Wild Strike","Headbutt+1"],"picked":"SKIP","floor":35},{"not_picked":["Pommel Strike","Armaments"],"picked":"Metallicize","floor":36},{"not_picked":["Sword Boomerang","Perfected Strike"],"picked":"Shrug It Off","floor":37},{"not_picked":["Cleave","Sever Soul+1","Intimidate"],"picked":"SKIP","floor":38},{"not_picked":["Flex","Iron Wave","Burning Pact"],"picked":"SKIP","floor":45},{"not_picked":["Flex","Headbutt","Pummel"],"picked":"SKIP","floor":46},{"not_picked":["Perfected Strike","Blood for Blood"],"picked":"Feel No Pain+1","floor":47},{"not_picked":["Pummel","Double Tap"],"picked":"Inflame","floor":48}],"player_experience":688139,"relics_obtained":[{"floor":9.0,"key":"Bottled Flame"},{"floor":10.0,"key":"Du-Vu Doll"},{"floor":26.0,"key":"Torii"},{"floor":31.0,"key":"Vajra"},{"floor":36,"key":"Girya"},{"floor":43,"key":"Bag of Preparation"}],"event_choices":[{"damage_healed":0.0,"max_hp_gain":0.0,"max_hp_loss":42.0,"gold_gain":0.0,"event_name":"Ghosts","player_choice":"Became a Ghost","floor":24.0,"gold_loss":0.0,"damage_taken":0.0,"cards_obtained":["Ghostly","Ghostly","Ghostly"]},{"damage_healed":0.0,"max_hp_gain":5.0,"max_hp_loss":0.0,"gold_gain":0.0,"event_name":"Forgotten Altar","player_choice":"Shed Blood","floor":27.0,"gold_loss":0.0,"damage_taken":15.0},{"damage_healed":0.0,"max_hp_gain":0.0,"max_hp_loss":0.0,"gold_gain":0.0,"cards_transformed":["Strike_R","Strike_R"],"event_name":"Drug Dealer","player_choice":"Became Test Subject","floor":28.0,"gold_loss":0.0,"damage_taken":0.0,"cards_obtained":["Rage","Dual Wield"]},{"damage_healed":0.0,"max_hp_gain":0.0,"max_hp_loss":0.0,"gold_gain":0.0,"event_name":"Masked Bandits","player_choice":"Paid Fearfully","floor":29.0,"gold_loss":27.0,"damage_taken":0.0},{"damage_healed":0,"gold_gain":0,"player_choice":"Fight","damage_taken":0,"max_hp_gain":0,"max_hp_loss":0,"event_name":"MindBloom","floor":36,"gold_loss":0},{"damage_healed":0,"gold_gain":0,"player_choice":"Ignored","damage_taken":0,"max_hp_gain":0,"max_hp_loss":0,"event_name":"Mysterious Sphere","floor":39,"gold_loss":0},{"damage_healed":0,"gold_gain":0,"player_choice":"Upgraded","damage_taken":0,"max_hp_gain":0,"max_hp_loss":0,"event_name":"Upgrade Shrine","floor":40,"gold_loss":0,"cards_upgraded":["Ghostly"]}],"is_beta":false,"boss_relics":[{"not_picked":["Eternal Feather","Lizard Tail"],"picked":"Mark of Pain"},{"not_picked":["Orrery","Philosopher\u0027s Stone"],"picked":"Fusion Hammer"}],"items_purged_floors":[4,20,42],"is_endless":false,"potions_floor_spawned":[8,10,11,14,18,33,35,37,48],"killed_by":"Awakened One","ascension_level":18}