{"gold_per_floor":[219,235,235,253,328,328,338,110,110,110,60,60,60,10,10,110,110,126,146,146,546,303,303,303,218,218,233,246,246,346,360,360,459,459,474,474,493,243,262,289,289,319,319,336,363,104,104,104,104,104],"floor_reached":50,"playtime":1405,"items_purged":["Defend_R","Defend_R"],"score":644,"play_id":"2d6e283c-12ec-498d-a30d-1ff30b98dcd9","local_time":"20190124232444","is_ascension_mode":true,"campfire_choices":[{"data":"Bash","floor":6,"key":"SMITH"},{"data":"Offering","floor":10,"key":"SMITH"},{"data":"Flex","floor":15,"key":"SMITH"},{"data":"Fiend Fire","floor":23,"key":"SMITH"},{"data":"Perfected Strike","floor":29,"key":"SMITH"},{"data":"Bite","floor":32,"key":"SMITH"},{"data":"Flex","floor":41,"key":"SMITH"},{"floor":49,"key":"RECALL"}],"neow_cost":"NONE","seed_source_timestamp":29803243713377,"circlet_count":0,"master_deck":["Defend_R+1","Bash+1","Perfected Strike+1","Heavy Blade+1","Anger+1","Offering+1","Flex+1","Fiend Fire+1","Clash+1","Clash+1","Bite+1","Bite+1","Bite+1","Bite+1","Bite+1","Twin Strike+1","Immolate+1","Flex+1","Pummel+1","Headbutt+1","Uppercut+1","Clash+1"],"relics":["Burning Blood","Shuriken","Cursed Key","Old Coin","Meat on the Bone","Bottled Flame","Strawberry","Coffee Dripper","Whetstone","Mummified Hand","Mercury Hourglass","Bag of Marbles","Self Forming Clay","Mark of the Bloom"],"potions_floor_usage":[21,27,28,33,40,40,50,50],"damage_taken":[{"damage":11,"enemies":"Jaw Worm","floor":1,"turns":2},{"damage":12,"enemies":"Small Slimes","floor":2,"turns":4},{"damage":7,"enemies":"2 Louse","floor":4,"turns":2},{"damage":0,"enemies":"Large Slime","floor":7,"turns":5},{"damage":6,"enemies":"Slime Boss","floor":16,"turns":2},{"damage":16,"enemies":"3 Byrds","floor":18,"turns":3},{"damage":16,"enemies":"2 Thieves","floor":19,"turns":2},{"damage":6,"enemies":"Colosseum Slavers","floor":21,"turns":1},{"damage":15,"enemies":"Colosseum Nobs","floor":21,"turns":3},{"damage":0,"enemies":"Snake Plant","floor":27,"turns":2},{"damage":1,"enemies":"3 Cultists","floor":28,"turns":3},{"damage":10,"enemies":"Chosen and Byrds","floor":31,"turns":3},{"damage":72,"enemies":"Champ","floor":33,"turns":7},{"damage":35,"enemies":"3 Shapes","floor":35,"turns":2},{"damage":17,"enemies":"3 Darklings","floor":37,"turns":4},{"damage":6,"enemies":"Transient","floor":39,"turns":5},{"damage":19,"enemies":"Reptomancer","floor":40,"turns":4},{"damage":27,"enemies":"Giant Head","floor":42,"turns":5},{"damage":41,"enemies":"Maw","floor":44,"turns":5},{"damage":33,"enemies":"Nemesis","floor":45,"turns":3},{"damage":43,"enemies":"Awakened One","floor":50,"turns":3}],"seed_played":"6635625704450301466","potions_obtained":[{"floor":2,"key":"Ancient Potion"},{"floor":7,"key":"Swift Potion"},{"floor":16,"key":"AttackPotion"},{"floor":27,"key":"AttackPotion"},{"floor":28,"key":"Regen Potion"},{"floor":31,"key":"Weak Potion"},{"floor":33,"key":"PowerPotion"},{"floor":37,"key":"Strength Potion"},{"floor":45,"key":"AttackPotion"}],"is_trial":false,"path_per_floor":["M","M","?","M","?","R","M","$","T","R","?","?","?","$","R","B",null,"M","M","?","?","$","R","?","?","T","M","M","R","?","M","R","B",null,"M","?","M","$","M","E","R","E","T","M","E","$","?","$","R","B"],"character_chosen":"IRONCLAD","items_purchased":["Offering","Flex","Bottled Flame","Whetstone","Self Forming Clay"],"campfire_rested":0,"item_purchase_floors":[8,14,22,38,46],"current_hp_per_floor":[75,69,80,79,68,68,74,74,74,74,74,74,74,74,74,74,80,70,60,56,55,55,55,46,53,53,61,68,68,68,64,64,38,68,41,41,42,42,66,64,64,61,61,52,42,42,42,42,42,0],"gold":104,"neow_bonus":"HUNDRED_GOLD","is_prod":false,"is_daily":false,"chose_seed":false,"campfire_upgraded":7,"win_rate":0,"timestamp":1548393884,"path_taken":["M","M","?","M","?","R","M","$","T","R","?","?","?","?","R","BOSS","M","M","?","?","$","R","?","?","T","M","M","R","?","M","R","BOSS","M","?","M","$","M","E","R","E","T","M","E","?","?","$","R","BOSS"],"build_version":"2019-01-23","purchased_purges":2,"victory":false,"max_hp_per_floor":[80,80,80,80,80,80,80,80,80,80,80,80,80,80,80,80,80,80,80,56,56,56,56,61,68,68,68,68,68,68,68,68,68,68,68,68,68,68,68,68,68,68,68,68,68,68,68,68,68,68],"card_choices":[{"not_picked":["Clothesline","Warcry"],"picked":"Perfected Strike","floor":1},{"not_picked":["Feel No Pain","Body Slam","True Grit"],"picked":"SKIP","floor":2},{"not_picked":["Armaments","Evolve"],"picked":"Heavy Blade","floor":4},{"not_picked":["Dark Embrace","Heavy Blade"],"picked":"Anger","floor":7},{"not_picked":["Double Tap","Demon Form"],"picked":"Fiend Fire","floor":16},{"not_picked":["True Grit","Clothesline+1"],"picked":"Clash","floor":18},{"not_picked":["Anger","Warcry"],"picked":"Clash+1","floor":19},{"not_picked":["Second Wind","Metallicize"],"picked":"Twin Strike+1","floor":21},{"not_picked":["Cleave+1","Wild Strike","Shockwave"],"picked":"SKIP","floor":27},{"not_picked":["Body Slam+1","Corruption","Sword Boomerang"],"picked":"SKIP","floor":28},{"not_picked":["Armaments","Shrug It Off","Clothesline+1"],"picked":"SKIP","floor":31},{"not_picked":["Feed","Reaper"],"picked":"Immolate","floor":33},{"not_picked":["Carnage+1","Rampage"],"picked":"Flex","floor":35},{"not_picked":["Hemokinesis","Clothesline"],"picked":"Pummel+1","floor":37},{"not_picked":["Perfected Strike","Wild Strike"],"picked":"Headbutt+1","floor":39},{"not_picked":["Blood for Blood","Flame Barrier+1","Demon Form"],"picked":"SKIP","floor":40},{"not_picked":["Warcry","Reckless Charge+1","Shrug It Off"],"picked":"SKIP","floor":42},{"not_picked":["Twin Strike","Cleave"],"picked":"Uppercut+1","floor":44},{"not_picked":["Perfected Strike","Disarm"],"picked":"Clash+1","floor":45}],"player_experience":31913,"relics_obtained":[{"floor":9,"key":"Shuriken"},{"floor":21,"key":"Old Coin"},{"floor":21,"key":"Meat on the Bone"},{"floor":40,"key":"Mummified Hand"},{"floor":42,"key":"Mercury Hourglass"},{"floor":45,"key":"Bag of Marbles"}],"event_choices":[{"damage_healed":26,"gold_gain":0,"player_choice":"Banana","damage_taken":0,"max_hp_gain":0,"max_hp_loss":0,"event_name":"Big Fish","floor":3,"gold_loss":0},{"damage_healed":0,"gold_gain":75,"player_choice":"Gather Gold","damage_taken":11,"max_hp_gain":0,"max_hp_loss":0,"event_name":"World of Goop","floor":5,"gold_loss":0},{"cards_removed":["Defend_R"],"damage_healed":0,"gold_gain":0,"player_choice":"Card Removal","damage_taken":0,"max_hp_gain":0,"max_hp_loss":0,"event_name":"The Cleric","floor":11,"gold_loss":50},{"damage_healed":0,"gold_gain":0,"player_choice":"Grow","damage_taken":0,"max_hp_gain":0,"max_hp_loss":0,"event_name":"Living Wall","floor":12,"gold_loss":0,"cards_upgraded":["Heavy Blade"]},{"damage_healed":0,"gold_gain":0,"player_choice":"Searched \u00270\u0027 times","damage_taken":0,"max_hp_gain":0,"max_hp_loss":0,"event_name":"Dead Adventurer","floor":13,"gold_loss":0},{"damage_healed":0,"gold_gain":0,"player_choice":"Became a vampire","damage_taken":0,"max_hp_gain":0,"max_hp_loss":24,"event_name":"Vampires","floor":20,"gold_loss":0,"cards_obtained":["Bite","Bite","Bite","Bite","Bite"]},{"damage_healed":0,"gold_gain":0,"player_choice":"Fight","damage_taken":0,"max_hp_gain":0,"max_hp_loss":0,"event_name":"Colosseum","floor":21,"gold_loss":0},{"damage_healed":0,"gold_gain":0,"player_choice":"Fought Nobs","damage_taken":0,"max_hp_gain":0,"max_hp_loss":0,"event_name":"Colosseum","floor":21,"gold_loss":0},{"damage_healed":0,"gold_gain":0,"player_choice":"Shed Blood","damage_taken":14,"max_hp_gain":5,"max_hp_loss":0,"event_name":"Forgotten Altar","floor":24,"gold_loss":0},{"damage_healed":0,"gold_gain":0,"player_choice":"Obtained Relic","damage_taken":0,"relics_obtained":["Strawberry"],"max_hp_gain":0,"max_hp_loss":0,"event_name":"Addict","floor":25,"gold_loss":85},{"damage_healed":0,"gold_gain":100,"player_choice":"Pray","damage_taken":0,"max_hp_gain":0,"max_hp_loss":0,"event_name":"Golden Shrine","floor":30,"gold_loss":0},{"damage_healed":0,"gold_gain":0,"player_choice":"0 cards matched","damage_taken":0,"max_hp_gain":0,"max_hp_loss":0,"event_name":"Match and Keep!","floor":36,"gold_loss":0,"cards_obtained":[]},{"damage_healed":0,"gold_gain":0,"player_choice":"Upgrade","damage_taken":0,"relics_obtained":["Mark of the Bloom"],"max_hp_gain":0,"max_hp_loss":0,"event_name":"MindBloom","floor":47,"gold_loss":0,"cards_upgraded":["Defend_R","Anger","Clash","Bite","Bite","Bite"]}],"is_beta":false,"boss_relics":[{"not_picked":["Eternal Feather","White Beast Statue"],"picked":"Cursed Key"},{"not_picked":["Orrery","Busted Crown"],"picked":"Coffee Dripper"}],"items_purged_floors":[8,38],"is_endless":false,"potions_floor_spawned":[2,7,16,21,27,28,31,33,37,45],"killed_by":"Awakened One","ascension_level":1}