{"gold_per_floor":[116,191,209,209,221,221,256,256,279,306,185,185,220,220,220,318,318,334,334],"floor_reached":19,"playtime":766,"items_purged":["Strike_G"],"score":192,"play_id":"3ecd9b5b-64be-45f5-b6f3-219821d5a751","local_time":"20181202011223","is_ascension_mode":true,"campfire_choices":[{"data":"All Out Attack","floor":6,"key":"SMITH"},{"floor":8,"key":"REST"},{"floor":12,"key":"REST"},{"floor":15,"key":"REST"}],"neow_cost":"NONE","seed_source_timestamp":1569239966915797,"circlet_count":0,"master_deck":["Defend_G","Defend_G","Defend_G","Defend_G","Defend_G","Strike_G","Strike_G","Strike_G","Strike_G","Survivor","Neutralize+1","Flying Knee","Dagger Throw","Deadly Poison","All Out Attack+1","Malaise","Backflip","Deadly Poison","PiercingWail","Venomology","Footwork"],"relics":["Ring of the Snake","Bronze Scales","Pen Nib","Molten Egg 2","Snake Skull","Peace Pipe","Philosopher\u0027s Stone"],"potions_floor_usage":[],"damage_taken":[{"damage":0,"enemies":"Small Slimes","floor":1,"turns":3},{"damage":0,"enemies":"2 Louse","floor":3,"turns":3},{"damage":3,"enemies":"Jaw Worm","floor":5,"turns":3},{"damage":23,"enemies":"3 Sentries","floor":7,"turns":6},{"damage":10,"enemies":"Gremlin Nob","floor":10,"turns":5},{"damage":18,"enemies":"Lagavulin","floor":13,"turns":6},{"damage":6,"enemies":"Hexaghost","floor":16,"turns":8},{"damage":16,"enemies":"Spheric Guardian","floor":18,"turns":4},{"damage":0,"enemies":"2 Thieves","floor":19,"turns":1}],"seed_played":"-6347162806788159934","potions_obtained":[{"floor":3,"key":"GamblersBrew"},{"floor":5,"key":"FearPotion"},{"floor":7,"key":"SkillPotion"}],"is_trial":false,"path_per_floor":["M","?","M","?","M","R","E","R","T","E","$","R","E","T","R","B",null,"M","M"],"character_chosen":"THE_SILENT","items_purchased":["Deadly Poison"],"campfire_rested":3,"item_purchase_floors":[11],"current_hp_per_floor":[70,59,59,59,56,56,33,54,54,44,44,65,47,47,68,62,70,54,54],"gold":334,"neow_bonus":"THREE_CARDS","is_prod":false,"is_daily":false,"chose_seed":false,"campfire_upgraded":1,"win_rate":0,"timestamp":1543734743,"path_taken":["M","?","M","?","M","R","E","R","T","E","$","R","E","?","R","BOSS","M","M"],"build_version":"2018-11-15","purchased_purges":1,"victory":false,"max_hp_per_floor":[70,70,70,70,70,70,70,70,70,70,70,70,70,70,70,70,70,70,70],"card_choices":[{"not_picked":["Blur","Dagger Throw"],"picked":"Flying Knee","floor":0},{"not_picked":["Bane","Concentrate"],"picked":"Dagger Throw","floor":1},{"not_picked":["Flying Knee","Expertise"],"picked":"Deadly Poison","floor":3},{"not_picked":["Tactician","Slice"],"picked":"All Out Attack","floor":5},{"not_picked":["Flying Knee","Bane"],"picked":"Malaise","floor":7},{"not_picked":["Slice","Reflex"],"picked":"Backflip","floor":10},{"not_picked":["Dodge and Roll","All Out Attack+1"],"picked":"PiercingWail","floor":13},{"not_picked":["Storm of Steel","Malaise"],"picked":"Venomology","floor":16},{"not_picked":["Eviscerate+1","Riddle With Holes+1"],"picked":"Footwork","floor":18}],"player_experience":159801,"relics_obtained":[{"floor":7,"key":"Bronze Scales"},{"floor":9,"key":"Pen Nib"},{"floor":10,"key":"Molten Egg 2"},{"floor":13,"key":"Snake Skull"},{"floor":14,"key":"Peace Pipe"}],"event_choices":[{"damage_healed":0,"gold_gain":75,"player_choice":"Gather Gold","damage_taken":11,"max_hp_gain":0,"max_hp_loss":0,"event_name":"World of Goop","floor":2,"gold_loss":0},{"damage_healed":0,"gold_gain":0,"player_choice":"Grow","damage_taken":0,"max_hp_gain":0,"max_hp_loss":0,"event_name":"Living Wall","floor":4,"gold_loss":0,"cards_upgraded":["Neutralize"]}],"is_beta":false,"boss_relics":[{"not_picked":["Fusion Hammer","Coffee Dripper"],"picked":"Philosopher\u0027s Stone"}],"items_purged_floors":[11],"is_endless":false,"potions_floor_spawned":[3,5,7],"killed_by":"2 Thieves","ascension_level":1}