{"gold_per_floor":[116,126,301,312,329,329,357,357,382,397,397,397,412,422,422,526,526,545,545,560,575,575,606,606,606,606,626,541,264,274,285,285,285],"floor_reached":33,"playtime":2221,"items_purged":[],"score":271,"play_id":"d839d26c-421f-4d06-a2aa-3772ddb0aac8","local_time":"20191008051748","is_ascension_mode":false,"campfire_choices":[{"data":"Genetic Algorithm","floor":6,"key":"SMITH"},{"floor":8,"key":"REST"},{"floor":11,"key":"REST"},{"floor":15,"key":"REST"},{"floor":24,"key":"REST"},{"floor":32,"key":"REST"}],"neow_cost":"NONE","seed_source_timestamp":75479354326200,"circlet_count":0,"master_deck":["Strike_B","Strike_B","Strike_B","Strike_B","Defend_B","Defend_B","Defend_B","Defend_B","Zap","Dualcast","Genetic Algorithm+1","Tempest","Reprogram","Seek","Steam","FTL","Gash","FTL+1","FTL","Scrape","Scrape","Skim","Skim"],"relics":["Cracked Core","NeowsBlessing","Anchor","Potion Belt","Runic Pyramid","Strawberry","Lantern","Boot","DollysMirror"],"potions_floor_usage":[23,23,23,23,31],"damage_taken":[{"damage":0,"enemies":"Cultist","floor":1,"turns":1},{"damage":0,"enemies":"2 Louse","floor":2,"turns":1},{"damage":0,"enemies":"Small Slimes","floor":4,"turns":1},{"damage":15,"enemies":"Exordium Thugs","floor":5,"turns":5},{"damage":47,"enemies":"Gremlin Nob","floor":7,"turns":5},{"damage":10,"enemies":"3 Louse","floor":10,"turns":4},{"damage":3,"enemies":"Red Slaver","floor":13,"turns":3},{"damage":2,"enemies":"Blue Slaver","floor":14,"turns":3},{"damage":42,"enemies":"The Guardian","floor":16,"turns":12},{"damage":12,"enemies":"Chosen","floor":18,"turns":6},{"damage":0,"enemies":"3 Byrds","floor":20,"turns":4},{"damage":19,"enemies":"Shelled Parasite and Fungi","floor":21,"turns":7},{"damage":36,"enemies":"Slavers","floor":23,"turns":6},{"damage":8,"enemies":"Centurion and Healer","floor":27,"turns":7},{"damage":3,"enemies":"Chosen and Byrds","floor":30,"turns":5},{"damage":0,"enemies":"Cultist and Chosen","floor":31,"turns":6},{"damage":49,"enemies":"Automaton","floor":33,"turns":6}],"seed_played":"-3569230611737421141","potions_obtained":[{"floor":4,"key":"PowerPotion"},{"floor":5,"key":"Poison Potion"},{"floor":10,"key":"Energy Potion"},{"floor":14,"key":"SteroidPotion"},{"floor":16,"key":"Swift Potion"},{"floor":18,"key":"FocusPotion"},{"floor":23,"key":"Block Potion"},{"floor":27,"key":"Explosive Potion"}],"is_trial":false,"path_per_floor":["M","M","?","M","M","R","E","R","T","M","R","?","M","M","R","B",null,"M","?","M","M","?","E","R","?","T","M","?","$","M","M","R","B"],"character_chosen":"DEFECT","items_purchased":["Scrape","DollysMirror"],"campfire_rested":5,"item_purchase_floors":[29,29],"current_hp_per_floor":[75,75,75,75,60,60,13,35,35,25,47,47,44,42,64,22,75,63,63,63,44,44,15,39,23,23,15,15,15,12,12,38,0],"gold":285,"neow_bonus":"THREE_ENEMY_KILL","is_prod":false,"is_daily":false,"chose_seed":false,"campfire_upgraded":1,"win_rate":0.0,"timestamp":1570526268,"path_taken":["M","?","?","M","M","R","E","R","T","M","R","?","M","?","R","BOSS","M","?","?","M","?","E","R","?","T","M","?","?","?","M","R","BOSS"],"build_version":"2019-07-17","purchased_purges":0,"victory":false,"max_hp_per_floor":[75,75,75,75,75,75,75,75,75,75,75,75,75,75,75,75,75,75,75,75,75,75,82,82,87,87,87,87,87,87,87,87,87],"card_choices":[{"not_picked":["Barrage","Storm"],"picked":"Genetic Algorithm","floor":1},{"not_picked":["Barrage","Undo","Conserve Battery"],"picked":"SKIP","floor":2},{"not_picked":["Reinforced Body","Fusion"],"picked":"Tempest","floor":4},{"not_picked":["Ball Lightning","Stack"],"picked":"Reprogram","floor":5},{"not_picked":["Double Energy","Reprogram"],"picked":"Seek","floor":7},{"not_picked":["Loop","Hologram","Streamline"],"picked":"SKIP","floor":10},{"not_picked":["Ball Lightning","Compile Driver","Conserve Battery"],"picked":"SKIP","floor":13},{"not_picked":["Ball Lightning","Barrage"],"picked":"Steam","floor":14},{"not_picked":["Sweeping Beam","Rip and Tear"],"picked":"FTL","floor":18},{"not_picked":["Compile Driver","Beam Cell"],"picked":"FTL+1","floor":20},{"not_picked":["Compile Driver+1","Conserve Battery","Barrage"],"picked":"SKIP","floor":21},{"not_picked":["Sweeping Beam","Genetic Algorithm+1","Rip and Tear"],"picked":"SKIP","floor":23},{"not_picked":["Melter","Darkness"],"picked":"FTL","floor":27},{"not_picked":["Rip and Tear+1","Glacier"],"picked":"Skim","floor":30},{"not_picked":["Stack","Compile Driver"],"picked":"Skim","floor":31}],"player_experience":97853,"relics_obtained":[{"floor":7,"key":"Anchor"},{"floor":9,"key":"Potion Belt"},{"floor":23,"key":"Strawberry"},{"floor":26,"key":"Lantern"}],"event_choices":[{"damage_healed":0,"gold_gain":175,"player_choice":"AGREE","damage_taken":0,"max_hp_gain":0,"max_hp_loss":0,"event_name":"Liars Game","floor":3,"gold_loss":0,"cards_obtained":["Doubt"]},{"cards_removed":["Doubt"],"damage_healed":0,"gold_gain":0,"player_choice":"Removed Curses","damage_taken":0,"max_hp_gain":0,"max_hp_loss":0,"event_name":"Fountain of Cleansing","floor":12,"gold_loss":0},{"damage_healed":0,"gold_gain":0,"player_choice":"1 cards matched","damage_taken":0,"max_hp_gain":0,"max_hp_loss":0,"event_name":"Match and Keep!","floor":19,"gold_loss":0,"cards_obtained":["Gash"]},{"damage_healed":0,"gold_gain":0,"player_choice":"1 cards matched","damage_taken":0,"max_hp_gain":0,"max_hp_loss":0,"event_name":"Match and Keep!","floor":19,"gold_loss":0,"cards_obtained":["Gash"]},{"damage_healed":0,"gold_gain":0,"player_choice":"Ignored","damage_taken":0,"max_hp_gain":0,"max_hp_loss":0,"event_name":"Ghosts","floor":22,"gold_loss":0},{"damage_healed":0,"gold_gain":0,"player_choice":"Shed Blood","damage_taken":21,"max_hp_gain":5,"max_hp_loss":0,"event_name":"Forgotten Altar","floor":25,"gold_loss":0},{"damage_healed":0,"gold_gain":0,"player_choice":"Obtained Relic","damage_taken":0,"relics_obtained":["Boot"],"max_hp_gain":0,"max_hp_loss":0,"event_name":"Addict","floor":28,"gold_loss":85}],"is_beta":false,"boss_relics":[{"not_picked":["Calling Bell","Cursed Key"],"picked":"Runic Pyramid"}],"items_purged_floors":[],"is_endless":false,"potions_floor_spawned":[4,5,10,14,16,18,21,23,27],"killed_by":"Automaton","ascension_level":0}