{"gold_per_floor":[117,134,149,169,189,217,230,230,230,248,248,248,267,302,302,403,403,423,433,533,545,558,558,164,182,209,209],"floor_reached":27,"playtime":2989,"items_purged":["Shame"],"score":281,"play_id":"f007a1f4-aa96-4c8f-b305-cc8311628a2c","local_time":"20181122215506","is_ascension_mode":false,"campfire_choices":[{"floor":8,"key":"REST"},{"floor":15,"key":"REST"},{"floor":23,"key":"REST"}],"neow_cost":"NONE","seed_source_timestamp":777576015452179,"circlet_count":0,"master_deck":["Defend_G","Defend_G","Defend_G","Defend_G","Defend_G","Strike_G","Strike_G+1","Strike_G+1","Strike_G","Survivor","Neutralize+1","Flying Knee","Dagger Throw","Backflip","Dagger Throw","Bouncing Flask","Sucker Punch","Bouncing Flask","Backflip","Reflex","Backstab","Prepared","Die Die Die","Parasite","Normality","PiercingWail+1","Finisher","Slice+1","Infinite Blades","Backflip+1"],"relics":["Ring of the Snake","Boot","Darkstone Periapt","Ninja Scroll","Calling Bell","Potion Belt","Mummified Hand","The Specimen","Molten Egg 2","Centennial Puzzle"],"potions_floor_usage":[10,14,14,16,16,27],"damage_taken":[{"damage":0,"enemies":"Cultist","floor":1,"turns":5},{"damage":1,"enemies":"2 Louse","floor":2,"turns":3},{"damage":0,"enemies":"Small Slimes","floor":3,"turns":3},{"damage":3,"enemies":"Red Slaver","floor":4,"turns":4},{"damage":12,"enemies":"Exordium Thugs","floor":5,"turns":6},{"damage":7,"enemies":"Gremlin Nob","floor":6,"turns":4},{"damage":9,"enemies":"Looter","floor":7,"turns":3},{"damage":2,"enemies":"Large Slime","floor":10,"turns":7},{"damage":4,"enemies":"2 Fungi Beasts","floor":13,"turns":3},{"damage":0,"enemies":"3 Sentries","floor":14,"turns":5},{"damage":51,"enemies":"Slime Boss","floor":16,"turns":15},{"damage":21,"enemies":"Chosen","floor":18,"turns":5},{"damage":19,"enemies":"Spheric Guardian","floor":19,"turns":4},{"damage":9,"enemies":"Snake Plant","floor":21,"turns":4},{"damage":32,"enemies":"Centurion and Healer","floor":22,"turns":12},{"damage":22,"enemies":"Sentry and Sphere","floor":25,"turns":5},{"damage":14,"enemies":"Snake Plant","floor":27,"turns":1}],"seed_played":"-2012331642021161043","potions_obtained":[{"floor":5,"key":"Energy Potion"},{"floor":6,"key":"LiquidBronze"},{"floor":10,"key":"Explosive Potion"},{"floor":13,"key":"EssenceOfSteel"},{"floor":14,"key":"SkillPotion"},{"floor":16,"key":"LiquidBronze"},{"floor":22,"key":"Ancient Potion"},{"floor":25,"key":"Dexterity Potion"}],"is_trial":false,"path_per_floor":["M","M","M","M","M","E","M","R","T","M","?","?","M","E","R","B",null,"M","M","?","M","M","R","$","M","T","M"],"character_chosen":"THE_SILENT","items_purchased":["Molten Egg 2","Infinite Blades"],"campfire_rested":3,"item_purchase_floors":[24,24],"current_hp_per_floor":[70,69,69,66,54,47,38,59,59,57,43,43,39,39,60,9,88,67,48,48,39,7,33,33,11,11,0],"gold":209,"neow_bonus":"UPGRADE_CARD","is_prod":false,"is_daily":false,"chose_seed":false,"campfire_upgraded":0,"win_rate":0.0,"timestamp":1542945306,"path_taken":["M","M","M","M","?","E","M","R","T","M","?","?","M","E","R","BOSS","M","M","?","M","M","R","?","M","T","M"],"build_version":"2018-11-15","purchased_purges":1,"victory":false,"max_hp_per_floor":[70,70,70,70,70,70,70,70,70,70,70,70,70,70,70,70,88,88,88,88,88,88,88,88,88,88,88],"card_choices":[{"not_picked":["Backflip","Poisoned Stab"],"picked":"Flying Knee","floor":1},{"not_picked":["Underhanded Strike","Blade Dance"],"picked":"Dagger Throw","floor":2},{"not_picked":["All Out Attack","Choke"],"picked":"Backflip","floor":3},{"not_picked":["Backflip","Choke"],"picked":"Dagger Throw","floor":4},{"not_picked":["Poisoned Stab","Backflip"],"picked":"Bouncing Flask","floor":5},{"not_picked":["Glass Knife","Underhanded Strike"],"picked":"Sucker Punch","floor":6},{"not_picked":["Backflip","Dash"],"picked":"Bouncing Flask","floor":7},{"not_picked":["Terror","Flechettes"],"picked":"Backflip","floor":10},{"not_picked":["Backflip","Dodge and Roll"],"picked":"Backstab","floor":13},{"not_picked":["Slice","Leg Sweep"],"picked":"Prepared","floor":14},{"not_picked":["Burst","Phantasmal Killer"],"picked":"Die Die Die","floor":16},{"not_picked":["Dagger Spray","Dagger Throw","Well Laid Plans"],"picked":"SKIP","floor":18},{"not_picked":["Escape Plan+1","Quick Slash"],"picked":"PiercingWail+1","floor":19},{"not_picked":["Poisoned Stab","Blade Dance+1"],"picked":"Finisher","floor":21},{"not_picked":["Dodge and Roll","Poisoned Stab+1"],"picked":"Slice+1","floor":22},{"not_picked":["Acrobatics+1","Terror+1"],"picked":"Backflip+1","floor":25}],"player_experience":27794,"relics_obtained":[{"floor":6,"key":"Boot"},{"floor":9,"key":"Darkstone Periapt"},{"floor":14,"key":"Ninja Scroll"},{"floor":17,"key":"Potion Belt"},{"floor":17,"key":"Mummified Hand"},{"floor":17,"key":"The Specimen"},{"floor":26,"key":"Centennial Puzzle"}],"event_choices":[{"damage_healed":0,"gold_gain":0,"player_choice":"Entered Light","damage_taken":14,"max_hp_gain":0,"max_hp_loss":0,"event_name":"Shining Light","floor":11,"gold_loss":0,"cards_upgraded":["Strike_G","Strike_G"]},{"damage_healed":0,"gold_gain":0,"cards_transformed":["Strike_G"],"player_choice":"Transformed","damage_taken":0,"max_hp_gain":0,"max_hp_loss":0,"event_name":"Transmorgrifier","floor":12,"gold_loss":0,"cards_obtained":["Reflex"]},{"damage_healed":0,"gold_gain":100,"player_choice":"Pray","damage_taken":0,"max_hp_gain":0,"max_hp_loss":0,"event_name":"Golden Shrine","floor":20,"gold_loss":0}],"is_beta":false,"boss_relics":[{"not_picked":["Lizard Tail","Empty Cage"],"picked":"Calling Bell"}],"items_purged_floors":[24],"is_endless":false,"potions_floor_spawned":[5,6,10,13,14,16,22,25],"killed_by":"Snake Plant","ascension_level":0}