{"gold_per_floor":[112,112,112,112,131,131,148,114,114,134,2,16,28,48,48,150,150,162,162,181,200,79,105,105,105,131,144,157,157,72,92,92,192,192,209,309,329,347,367,396,396,431,431,431,233,233,252,264,264,264],"floor_reached":51,"playtime":5944,"items_purged":["Strike_B","Strike_B","Strike_B"],"score":942,"play_id":"aafb1c58-995f-471e-a760-719ba2f114b6","local_time":"20190120174602","is_ascension_mode":true,"campfire_choices":[{"data":"Defragment","floor":6,"key":"SMITH"},{"floor":15,"key":"REST"},{"data":"Dualcast","floor":24,"key":"SMITH"},{"data":"Storm","floor":29,"key":"SMITH"},{"floor":32,"key":"REST"},{"data":"Heatsinks","floor":41,"key":"SMITH"},{"data":"Echo Form","floor":44,"key":"SMITH"},{"data":"Storm","floor":49,"key":"SMITH"}],"neow_cost":"NONE","seed_source_timestamp":43155515151689,"circlet_count":0,"master_deck":["Defend_B","Defend_B","Defend_B","Defend_B","Zap+1","Dualcast+1","Machine Learning","Ball Lightning","Defragment+1","Static Discharge","Self Repair","Sunder","Sweeping Beam","Storm+1","Defragment","Auto Shields","Leap","Biased Cognition","Doom and Gloom","Storm+1","Self Repair","Ball Lightning","Echo Form+1","Coolheaded+1","Cold Snap","Electrodynamics","Defragment+1","Leap","Chill+1","Heatsinks+1","Glacier+1","Undo+1","Coolheaded+1"],"relics":["Cracked Core","Centennial Puzzle","Smiling Mask","Velvet Choker","Strawberry","Orichalcum","Dodecahedron","Nuclear Battery","Girya","FossilizedHelix","Blue Candle","Mummified Hand"],"potions_floor_usage":[16,20,23,23,27,33,40,40,40,42,50,50],"damage_taken":[{"damage":12,"enemies":"Small Slimes","floor":1,"turns":4},{"damage":2,"enemies":"Jaw Worm","floor":5,"turns":3},{"damage":1,"enemies":"Cultist","floor":7,"turns":3},{"damage":7,"enemies":"Looter","floor":10,"turns":3},{"damage":5,"enemies":"2 Fungi Beasts","floor":12,"turns":4},{"damage":13,"enemies":"Blue Slaver","floor":13,"turns":2},{"damage":10,"enemies":"3 Louse","floor":14,"turns":4},{"damage":25,"enemies":"The Guardian","floor":16,"turns":9},{"damage":6,"enemies":"Spheric Guardian","floor":18,"turns":3},{"damage":12,"enemies":"2 Thieves","floor":20,"turns":3},{"damage":10,"enemies":"Cultist and Chosen","floor":21,"turns":3},{"damage":29,"enemies":"Book of Stabbing","floor":23,"turns":4},{"damage":1,"enemies":"3 Cultists","floor":27,"turns":3},{"damage":30,"enemies":"Sentry and Sphere","floor":28,"turns":4},{"damage":11,"enemies":"Cultist and Chosen","floor":31,"turns":4},{"damage":23,"enemies":"Automaton","floor":33,"turns":6},{"damage":15,"enemies":"3 Shapes","floor":35,"turns":3},{"damage":22,"enemies":"Mind Bloom Boss Battle","floor":36,"turns":5},{"damage":11,"enemies":"Orb Walker","floor":37,"turns":3},{"damage":0,"enemies":"4 Shapes","floor":38,"turns":3},{"damage":10,"enemies":"Maw","floor":39,"turns":4},{"damage":19,"enemies":"Reptomancer","floor":40,"turns":4},{"damage":16,"enemies":"Giant Head","floor":42,"turns":8},{"damage":2,"enemies":"Sphere and 2 Shapes","floor":47,"turns":5},{"damage":0,"enemies":"Writhing Mass","floor":48,"turns":3},{"damage":34,"enemies":"Time Eater","floor":50,"turns":9}],"seed_played":"2759588772589739037","potions_obtained":[{"floor":1,"key":"Dexterity Potion"},{"floor":12,"key":"Explosive Potion"},{"floor":13,"key":"Swift Potion"},{"floor":16,"key":"SkillPotion"},{"floor":19,"key":"AttackPotion"},{"floor":21,"key":"SteroidPotion"},{"floor":31,"key":"FocusPotion"},{"floor":33,"key":"Strength Potion"},{"floor":38,"key":"FocusPotion"},{"floor":39,"key":"Strength Potion"},{"floor":40,"key":"SpeedPotion"},{"floor":48,"key":"Dexterity Potion"}],"is_trial":false,"path_per_floor":["M","?","?","?","M","R","M","$","T","M","$","M","M","M","R","B",null,"M","?","M","M","$","E","R","?","T","M","M","R","?","M","R","B",null,"M","?","M","M","M","E","R","E","T","R","$","?","M","M","R","B",null],"character_chosen":"DEFECT","items_purchased":["Self Repair","Sweeping Beam","Storm","Self Repair","SpeedPotion","Swift Potion","Strength Potion"],"campfire_rested":2,"item_purchase_floors":[8,11,11,22,45,45,45],"current_hp_per_floor":[56,49,31,31,29,29,28,28,28,28,28,30,24,21,43,25,63,64,64,59,49,49,41,41,41,41,47,31,31,31,41,65,49,74,80,72,68,82,82,63,63,61,61,61,61,61,73,82,82,62],"gold":264,"neow_bonus":"ONE_RANDOM_RARE_CARD","is_prod":false,"is_daily":false,"chose_seed":false,"campfire_upgraded":6,"win_rate":0,"timestamp":1548027962,"path_taken":["M","?","?","?","M","R","M","$","T","M","$","M","M","M","R","BOSS","M","?","M","?","$","E","R","?","T","M","M","R","?","M","R","BOSS","M","?","M","M","M","E","R","E","T","R","$","?","M","M","R","BOSS"],"build_version":"2019-01-17v2","purchased_purges":3,"victory":true,"max_hp_per_floor":[75,75,75,75,75,75,75,75,75,75,75,75,75,75,75,75,75,75,75,75,75,75,82,82,82,82,82,82,82,82,82,82,82,82,82,82,82,82,82,82,82,82,82,82,82,82,82,82,82,82],"card_choices":[{"not_picked":["Compile Driver","Cold Snap"],"picked":"Ball Lightning","floor":1},{"not_picked":["Conserve Battery","Genetic Algorithm"],"picked":"Defragment","floor":5},{"not_picked":["Rebound","Melter"],"picked":"Static Discharge","floor":7},{"not_picked":["Rebound","Consume"],"picked":"Sunder","floor":10},{"not_picked":["Beam Cell","Darkness"],"picked":"Defragment","floor":12},{"not_picked":["Leap","Rebound"],"picked":"Auto Shields","floor":13},{"not_picked":["Rebound","Seek"],"picked":"Leap","floor":14},{"not_picked":["Hyperbeam","All For One"],"picked":"Biased Cognition","floor":16},{"not_picked":["Rebound","Beam Cell"],"picked":"Doom and Gloom","floor":18},{"not_picked":["Beam Cell","Rebound","Streamline"],"picked":"SKIP","floor":20},{"not_picked":["Chaos","Recycle+1"],"picked":"Storm","floor":21},{"not_picked":["Rebound+1","Turbo"],"picked":"Ball Lightning","floor":23},{"not_picked":["Hyperbeam","Sweeping Beam","Self Repair"],"picked":"SKIP","floor":27},{"not_picked":["Force Field","Sunder+1"],"picked":"Coolheaded+1","floor":28},{"not_picked":["Streamline","Consume"],"picked":"Cold Snap","floor":31},{"not_picked":["All For One","Amplify"],"picked":"Electrodynamics","floor":33},{"not_picked":["Melter","Hello World"],"picked":"Defragment+1","floor":35},{"not_picked":["Steam","Stack"],"picked":"Leap","floor":36},{"not_picked":["Steam","Fusion+1"],"picked":"Chill+1","floor":37},{"not_picked":["Force Field","Scrape+1"],"picked":"Heatsinks","floor":38},{"not_picked":["Stack+1","Undo+1"],"picked":"Glacier+1","floor":39},{"not_picked":["BootSequence","Chill","FTL"],"picked":"SKIP","floor":40},{"not_picked":["BootSequence","Chill","FTL"],"picked":"SKIP","floor":40},{"not_picked":["Rainbow","Genetic Algorithm"],"picked":"Undo+1","floor":42},{"not_picked":["Static Discharge","Recycle"],"picked":"Coolheaded+1","floor":47},{"not_picked":["Conserve Battery","Compile Driver+1","Turbo"],"picked":"SKIP","floor":48}],"player_experience":442661,"relics_obtained":[{"floor":9,"key":"Smiling Mask"},{"floor":23,"key":"Strawberry"},{"floor":26,"key":"Orichalcum"},{"floor":36,"key":"Girya"},{"floor":40,"key":"FossilizedHelix"},{"floor":42,"key":"Blue Candle"},{"floor":43,"key":"Mummified Hand"}],"event_choices":[{"cards_removed":["Strike_B"],"damage_healed":0,"gold_gain":0,"player_choice":"Card Removal","damage_taken":7,"max_hp_gain":0,"max_hp_loss":0,"event_name":"Golden Wing","floor":2,"gold_loss":0},{"damage_healed":0,"gold_gain":0,"player_choice":"Success","damage_taken":18,"relics_obtained":["Centennial Puzzle"],"max_hp_gain":0,"max_hp_loss":0,"event_name":"Scrap Ooze","floor":3,"gold_loss":0},{"damage_healed":0,"gold_gain":0,"player_choice":"Grow","damage_taken":0,"max_hp_gain":0,"max_hp_loss":0,"event_name":"Living Wall","floor":4,"gold_loss":0,"cards_upgraded":["Zap"]},{"damage_healed":0,"gold_gain":0,"player_choice":"Got Potions","damage_taken":0,"max_hp_gain":0,"max_hp_loss":0,"event_name":"Lab","floor":19,"gold_loss":0},{"damage_healed":0,"gold_gain":0,"player_choice":"Read","damage_taken":0,"max_hp_gain":0,"max_hp_loss":0,"event_name":"The Library","floor":25,"gold_loss":0,"cards_obtained":["Echo Form"]},{"damage_healed":0,"gold_gain":0,"player_choice":"Obtained Relic","damage_taken":0,"relics_obtained":["Dodecahedron"],"max_hp_gain":0,"max_hp_loss":0,"event_name":"Addict","floor":30,"gold_loss":85},{"damage_healed":0,"gold_gain":0,"player_choice":"Fight","damage_taken":0,"max_hp_gain":0,"max_hp_loss":0,"event_name":"MindBloom","floor":36,"gold_loss":0},{"damage_healed":0,"gold_gain":0,"player_choice":"Ignored","damage_taken":0,"max_hp_gain":0,"max_hp_loss":0,"event_name":"Mysterious Sphere","floor":46,"gold_loss":0}],"is_beta":false,"boss_relics":[{"not_picked":["Ectoplasm","Philosopher\u0027s Stone"],"picked":"Velvet Choker"},{"not_picked":["Busted Crown","Empty Cage"],"picked":"Nuclear Battery"}],"items_purged_floors":[11,22,45],"is_endless":false,"potions_floor_spawned":[1,12,13,16,21,31,33,38,39,40,48],"ascension_level":8}