{"gold_per_floor":[117,3,16,16,16,16,33,33,87,105,105,105,123,223,223,322,322,337,350,350,95,107,107,126,140,220,220,239,257,273,284,284,389,389,401,455,455,465,479,479,507,507,507,507],"floor_reached":44,"playtime":4311,"items_purged":["Strike_G"],"score":511,"play_id":"e759d868-7274-4110-9b98-e34e915cb56f","local_time":"20190124215650","is_ascension_mode":false,"campfire_choices":[{"data":"Noxious Fumes","floor":6.0,"key":"SMITH"},{"data":"Neutralize","floor":8.0,"key":"SMITH"},{"data":"Leg Sweep","floor":15.0,"key":"SMITH"},{"data":"Apotheosis","floor":23.0,"key":"SMITH"},{"floor":27.0,"key":"REST"},{"floor":32.0,"key":"REST"},{"floor":40,"key":"REST"}],"neow_cost":"NONE","seed_source_timestamp":0,"circlet_count":0,"master_deck":["Defend_G","Defend_G","Defend_G","Defend_G","Defend_G","Strike_G","Strike_G+1","Strike_G+1","Survivor","Neutralize+1","Outmaneuver","Noxious Fumes+1","Backflip","Regret","Deadly Poison","Deadly Poison","Dagger Spray","Leg Sweep+1","Burst","Leg Sweep+1","Dodge and Roll","Apotheosis+1","Noxious Fumes","Catalyst","Escape Plan","Bane","Envenom","Blur"],"special_seed":0,"relics":["Ring of the Serpent","Ancient Tea Set","Paper Crane","Ornamental Fan","Whetstone","Sozu","Pocketwatch","Mercury Hourglass","Shovel","Boot","Bottled Flame"],"potions_floor_usage":[42],"damage_taken":[{"damage":0.0,"enemies":"Small Slimes","floor":1.0,"turns":5.0},{"damage":0.0,"enemies":"Jaw Worm","floor":3.0,"turns":6.0},{"damage":1.0,"enemies":"2 Louse","floor":7.0,"turns":3.0},{"damage":1.0,"enemies":"Red Slaver","floor":10.0,"turns":3.0},{"damage":2.0,"enemies":"Blue Slaver","floor":13.0,"turns":4.0},{"damage":34.0,"enemies":"Slime Boss","floor":16.0,"turns":12.0},{"damage":2.0,"enemies":"Shell Parasite","floor":18.0,"turns":5.0},{"damage":10.0,"enemies":"Chosen","floor":19.0,"turns":5.0},{"damage":6.0,"enemies":"3 Cultists","floor":22.0,"turns":6.0},{"damage":3.0,"enemies":"Centurion and Healer","floor":24.0,"turns":7.0},{"damage":14.0,"enemies":"Snake Plant","floor":25.0,"turns":5.0},{"damage":10.0,"enemies":"3 Cultists","floor":28.0,"turns":4.0},{"damage":1.0,"enemies":"Centurion and Healer","floor":29.0,"turns":5.0},{"damage":11.0,"enemies":"Sentry and Sphere","floor":30.0,"turns":5.0},{"damage":19.0,"enemies":"Cultist and Chosen","floor":31.0,"turns":5.0},{"damage":1.0,"enemies":"Collector","floor":33.0,"turns":5.0},{"damage":7,"enemies":"3 Shapes","floor":35,"turns":4},{"damage":50,"enemies":"2 Orb Walkers","floor":36,"turns":7},{"damage":4,"enemies":"Orb Walker","floor":38,"turns":5},{"damage":0,"enemies":"Maw","floor":39,"turns":7},{"damage":16,"enemies":"Nemesis","floor":41,"turns":7},{"damage":0,"enemies":"4 Shapes","floor":42,"turns":1},{"damage":29,"enemies":"Sphere and 2 Shapes","floor":44,"turns":3}],"seed_played":"-8240812391531172980","potions_obtained":[{"floor":3.0,"key":"Fire Potion"},{"floor":7.0,"key":"Dexterity Potion"},{"floor":16.0,"key":"SmokeBomb"}],"is_trial":false,"path_per_floor":["M","$","M","?","?","R","M","R","T","M","?","?","M","?","R","B",null,"M","M","?","$","M","R","M","M","T","R","M","M","M","M","R","B",null,"M","?","?","M","M","R","E","M","T","M"],"character_chosen":"THE_SILENT","items_purchased":["Noxious Fumes","Apotheosis","Noxious Fumes"],"campfire_rested":3,"item_purchase_floors":[2,21,21],"current_hp_per_floor":[70,70,70,63,63,63,62,62,62,61,61,61,59,59,59,25,70,68,58,58,58,52,52,49,35,35,56,46,45,34,15,36,35,70,63,13,13,9,9,30,14,14,14,0],"gold":507,"neow_bonus":"RANDOM_COMMON_RELIC","is_prod":false,"is_daily":false,"chose_seed":false,"campfire_upgraded":4,"win_rate":0,"timestamp":1548385010,"path_taken":["M","$","M","?","?","R","?","R","T","M","?","?","M","?","R","BOSS","M","M","?","$","M","R","M","?","T","R","M","M","M","M","R","BOSS","M","?","?","M","M","R","E","M","T","M"],"build_version":"2019-01-23","purchased_purges":1,"victory":false,"max_hp_per_floor":[70,70,70,70,70,70,70,70,70,70,70,70,70,70,70,70,70,70,70,70,70,70,70,70,70,70,70,70,70,70,70,70,70,70,70,70,70,70,70,70,70,70,70,70],"card_choices":[{"not_picked":["Blade Dance","Masterful Stab"],"picked":"Outmaneuver","floor":1.0},{"not_picked":["Flechettes","Slice"],"picked":"Backflip","floor":3.0},{"not_picked":["Backflip","Dagger Throw"],"picked":"Deadly Poison","floor":7.0},{"not_picked":["Eviscerate","Acrobatics"],"picked":"Deadly Poison","floor":10.0},{"not_picked":["Acrobatics","Deadly Poison"],"picked":"Leg Sweep","floor":13.0},{"not_picked":["Envenom","Venomology"],"picked":"Burst","floor":16.0},{"not_picked":["Reflex+1","Accuracy"],"picked":"Leg Sweep+1","floor":18.0},{"not_picked":["Sucker Punch+1","Deflect"],"picked":"Dodge and Roll","floor":19.0},{"not_picked":["Flying Knee","Poisoned Stab"],"picked":"Catalyst","floor":22.0},{"not_picked":["Flechettes","Poisoned Stab"],"picked":"Escape Plan","floor":24.0},{"not_picked":["Backflip","Deflect"],"picked":"Bane","floor":25.0},{"not_picked":["Bane","Finisher","Quick Slash"],"picked":"SKIP","floor":28.0},{"not_picked":["Flying Knee","Deadly Poison","Blade Dance"],"picked":"SKIP","floor":29.0},{"not_picked":["Quick Slash","Slice+1","Deflect+1"],"picked":"SKIP","floor":30.0},{"not_picked":["Deflect","Quick Slash","Deadly Poison"],"picked":"SKIP","floor":31.0},{"not_picked":["Wraith Form v2","Phantasmal Killer"],"picked":"Envenom","floor":33.0},{"not_picked":["Underhanded Strike+1","Prepared+1","Dash"],"picked":"SKIP","floor":35},{"not_picked":["Blade Dance+1","All Out Attack"],"picked":"Blur","floor":36},{"not_picked":["Deflect","Terror+1","Dagger Throw"],"picked":"SKIP","floor":38},{"not_picked":["Quick Slash+1","Caltrops","Calculated Gamble+1"],"picked":"SKIP","floor":39},{"not_picked":["Backflip","Finisher","Blade Dance"],"picked":"SKIP","floor":41}],"player_experience":125601,"relics_obtained":[{"floor":9.0,"key":"Whetstone"},{"floor":26.0,"key":"Mercury Hourglass"},{"floor":36,"key":"Shovel"},{"floor":41,"key":"Boot"},{"floor":43,"key":"Bottled Flame"}],"event_choices":[{"event_name":"Scrap Ooze","player_choice":"success","floor":4.0,"damage_taken":7.0},{"event_name":"Big Fish","player_choice":"Box","floor":5.0,"damage_taken":0.0},{"event_name":"Match and Keep!","player_choice":"1 cards matched","floor":11.0,"damage_taken":0.0},{"event_name":"Liars Game","player_choice":"disagreed","floor":12.0,"damage_taken":0.0},{"event_name":"Golden Shrine","player_choice":"Pray","floor":14.0,"damage_taken":0.0},{"event_name":"The Mausoleum","player_choice":"Yes","floor":20.0,"damage_taken":0.0},{"damage_healed":0,"gold_gain":0,"player_choice":"Fight","damage_taken":0,"max_hp_gain":0,"max_hp_loss":0,"event_name":"Mysterious Sphere","floor":36,"gold_loss":0},{"cards_removed":["Strike_G"],"damage_healed":0,"gold_gain":0,"player_choice":"Removed Attack","damage_taken":0,"max_hp_gain":0,"max_hp_loss":0,"event_name":"Falling","floor":37,"gold_loss":0}],"is_beta":false,"boss_relics":[{"not_picked":["Coffee Dripper","Lizard Tail"],"picked":"Sozu"},{"not_picked":["Runic Pyramid","Fusion Hammer"],"picked":"Ring of the Serpent"}],"items_purged_floors":[2],"is_endless":false,"potions_floor_spawned":[3,7,16,19,25,28,33,35,36,39],"killed_by":"Sphere and 2 Shapes","ascension_level":0}