{"gold_per_floor":[119,194,194,212,137,172,172,185,185,200,211,211,221,48,48,146,146,157,175,191,205,205,221,221,241,290,290,308,183,212,222,222,317,367,385,485,503,514,529,529,558,558,582,599,187,187,201,26,26,26,26,26,26,55,55],"floor_reached":55,"playtime":4169,"items_purged":["Defend_G","Strike_G","Strike_G","Strike_G","Burst"],"score":755,"play_id":"d1676519-2011-49f5-a3f2-94d2ffe80a2a","local_time":"20181125165933","is_ascension_mode":false,"campfire_choices":[{"data":"Neutralize","floor":7,"key":"SMITH"},{"data":"Terror","floor":12,"key":"SMITH"},{"data":"Cloak And Dagger","floor":15,"key":"SMITH"},{"data":"Cloak And Dagger","floor":24,"key":"SMITH"},{"data":"Accuracy","floor":27,"key":"SMITH"},{"data":"After Image","floor":32,"key":"SMITH"},{"data":"Prepared","floor":40,"key":"SMITH"},{"floor":42,"key":"RECALL"},{"data":"Footwork","floor":46,"key":"SMITH"},{"floor":49,"key":"REST"},{"data":"PiercingWail","floor":52,"key":"SMITH"}],"neow_cost":"NONE","seed_source_timestamp":1017147215300435,"circlet_count":0,"master_deck":["Defend_G","Defend_G","Defend_G","Defend_G","Strike_G","Survivor","Neutralize+1","Terror+1","Accuracy+1","Adrenaline","Dagger Spray+1","Backstab","Cloak And Dagger+1","Prepared+1","Finisher+1","After Image+1","Dagger Spray+1","Cloak And Dagger+1","Dash+1","Slice+1","Calculated Gamble","PiercingWail+1","Blade Dance+1","Footwork+1","Acrobatics+1","Slice","Blade Dance+1","Blade Dance+1","Footwork+1","Well Laid Plans","Backflip+1","Deflect+1"],"relics":["Ring of the Snake","NeowsBlessing","Thread and Needle","Pear","WristBlade","Snake Skull","Tiny House","Calipers","Dream Catcher","Whetstone","TwistedFunnel","Bottled Flame"],"potions_floor_usage":[21,25,30,31,37,50,50],"damage_taken":[{"damage":0,"enemies":"Small Slimes","floor":1,"turns":1},{"damage":0,"enemies":"Cultist","floor":4,"turns":1},{"damage":0,"enemies":"Gremlin Nob","floor":6,"turns":1},{"damage":0,"enemies":"2 Louse","floor":8,"turns":2},{"damage":0,"enemies":"2 Fungi Beasts","floor":10,"turns":3},{"damage":0,"enemies":"Blue Slaver","floor":11,"turns":3},{"damage":0,"enemies":"Large Slime","floor":13,"turns":6},{"damage":36,"enemies":"Hexaghost","floor":16,"turns":10},{"damage":0,"enemies":"3 Byrds","floor":18,"turns":5},{"damage":0,"enemies":"Chosen","floor":19,"turns":3},{"damage":0,"enemies":"Snake Plant","floor":20,"turns":4},{"damage":0,"enemies":"3 Cultists","floor":21,"turns":5},{"damage":1,"enemies":"Cultist and Chosen","floor":23,"turns":4},{"damage":0,"enemies":"Snake Plant","floor":25,"turns":4},{"damage":1,"enemies":"Shelled Parasite and Fungi","floor":28,"turns":3},{"damage":18,"enemies":"Slavers","floor":30,"turns":4},{"damage":7,"enemies":"Snecko","floor":31,"turns":4},{"damage":31,"enemies":"Champ","floor":33,"turns":9},{"damage":0,"enemies":"Orb Walker","floor":35,"turns":3},{"damage":2,"enemies":"Mind Bloom Boss Battle","floor":36,"turns":6},{"damage":18,"enemies":"3 Shapes","floor":37,"turns":4},{"damage":0,"enemies":"Transient","floor":38,"turns":5},{"damage":8,"enemies":"Maw","floor":39,"turns":6},{"damage":5,"enemies":"Nemesis","floor":41,"turns":7},{"damage":4,"enemies":"Writhing Mass","floor":44,"turns":3},{"damage":0,"enemies":"Jaw Worm Horde","floor":47,"turns":4},{"damage":33,"enemies":"Donu and Deca","floor":50,"turns":10},{"damage":44,"enemies":"Shield and Spear","floor":54,"turns":10},{"damage":89,"enemies":"The Heart","floor":55,"turns":6}],"seed_played":"3729880496509577672","potions_obtained":[{"floor":4,"key":"Weak Potion"},{"floor":6,"key":"Regen Potion"},{"floor":10,"key":"FearPotion"},{"floor":18,"key":"GamblersBrew"},{"floor":28,"key":"Poison Potion"},{"floor":30,"key":"Explosive Potion"},{"floor":34,"key":"FairyPotion"},{"floor":36,"key":"Energy Potion"},{"floor":39,"key":"AttackPotion"},{"floor":47,"key":"EssenceOfSteel"}],"is_trial":false,"path_per_floor":["M","?","?","M","$","E","R","M","T","M","M","R","M","$","R","B",null,"M","M","M","M","?","M","R","M","T","R","M","$","E","M","R","B",null,"M","?","M","M","M","R","E","R","T","M","$","R","M","$","R","B",null,"R","$","E","B"],"character_chosen":"THE_SILENT","items_purchased":["Finisher","TwistedFunnel","Well Laid Plans"],"campfire_rested":1,"item_purchase_floors":[14,45,45],"current_hp_per_floor":[70,59,59,59,59,59,59,59,69,69,69,69,69,69,69,33,80,80,80,80,80,80,79,79,79,79,79,78,78,60,53,53,22,85,85,83,65,65,57,57,52,52,52,48,48,48,48,48,73,40,85,85,85,41,0],"gold":55,"neow_bonus":"THREE_ENEMY_KILL","is_prod":false,"is_daily":false,"chose_seed":false,"campfire_upgraded":9,"win_rate":0,"timestamp":1543186773,"path_taken":["M","?","?","M","$","E","R","M","T","M","M","R","M","$","R","BOSS","M","M","M","?","?","M","R","M","T","R","M","$","E","M","R","BOSS","M","?","M","M","M","R","E","R","T","M","$","R","M","$","R","BOSS","R","$","E","BOSS"],"build_version":"2018-11-15","purchased_purges":5,"victory":false,"max_hp_per_floor":[70,70,70,70,70,70,70,70,80,80,80,80,80,80,80,80,80,80,80,80,80,80,80,80,80,80,80,80,80,80,80,80,80,85,85,85,85,85,85,85,85,85,85,85,85,85,85,85,85,85,85,85,85,85,85],"card_choices":[{"not_picked":["Dodge and Roll","Bane"],"picked":"Terror","floor":1},{"not_picked":["Underhanded Strike","Poisoned Stab"],"picked":"Accuracy","floor":4},{"not_picked":["Backstab","Finisher"],"picked":"Adrenaline","floor":6},{"not_picked":["Reflex","Slice"],"picked":"Dagger Spray","floor":8},{"not_picked":["Deflect","Poisoned Stab"],"picked":"Backstab","floor":10},{"not_picked":["Expertise","Malaise"],"picked":"Cloak And Dagger","floor":11},{"not_picked":["Underhanded Strike","Outmaneuver"],"picked":"Prepared","floor":13},{"not_picked":["Tools of the Trade","Bullet Time"],"picked":"After Image","floor":16},{"not_picked":["Flying Knee","Bane"],"picked":"Dagger Spray+1","floor":18},{"not_picked":["Choke+1","Sucker Punch+1"],"picked":"Cloak And Dagger","floor":19},{"not_picked":["Poisoned Stab","Outmaneuver"],"picked":"Dash+1","floor":20},{"not_picked":["Well Laid Plans","Underhanded Strike+1"],"picked":"Slice","floor":21},{"not_picked":["Sucker Punch+1","Blur+1"],"picked":"Calculated Gamble","floor":23},{"not_picked":["Accuracy","Underhanded Strike"],"picked":"PiercingWail","floor":25},{"not_picked":["Dodge and Roll","Bane+1"],"picked":"Blade Dance+1","floor":28},{"not_picked":["Masterful Stab","All Out Attack","Dodge and Roll+1"],"picked":"SKIP","floor":30},{"not_picked":["Underhanded Strike","Endless Agony","Poisoned Stab"],"picked":"SKIP","floor":31},{"not_picked":["Venomology","After Image"],"picked":"Burst","floor":33},{"not_picked":["Accuracy","Catalyst"],"picked":"Footwork+1","floor":34},{"not_picked":["Flechettes+1","Dagger Spray+1","Crippling Poison"],"picked":"SKIP","floor":35},{"not_picked":["Tactician+1","Skewer"],"picked":"Acrobatics+1","floor":36},{"not_picked":["Dagger Spray+1","Calculated Gamble+1","Acrobatics"],"picked":"SKIP","floor":37},{"not_picked":["Underhanded Strike","Acrobatics"],"picked":"Slice","floor":38},{"not_picked":["Dodge and Roll+1","Acrobatics+1"],"picked":"Blade Dance+1","floor":39},{"not_picked":["Dagger Spray","Predator"],"picked":"Blade Dance+1","floor":41},{"not_picked":["Quick Slash","Envenom"],"picked":"Footwork","floor":44},{"not_picked":["Dagger Throw+1","Skewer+1","Endless Agony+1"],"picked":"SKIP","floor":47},{"not_picked":["Flying Knee","Acrobatics+1"],"picked":"Backflip+1","floor":49},{"not_picked":["Accuracy+1","Poisoned Stab"],"picked":"Deflect+1","floor":54}],"player_experience":89239,"relics_obtained":[{"floor":6,"key":"Thread and Needle"},{"floor":9,"key":"Pear"},{"floor":30,"key":"Snake Skull"},{"floor":36,"key":"Calipers"},{"floor":41,"key":"Dream Catcher"},{"floor":43,"key":"Whetstone"},{"floor":54,"key":"Bottled Flame"}],"event_choices":[{"damage_healed":0,"gold_gain":75,"player_choice":"Gather Gold","damage_taken":11,"max_hp_gain":0,"max_hp_loss":0,"event_name":"World of Goop","floor":2,"gold_loss":0},{"damage_healed":0,"gold_gain":0,"player_choice":"Ignored","damage_taken":0,"max_hp_gain":0,"max_hp_loss":0,"event_name":"NoteForYourself","floor":3,"gold_loss":0},{"cards_removed":["Strike_G"],"damage_healed":0,"gold_gain":0,"player_choice":"Elegance","damage_taken":0,"max_hp_gain":0,"max_hp_loss":0,"event_name":"Back to Basics","floor":22,"gold_loss":0},{"damage_healed":0,"gold_gain":0,"player_choice":"Fight","damage_taken":0,"max_hp_gain":0,"max_hp_loss":0,"event_name":"MindBloom","floor":36,"gold_loss":0}],"is_beta":false,"boss_relics":[{"not_picked":["Velvet Choker","Black Star"],"picked":"WristBlade"},{"not_picked":["Coffee Dripper","Eternal Feather"],"picked":"Tiny House"}],"items_purged_floors":[5,14,29,45,48],"is_endless":false,"potions_floor_spawned":[4,6,10,11,18,19,28,30,36,39,47],"killed_by":"The Heart","ascension_level":0}