{"gold_per_floor":[112,128,148,110,120,120,131,157,157,157,107,122,122,134,134,237,237,247,247,257,257,271,304,314,314,340,368,386,396,396,28,28,28],"floor_reached":33,"playtime":2679,"items_purged":["Decay"],"score":316,"play_id":"d4a62d06-fb7e-471c-885e-b02cdecff4b0","local_time":"20190118201609","is_ascension_mode":false,"campfire_choices":[{"data":"Bash","floor":6,"key":"SMITH"},{"data":"Shrug It Off","floor":15,"key":"SMITH"},{"floor":25,"key":"REST"},{"data":"Armaments","floor":32,"key":"SMITH"}],"neow_cost":"","seed_source_timestamp":29220677635572,"circlet_count":0,"master_deck":["Strike_R","Strike_R+1","Strike_R+1","Defend_R","Defend_R","Defend_R","Defend_R","Bash+1","Cleave","Shrug It Off+1","Inflame","Twin Strike","Heavy Blade","Armaments","Body Slam","Offering","Seeing Red+1","Impervious","Uppercut+1","Impervious","Twin Strike","Armaments+1","True Grit"],"relics":["Burning Blood","Shuriken","Mummified Hand","Black Star","Vajra","Matryoshka","Anchor","Boot","Strawberry","Dodecahedron","Lee\u0027s Waffle"],"potions_floor_usage":[12,16,23,23,24,27,33],"damage_taken":[{"damage":5,"enemies":"Small Slimes","floor":1,"turns":4},{"damage":5,"enemies":"2 Louse","floor":2,"turns":3},{"damage":10,"enemies":"Jaw Worm","floor":3,"turns":4},{"damage":10,"enemies":"Red Slaver","floor":5,"turns":4},{"damage":12,"enemies":"Large Slime","floor":7,"turns":4},{"damage":18,"enemies":"3 Sentries","floor":8,"turns":7},{"damage":0,"enemies":"Exordium Wildlife","floor":12,"turns":3},{"damage":9,"enemies":"Red Slaver","floor":14,"turns":5},{"damage":44,"enemies":"The Guardian","floor":16,"turns":13},{"damage":6,"enemies":"Shell Parasite","floor":18,"turns":3},{"damage":16,"enemies":"Chosen","floor":20,"turns":4},{"damage":21,"enemies":"Snecko","floor":22,"turns":5},{"damage":15,"enemies":"Slavers","floor":23,"turns":6},{"damage":21,"enemies":"Snake Plant","floor":24,"turns":4},{"damage":31,"enemies":"Gremlin Leader","floor":27,"turns":7},{"damage":8,"enemies":"Centurion and Healer","floor":28,"turns":6},{"damage":31,"enemies":"3 Cultists","floor":29,"turns":7},{"damage":99,"enemies":"Champ","floor":33,"turns":15}],"seed_played":"-6104006601919083190","potions_obtained":[{"floor":5,"key":"Strength Potion"},{"floor":8,"key":"Swift Potion"},{"floor":12,"key":"Fruit Juice"},{"floor":16,"key":"Dexterity Potion"},{"floor":20,"key":"GamblersBrew"},{"floor":23,"key":"Energy Potion"},{"floor":27,"key":"Weak Potion"}],"is_trial":false,"path_per_floor":["M","M","M","$","M","R","M","E","T","?","?","M","?","M","R","B",null,"M","?","M","?","M","E","M","R","T","E","M","M","?","$","R","B"],"character_chosen":"IRONCLAD","items_purchased":["Inflame","Lee\u0027s Waffle","Armaments","True Grit"],"campfire_rested":1,"item_purchase_floors":[4,31,31,31],"current_hp_per_floor":[80,80,76,76,72,72,66,54,54,38,38,49,49,46,46,8,85,85,85,75,75,60,51,36,61,61,43,41,16,16,99,99,0],"gold":28,"neow_bonus":"","is_prod":false,"is_daily":false,"chose_seed":false,"campfire_upgraded":3,"win_rate":0.0,"timestamp":1547864169,"path_taken":["M","M","M","$","M","R","M","E","T","?","?","M","?","?","R","BOSS","M","?","M","?","M","E","M","R","T","E","M","?","?","$","R","BOSS"],"build_version":"2019-01-17v2","purchased_purges":1,"victory":false,"max_hp_per_floor":[80,80,80,80,80,80,80,80,80,80,80,85,85,85,85,85,85,85,85,85,85,85,85,85,85,85,92,92,92,92,99,99,99],"card_choices":[{"not_picked":["Headbutt","Infernal Blade"],"picked":"Cleave","floor":1},{"not_picked":["Infernal Blade","Seeing Red","Dropkick"],"picked":"SKIP","floor":2},{"not_picked":["Sever Soul","Body Slam"],"picked":"Shrug It Off","floor":3},{"not_picked":["Corruption","Clash"],"picked":"Twin Strike","floor":5},{"not_picked":["Flex","Headbutt"],"picked":"Heavy Blade","floor":7},{"not_picked":["Clash","Barricade"],"picked":"Armaments","floor":8},{"not_picked":["Rampage","Ghostly Armor","Pommel Strike"],"picked":"SKIP","floor":12},{"not_picked":["Reckless Charge","Warcry"],"picked":"Body Slam","floor":14},{"not_picked":["Impervious","Feed"],"picked":"Offering","floor":16},{"not_picked":["Pommel Strike","Power Through+1","Thunderclap"],"picked":"SKIP","floor":18},{"not_picked":["Clash","Power Through"],"picked":"Seeing Red+1","floor":20},{"not_picked":["Corruption","Clash","Feel No Pain"],"picked":"SKIP","floor":22},{"not_picked":["Blood for Blood","Clash"],"picked":"Impervious","floor":23},{"not_picked":["Body Slam","True Grit"],"picked":"Uppercut+1","floor":24},{"not_picked":["Carnage+1","Feed"],"picked":"Impervious","floor":27},{"not_picked":["Carnage","Headbutt","Reckless Charge"],"picked":"SKIP","floor":28},{"not_picked":["Infernal Blade","Cleave"],"picked":"Twin Strike","floor":29}],"player_experience":0,"relics_obtained":[{"floor":8,"key":"Shuriken"},{"floor":9,"key":"Mummified Hand"},{"floor":23,"key":"Vajra"},{"floor":23,"key":"Matryoshka"},{"floor":26,"key":"Anchor"},{"floor":26,"key":"Boot"},{"floor":27,"key":"Strawberry"},{"floor":27,"key":"Dodecahedron"}],"event_choices":[{"damage_healed":0,"gold_gain":0,"player_choice":"Entered Light","damage_taken":16,"max_hp_gain":0,"max_hp_loss":0,"event_name":"Shining Light","floor":10,"gold_loss":0,"cards_upgraded":["Strike_R","Strike_R"]},{"cards_removed":["Strike_R"],"damage_healed":0,"gold_gain":0,"player_choice":"Card Removal","damage_taken":0,"max_hp_gain":0,"max_hp_loss":0,"event_name":"The Cleric","floor":11,"gold_loss":50},{"cards_removed":["Strike_R"],"damage_healed":0,"gold_gain":0,"player_choice":"Offered Basic","damage_taken":0,"max_hp_gain":0,"max_hp_loss":0,"event_name":"Bonfire Elementals","floor":13,"gold_loss":0},{"damage_healed":0,"gold_gain":0,"player_choice":"Ignored","damage_taken":0,"max_hp_gain":0,"max_hp_loss":0,"event_name":"Vampires","floor":19,"gold_loss":0},{"damage_healed":0,"gold_gain":0,"player_choice":"Bought 0 Potions","damage_taken":0,"max_hp_gain":0,"max_hp_loss":0,"event_name":"The Woman in Blue","floor":21,"gold_loss":0},{"damage_healed":0,"gold_gain":0,"player_choice":"Cursed","damage_taken":0,"max_hp_gain":0,"max_hp_loss":0,"event_name":"Wheel of Change","floor":30,"gold_loss":0,"cards_obtained":["Decay"]}],"is_beta":false,"boss_relics":[{"not_picked":["Velvet Choker","Runic Cube"],"picked":"Black Star"}],"items_purged_floors":[31],"is_endless":false,"potions_floor_spawned":[5,8,12,16,20,23,27],"killed_by":"Champ","ascension_level":0}