{"gold_per_floor":[119,62,80,96,106,133,133,158,213,70,70,120,132,142,142,219,219,230,76,76,0,16,16,50,50,77,77,90,102,102,6,6,80,80,95,95,0,0,16,16,50,50,101,101,136,150,166,166,166,166],"floor_reached":50,"playtime":3787,"items_purged":["Strike_R"],"score":977,"play_id":"06814954-265b-44b8-b642-40586ea636a9","local_time":"20190623105735","is_ascension_mode":true,"campfire_choices":[{"data":"Inflame","floor":7.0,"key":"SMITH"},{"floor":11.0,"key":"REST"},{"floor":15.0,"key":"REST"},{"data":"True Grit","floor":23,"key":"SMITH"},{"data":"Juggernaut","floor":25,"key":"SMITH"},{"data":"Intimidate","floor":27,"key":"SMITH"},{"floor":32,"key":"REST"},{"data":"Madness","floor":40,"key":"SMITH"},{"floor":42,"key":"REST"},{"data":"Madness","floor":44,"key":"SMITH"},{"data":"Dark Embrace","floor":49,"key":"SMITH"}],"neow_cost":"NONE","seed_source_timestamp":681310411178954,"circlet_count":0,"master_deck":["AscendersBane","Defend_R+1","Defend_R","Defend_R","Defend_R+1","Inflame+1","Battle Trance","Cleave","True Grit+1","Anger","Juggernaut+1","Intimidate+1","Second Wind","Sword Boomerang+1","Reaper+1","Flex+1","Sentinel","Pummel+1","Feel No Pain","Corruption","Ghostly Armor","Iron Wave+1","Barricade","Feel No Pain","Dark Embrace+1","Sentinel+1","Exhume+1","Power Through+1","Ghostly Armor","Madness+1","Madness+1","True Grit","Battle Trance"],"special_seed":0,"relics":["Burning Blood","Red Skull","Calipers","Molten Egg 2","Happy Flower","Runic Pyramid","War Paint","Vajra","Astrolabe","Red Mask","Orichalcum","Bag of Marbles","Mummified Hand"],"potions_floor_usage":[22,22,29,33,33,41,41,45],"damage_taken":[{"damage":2.0,"enemies":"Cultist","floor":1.0,"turns":4.0},{"damage":7.0,"enemies":"Small Slimes","floor":3.0,"turns":3.0},{"damage":9.0,"enemies":"Jaw Worm","floor":4.0,"turns":5.0},{"damage":14.0,"enemies":"Blue Slaver","floor":5.0,"turns":6.0},{"damage":28.0,"enemies":"Gremlin Nob","floor":6.0,"turns":4.0},{"damage":34.0,"enemies":"Lagavulin","floor":8.0,"turns":8.0},{"damage":5.0,"enemies":"Red Slaver","floor":13.0,"turns":3.0},{"damage":9.0,"enemies":"2 Fungi Beasts","floor":14.0,"turns":2.0},{"damage":29.0,"enemies":"Slime Boss","floor":16.0,"turns":10.0},{"damage":22.0,"enemies":"Spheric Guardian","floor":18.0,"turns":5.0},{"damage":23,"enemies":"2 Thieves","floor":22,"turns":3},{"damage":40,"enemies":"Gremlin Leader","floor":24,"turns":5},{"damage":15,"enemies":"3 Cultists","floor":28,"turns":5},{"damage":15,"enemies":"Snake Plant","floor":29,"turns":4},{"damage":31,"enemies":"Collector","floor":33,"turns":8},{"damage":12,"enemies":"3 Shapes","floor":35,"turns":5},{"damage":11,"enemies":"Orb Walker","floor":39,"turns":6},{"damage":31,"enemies":"Nemesis","floor":41,"turns":5},{"damage":34,"enemies":"Reptomancer","floor":45,"turns":7},{"damage":46,"enemies":"4 Shapes","floor":46,"turns":6},{"damage":1,"enemies":"Transient","floor":47,"turns":6},{"damage":97,"enemies":"Awakened One","floor":50,"turns":12}],"seed_played":"-8041249642669554493","potions_obtained":[{"floor":1.0,"key":"Weak Potion"},{"floor":8.0,"key":"EssenceOfSteel"},{"floor":13.0,"key":"SpeedPotion"},{"floor":16.0,"key":"Explosive Potion"},{"floor":28,"key":"EssenceOfSteel"},{"floor":29,"key":"Explosive Potion"},{"floor":35,"key":"PowerPotion"},{"floor":39,"key":"Block Potion"},{"floor":41,"key":"EssenceOfSteel"}],"is_trial":false,"path_per_floor":["M","$","M","M","M","E","R","E","T","$","R","?","M","M","R","B",null,"M","$","?","?","M","R","E","R","T","R","M","M","?","$","R","B",null,"M","?","?","?","M","R","E","R","T","R","E","M","M","?","R","B"],"character_chosen":"IRONCLAD","items_purchased":["Poison Potion","SpeedPotion","Intimidate","Sentinel","Feel No Pain","PowerPotion"],"campfire_rested":4,"item_purchase_floors":[2,10,10,19,31,31],"current_hp_per_floor":[72,72,71,68,60,38,38,10,10,10,32,32,33,30,52,29,64,48,48,48,48,53,53,52,52,52,52,68,59,38,38,62,46,72,66,52,52,52,57,57,48,72,72,72,56,67,80,80,80,0],"gold":166,"neow_bonus":"RANDOM_COMMON_RELIC","is_prod":false,"is_daily":false,"chose_seed":false,"campfire_upgraded":7,"win_rate":0,"timestamp":1561305455,"path_taken":["M","$","M","M","?","E","R","E","T","$","R","?","M","M","R","BOSS","M","$","?","?","M","R","E","R","T","R","M","M","?","?","R","BOSS","M","?","?","?","M","R","E","R","T","R","E","M","M","?","R","BOSS"],"build_version":"2019-01-23","purchased_purges":1,"victory":false,"max_hp_per_floor":[75,75,75,75,75,75,75,75,75,75,75,75,75,75,75,75,75,75,75,75,75,75,75,75,75,75,75,75,75,80,80,80,80,80,80,80,80,80,80,80,80,80,80,80,80,80,80,80,80,80],"card_choices":[{"not_picked":["Whirlwind","Flex"],"picked":"Inflame","floor":1.0},{"not_picked":["Inflame","Iron Wave"],"picked":"Battle Trance","floor":3.0},{"not_picked":["Thunderclap","True Grit"],"picked":"Cleave","floor":4.0},{"not_picked":["Dual Wield","Sever Soul"],"picked":"True Grit","floor":5.0},{"not_picked":["Uppercut","Pommel Strike"],"picked":"Anger","floor":6.0},{"not_picked":["Thunderclap","Sever Soul"],"picked":"Juggernaut","floor":8.0},{"not_picked":["Power Through","Sword Boomerang+1"],"picked":"Second Wind","floor":13.0},{"not_picked":["Headbutt+1","Fire Breathing"],"picked":"Sword Boomerang+1","floor":14.0},{"not_picked":["Barricade","Exhume"],"picked":"Reaper+1","floor":16.0},{"not_picked":["Heavy Blade+1","Clothesline+1"],"picked":"Flex+1","floor":18.0},{"not_picked":["Burning Pact+1","Flex+1"],"picked":"Corruption","floor":22},{"not_picked":["Bludgeon+1","Clothesline+1"],"picked":"Ghostly Armor","floor":24},{"not_picked":["Entrench","Clash+1"],"picked":"Iron Wave+1","floor":28},{"not_picked":["Wild Strike+1","Rampage+1"],"picked":"Barricade","floor":29},{"not_picked":["Brutality","Limit Break"],"picked":"Dark Embrace","floor":33},{"not_picked":["Pommel Strike+1","Clothesline+1"],"picked":"Ghostly Armor","floor":35},{"not_picked":["Carnage+1","Thunderclap+1"],"picked":"True Grit","floor":39},{"not_picked":["Whirlwind+1","Flame Barrier+1"],"picked":"Battle Trance","floor":41},{"not_picked":["Feel No Pain","Double Tap","Wild Strike+1"],"picked":"SKIP","floor":45},{"not_picked":["Power Through","Anger+1","Seeing Red"],"picked":"SKIP","floor":46},{"not_picked":["Second Wind","Feel No Pain","Inflame"],"picked":"SKIP","floor":47}],"player_experience":647286,"relics_obtained":[{"floor":6.0,"key":"Calipers"},{"floor":8.0,"key":"Molten Egg 2"},{"floor":9.0,"key":"Happy Flower"},{"floor":24,"key":"War Paint"},{"floor":26,"key":"Vajra"},{"floor":41,"key":"Orichalcum"},{"floor":43,"key":"Bag of Marbles"},{"floor":45,"key":"Mummified Hand"}],"event_choices":[{"damage_healed":0.0,"max_hp_gain":0.0,"max_hp_loss":0.0,"gold_gain":50.0,"event_name":"Golden Shrine","player_choice":"Pray","floor":12.0,"gold_loss":0.0,"damage_taken":0.0},{"damage_healed":0.0,"max_hp_gain":0.0,"max_hp_loss":0.0,"gold_gain":0.0,"cards_transformed":["Strike_R","Strike_R"],"event_name":"Drug Dealer","player_choice":"Became Test Subject","floor":20.0,"gold_loss":0.0,"damage_taken":0.0,"cards_obtained":["Pummel","Feel No Pain"]},{"damage_healed":0,"gold_gain":0,"player_choice":"Paid Fearfully","damage_taken":0,"max_hp_gain":0,"max_hp_loss":0,"event_name":"Masked Bandits","floor":21,"gold_loss":76},{"damage_healed":0,"gold_gain":0,"player_choice":"Shed Blood","damage_taken":26,"max_hp_gain":5,"max_hp_loss":0,"event_name":"Forgotten Altar","floor":30,"gold_loss":0},{"damage_healed":0,"gold_gain":0,"player_choice":"Embrace Madness","damage_taken":14,"max_hp_gain":0,"max_hp_loss":0,"event_name":"Winding Halls","floor":36,"gold_loss":0,"cards_obtained":["Madness","Madness"]},{"damage_healed":0,"gold_gain":0,"player_choice":"Paid","damage_taken":0,"relics_obtained":["Red Mask"],"max_hp_gain":0,"max_hp_loss":0,"event_name":"Tomb of Lord Red Mask","floor":37,"gold_loss":95},{"damage_healed":0,"gold_gain":0,"player_choice":"Memory 1","damage_taken":0,"max_hp_gain":0,"max_hp_loss":0,"event_name":"SensoryStone","floor":38,"gold_loss":0},{"damage_healed":0,"gold_gain":0,"player_choice":"Ignored","damage_taken":0,"max_hp_gain":0,"max_hp_loss":0,"event_name":"Mysterious Sphere","floor":48,"gold_loss":0}],"is_beta":false,"boss_relics":[{"not_picked":["Cursed Key","Pandora\u0027s Box"],"picked":"Runic Pyramid"},{"not_picked":["Black Star","Runic Dome"],"picked":"Astrolabe"}],"items_purged_floors":[19],"is_endless":false,"potions_floor_spawned":[1,5,8,13,16,18,28,29,35,39,41],"killed_by":"Awakened One","ascension_level":17}