{"gold_per_floor":[113,123,198,215,161,161,178,193,220,220,65,77,77,102,102,197,197,197,197,197,197,197,197,197,197,197,197,197,197,197,13,13,13,13,13,0,0,0,0,0,0,0,0,0,0,0,0,0,0,0],"floor_reached":51,"playtime":5627,"items_purged":[],"score":794,"play_id":"655ae532-57fe-407a-bcbf-d894d818c19a","local_time":"20191011051201","is_ascension_mode":true,"campfire_choices":[{"data":"Shockwave","floor":6.0,"key":"SMITH"},{"data":"Perfected Strike","floor":10.0,"key":"SMITH"},{"data":"Perfected Strike","floor":15.0,"key":"SMITH"},{"data":"Corruption","floor":23.0,"key":"SMITH"},{"data":"Sentinel","floor":25.0,"key":"SMITH"},{"data":"Reaper","floor":27.0,"key":"SMITH"},{"data":"Dual Wield","floor":32.0,"key":"SMITH"},{"floor":41.0,"key":"REST"},{"floor":44.0,"key":"REST"},{"data":"Dark Embrace","floor":49.0,"key":"SMITH"}],"neow_cost":"NONE","seed_source_timestamp":120035788952505,"circlet_count":0,"master_deck":["Strike_R","Strike_R","Strike_R","Strike_R","Strike_R","Defend_R","Defend_R","Defend_R+1","Defend_R","Bash+1","Shockwave+1","Pommel Strike","Perfected Strike+1","Pommel Strike+1","Wild Strike","Perfected Strike+1","Corruption+1","Reaper+1","Pommel Strike","Sentinel+1","Twin Strike","Dual Wield+1","Armaments+1","Entrench","Dark Embrace+1","Clothesline+1","Armaments+1","Sentinel+1","Twin Strike+1","Perfected Strike+1","Shrug It Off+1"],"special_seed":0,"relics":["Burning Blood","Oddly Smooth Stone","Vajra","Dream Catcher","Potion Belt","Ectoplasm","MutagenicStrength","The Courier","War Paint","Runic Pyramid","Red Mask","Gambling Chip","Pen Nib","Bottled Flame","Whetstone"],"potions_floor_usage":[50,50],"damage_taken":[{"damage":0.0,"enemies":"Small Slimes","floor":1.0,"turns":4.0},{"damage":0.0,"enemies":"2 Louse","floor":2.0,"turns":3.0},{"damage":5.0,"enemies":"Jaw Worm","floor":4.0,"turns":5.0},{"damage":6.0,"enemies":"3 Louse","floor":7.0,"turns":4.0},{"damage":0.0,"enemies":"2 Fungi Beasts","floor":8.0,"turns":4.0},{"damage":3.0,"enemies":"Exordium Thugs","floor":12.0,"turns":4.0},{"damage":8.0,"enemies":"Gremlin Nob","floor":14.0,"turns":3.0},{"damage":30.0,"enemies":"Hexaghost","floor":16.0,"turns":8.0},{"damage":25.0,"enemies":"Spheric Guardian","floor":18.0,"turns":4.0},{"damage":10.0,"enemies":"Shell Parasite","floor":21.0,"turns":2.0},{"damage":6.0,"enemies":"Snake Plant","floor":22.0,"turns":3.0},{"damage":18.0,"enemies":"Centurion and Healer","floor":24.0,"turns":4.0},{"damage":0.0,"enemies":"Cultist and Chosen","floor":28.0,"turns":4.0},{"damage":0.0,"enemies":"Snake Plant","floor":29.0,"turns":1.0},{"damage":4.0,"enemies":"Centurion and Healer","floor":30.0,"turns":4.0},{"damage":76.0,"enemies":"Champ","floor":33.0,"turns":9.0},{"damage":19.0,"enemies":"Orb Walker","floor":35.0,"turns":4.0},{"damage":5.0,"enemies":"3 Darklings","floor":37.0,"turns":5.0},{"damage":2.0,"enemies":"Sphere and 2 Shapes","floor":38.0,"turns":3.0},{"damage":44.0,"enemies":"2 Orb Walkers","floor":39.0,"turns":4.0},{"damage":21.0,"enemies":"Nemesis","floor":40.0,"turns":3.0},{"damage":40.0,"enemies":"Reptomancer","floor":42.0,"turns":5.0},{"damage":0.0,"enemies":"Maw","floor":45.0,"turns":4.0},{"damage":17.0,"enemies":"Writhing Mass","floor":46.0,"turns":5.0},{"damage":18.0,"enemies":"3 Darklings","floor":47.0,"turns":3.0},{"damage":0.0,"enemies":"Spire Growth","floor":48.0,"turns":2.0},{"damage":80,"enemies":"Donu and Deca","floor":50,"turns":7}],"seed_played":"-8349581920435210931","potions_obtained":[{"floor":1.0,"key":"SpeedPotion"},{"floor":2.0,"key":"FairyPotion"},{"floor":7.0,"key":"Weak Potion"},{"floor":18.0,"key":"Block Potion"},{"floor":21.0,"key":"SpeedPotion"},{"floor":24.0,"key":"Regen Potion"},{"floor":28.0,"key":"Energy Potion"},{"floor":35.0,"key":"SpeedPotion"},{"floor":37.0,"key":"EntropicBrew"},{"floor":42.0,"key":"Dexterity Potion"},{"floor":45.0,"key":"SkillPotion"}],"is_trial":false,"path_per_floor":["M","M","?","M","$","R","M","M","T","R","$","M","?","E","R","B",null,"M","?","?","M","M","R","M","R","T","R","M","M","M","$","R","B",null,"M","?","M","M","?","E","R","E","T","R","M","M","M","M","R","B",null],"character_chosen":"IRONCLAD","items_purchased":["Perfected Strike","Dream Catcher","Entrench","War Paint"],"campfire_rested":2,"item_purchase_floors":[5,11,31,31],"current_hp_per_floor":[80,80,69,70,70,70,70,76,76,76,76,79,79,77,77,53,80,61,61,61,63,63,63,61,61,61,61,76,80,80,80,80,10,80,72,72,77,80,42,36,60,31,31,55,67,74,80,80,80,50],"gold":0,"neow_bonus":"RANDOM_COMMON_RELIC","is_prod":false,"is_daily":false,"chose_seed":false,"campfire_upgraded":8,"win_rate":0,"timestamp":1570785121,"path_taken":["M","M","?","M","$","R","M","M","T","R","$","M","?","E","R","BOSS","M","?","?","M","M","R","M","R","T","R","M","M","M","$","R","BOSS","BOSS","M","?","M","M","?","E","R","E","T","R","M","M","M","M","R","BOSS"],"build_version":"2019-07-17","purchased_purges":0,"victory":true,"max_hp_per_floor":[80,80,80,80,80,80,80,80,80,80,80,80,80,80,80,80,80,80,80,80,80,80,80,80,80,80,80,80,80,80,80,80,80,80,80,80,80,80,80,80,80,80,80,80,80,80,80,80,80,80],"card_choices":[{"not_picked":["Feel No Pain","Thunderclap"],"picked":"Shockwave","floor":1.0},{"not_picked":["Battle Trance","Evolve","Iron Wave"],"picked":"SKIP","floor":2.0},{"not_picked":["Intimidate","Headbutt"],"picked":"Pommel Strike","floor":4.0},{"not_picked":["Hemokinesis","Power Through"],"picked":"Pommel Strike","floor":7.0},{"not_picked":["Heavy Blade","Hemokinesis"],"picked":"Wild Strike","floor":8.0},{"not_picked":["Sword Boomerang","Heavy Blade"],"picked":"Perfected Strike","floor":12.0},{"not_picked":["Clothesline","Infernal Blade"],"picked":"Corruption","floor":14.0},{"not_picked":["Offering","Impervious"],"picked":"Reaper","floor":16.0},{"not_picked":["Armaments","Flex"],"picked":"Pommel Strike","floor":18.0},{"not_picked":["Rupture","Blood for Blood","Searing Blow+1"],"picked":"SKIP","floor":21.0},{"not_picked":["Seeing Red","Armaments"],"picked":"Sentinel","floor":22.0},{"not_picked":["Whirlwind+1","Anger+1"],"picked":"Twin Strike","floor":24.0},{"not_picked":["Pummel","Fire Breathing","Body Slam+1"],"picked":"SKIP","floor":28.0},{"not_picked":["Seeing Red","Iron Wave"],"picked":"Dual Wield","floor":29.0},{"not_picked":["Bloodletting","Pummel"],"picked":"Armaments","floor":30.0},{"not_picked":["Feed","Bludgeon"],"picked":"Dark Embrace","floor":33.0},{"not_picked":["Sword Boomerang","Spot Weakness"],"picked":"Clothesline+1","floor":35.0},{"not_picked":["Flex+1","True Grit+1"],"picked":"Armaments+1","floor":37.0},{"not_picked":["Anger+1","Combust+1","Flex+1"],"picked":"SKIP","floor":38.0},{"not_picked":["Demon Form","Clothesline+1","Searing Blow+1"],"picked":"SKIP","floor":40.0},{"not_picked":["Sword Boomerang","Headbutt+1","Havoc+1"],"picked":"SKIP","floor":42.0},{"not_picked":["Body Slam+1","Clothesline"],"picked":"Sentinel+1","floor":44.0},{"not_picked":["Reaper","Combust","Bloodletting"],"picked":"SKIP","floor":45.0},{"not_picked":["Headbutt+1","Whirlwind+1"],"picked":"Twin Strike+1","floor":46.0},{"not_picked":["Seeing Red","Sword Boomerang+1"],"picked":"Perfected Strike+1","floor":47.0},{"not_picked":["Pummel","Havoc"],"picked":"Shrug It Off+1","floor":48.0}],"player_experience":756578,"relics_obtained":[{"floor":9.0,"key":"Vajra"},{"floor":14.0,"key":"Potion Belt"},{"floor":26.0,"key":"The Courier"},{"floor":39.0,"key":"Gambling Chip"},{"floor":40.0,"key":"Pen Nib"},{"floor":42.0,"key":"Bottled Flame"},{"floor":43.0,"key":"Whetstone"}],"event_choices":[{"damage_healed":0.0,"max_hp_gain":0.0,"max_hp_loss":0.0,"gold_gain":75.0,"event_name":"World of Goop","player_choice":"Gather Gold","floor":3.0,"gold_loss":0.0,"damage_taken":11.0},{"damage_healed":0.0,"max_hp_gain":0.0,"max_hp_loss":0.0,"gold_gain":0.0,"event_name":"Liars Game","player_choice":"Ignored","floor":13.0,"gold_loss":0.0,"damage_taken":0.0},{"damage_healed":0.0,"max_hp_gain":0.0,"max_hp_loss":0.0,"gold_gain":0.0,"event_name":"Drug Dealer","player_choice":"Inject Mutagens","floor":19.0,"gold_loss":0.0,"damage_taken":0.0,"relics_obtained":["MutagenicStrength"]},{"damage_healed":0.0,"max_hp_gain":0.0,"max_hp_loss":0.0,"gold_gain":0.0,"event_name":"The Mausoleum","player_choice":"Ignored","floor":20.0,"gold_loss":0.0,"damage_taken":0.0},{"damage_healed":0.0,"max_hp_gain":0.0,"max_hp_loss":0.0,"gold_gain":0.0,"event_name":"Tomb of Lord Red Mask","player_choice":"Paid","floor":36.0,"gold_loss":13.0,"damage_taken":0.0,"relics_obtained":["Red Mask"]},{"damage_healed":0.0,"max_hp_gain":0.0,"max_hp_loss":0.0,"gold_gain":0.0,"event_name":"Mysterious Sphere","player_choice":"Fight","floor":39.0,"gold_loss":0.0,"damage_taken":0.0}],"is_beta":false,"boss_relics":[{"not_picked":["White Beast Statue","Lizard Tail"],"picked":"Ectoplasm"},{"not_picked":["Orrery","Philosopher\u0027s Stone"],"picked":"Runic Pyramid"}],"items_purged_floors":[],"is_endless":false,"potions_floor_spawned":[1,2,7,18,21,24,28,35,37,42,45],"ascension_level":3}