{"gold_per_floor":[110,128,148,162,162,162,193,193,245,259,291,291,36,70,70,194,194,210,229,154,154,54,54,81,81,81,97,97,111,111,111,111,211,211,222,268,278,292,392,424,424,146,170,170,20,52,52,66,66,66,66,66,16,51,51],"floor_reached":55,"playtime":4337,"items_purged":["Normality","Regret","Defend_B"],"score":791,"play_id":"c543e02a-0246-486e-ab27-6b7d2b329ad2","local_time":"20181125210835","is_ascension_mode":false,"campfire_choices":[{"data":"Sunder","floor":6,"key":"SMITH"},{"floor":8,"key":"REST"},{"floor":15,"key":"REST"},{"data":"White Noise","floor":23,"key":"SMITH"},{"data":"Leap","floor":28,"key":"SMITH"},{"floor":30,"key":"RECALL"},{"floor":32,"key":"REST"},{"data":"Rainbow","floor":41,"key":"SMITH"},{"data":"Zap","floor":44,"key":"SMITH"},{"data":"Leap","floor":47,"key":"SMITH"},{"floor":49,"key":"REST"},{"data":"Reinforced Body","floor":52,"key":"SMITH"}],"neow_cost":"NONE","seed_source_timestamp":1032176100195328,"circlet_count":0,"master_deck":["Defend_B","Defend_B","Defend_B","Zap+1","Dualcast","Streamline","Beam Cell","Sunder+1","Leap+1","Ball Lightning","Rainbow+1","Go for the Eyes+1","Hologram","Parasite","White Noise+1","Go for the Eyes+1","Leap+1","Bite","Bite+1","Bite","Bite","Bite","Reinforced Body+1","Ball Lightning+1","Leap+1","Hologram+1","Leap+1","Conserve Battery+1","Reinforced Body+1","Skim","Darkness+1"],"relics":["Cracked Core","Frozen Egg 2","Bag of Marbles","Bronze Scales","Bloody Idol","Bottled Flame","Ornamental Fan","Calling Bell","Centennial Puzzle","Shuriken","Du-Vu Doll","Kunai","Enchiridion","Nuclear Battery","Prayer Wheel","Girya","Pantograph","Anchor","Potion Belt","Whetstone","StoneCalendar","Blood Vial"],"potions_floor_usage":[14,16,33,46,48,54],"damage_taken":[{"damage":5,"enemies":"Small Slimes","floor":1,"turns":3},{"damage":6,"enemies":"Jaw Worm","floor":2,"turns":3},{"damage":1,"enemies":"2 Louse","floor":3,"turns":2},{"damage":14,"enemies":"Blue Slaver","floor":4,"turns":4},{"damage":30,"enemies":"Gremlin Nob","floor":7,"turns":4},{"damage":0,"enemies":"Large Slime","floor":10,"turns":3},{"damage":22,"enemies":"Lagavulin","floor":11,"turns":5},{"damage":15,"enemies":"3 Sentries","floor":14,"turns":5},{"damage":27,"enemies":"The Guardian","floor":16,"turns":9},{"damage":13,"enemies":"Spheric Guardian","floor":18,"turns":3},{"damage":9,"enemies":"Shell Parasite","floor":19,"turns":2},{"damage":29,"enemies":"Book of Stabbing","floor":24,"turns":5},{"damage":17,"enemies":"Centurion and Healer","floor":27,"turns":6},{"damage":7,"enemies":"Chosen and Byrds","floor":29,"turns":6},{"damage":32,"enemies":"Automaton","floor":33,"turns":10},{"damage":25,"enemies":"3 Darklings","floor":35,"turns":5},{"damage":32,"enemies":"2 Orb Walkers","floor":36,"turns":5},{"damage":9,"enemies":"Orb Walker","floor":37,"turns":3},{"damage":15,"enemies":"Sphere and 2 Shapes","floor":38,"turns":7},{"damage":8,"enemies":"Mind Bloom Boss Battle","floor":39,"turns":7},{"damage":13,"enemies":"Nemesis","floor":40,"turns":9},{"damage":22,"enemies":"Reptomancer","floor":46,"turns":9},{"damage":46,"enemies":"Maw","floor":48,"turns":10},{"damage":82,"enemies":"Awakened One","floor":50,"turns":19},{"damage":30,"enemies":"Shield and Spear","floor":54,"turns":8},{"damage":71,"enemies":"The Heart","floor":55,"turns":3}],"seed_played":"-6233561385136437139","potions_obtained":[{"floor":1,"key":"FairyPotion"},{"floor":2,"key":"PowerPotion"},{"floor":11,"key":"Explosive Potion"},{"floor":14,"key":"Fruit Juice"},{"floor":18,"key":"Weak Potion"},{"floor":33,"key":"Dexterity Potion"},{"floor":36,"key":"Regen Potion"}],"is_trial":false,"path_per_floor":["M","M","M","M","?","R","E","R","T","M","E","?","$","E","R","B",null,"M","M","$","?","$","R","E","?","T","M","R","M","R","?","R","B",null,"M","?","M","M","?","E","R","$","T","R","$","E","R","M","R","B",null,"R","$","E","B"],"character_chosen":"DEFECT","items_purchased":["Bottled Flame","Anchor","Whetstone","AttackPotion"],"campfire_rested":4,"item_purchase_floors":[13,42,45,53],"current_hp_per_floor":[77,71,70,56,61,61,31,57,57,57,35,35,35,25,50,23,86,73,64,64,64,64,64,40,40,40,44,44,56,56,40,58,53,60,50,31,35,37,50,58,58,58,60,60,60,47,47,32,50,11,60,60,60,42,0],"gold":51,"neow_bonus":"TEN_PERCENT_HP_BONUS","is_prod":false,"is_daily":false,"chose_seed":false,"campfire_upgraded":7,"win_rate":0,"timestamp":1543201715,"path_taken":["M","M","M","M","?","R","E","R","T","M","E","?","?","E","R","BOSS","M","M","$","?","$","R","E","?","T","M","R","M","R","?","R","BOSS","M","?","M","M","?","E","R","$","T","R","$","E","R","M","R","BOSS","R","$","E","BOSS"],"build_version":"2018-11-15","purchased_purges":3,"victory":false,"max_hp_per_floor":[82,82,82,82,87,87,87,87,87,87,87,81,81,86,86,86,86,86,86,86,86,86,86,86,60,60,60,60,60,60,60,60,60,60,60,60,60,60,60,60,60,60,60,60,60,60,60,60,60,60,60,60,60,60,60],"card_choices":[{"not_picked":["Melter","Redo"],"picked":"Streamline","floor":1},{"not_picked":["Leap","Scrape"],"picked":"Beam Cell","floor":2},{"not_picked":["Cold Snap","Consume"],"picked":"Sunder","floor":3},{"not_picked":["Melter","Compile Driver"],"picked":"Leap","floor":4},{"not_picked":["Force Field","Static Discharge"],"picked":"Ball Lightning","floor":7},{"not_picked":["Steam Power","Gash"],"picked":"Rainbow","floor":10},{"not_picked":["Cold Snap","Scrape"],"picked":"Go for the Eyes","floor":11},{"not_picked":["Skim","Force Field"],"picked":"Hologram","floor":14},{"not_picked":["Beam Cell+1","Coolheaded+1"],"picked":"White Noise","floor":18},{"not_picked":["Thunder Strike","Barrage"],"picked":"Go for the Eyes+1","floor":19},{"not_picked":["Genetic Algorithm+1","Tempest"],"picked":"Leap","floor":24},{"not_picked":["Barrage","Stack"],"picked":"Reinforced Body+1","floor":27},{"not_picked":["Darkness","Melter","Lockon"],"picked":"SKIP","floor":29},{"not_picked":["Redo+1","Recycle"],"picked":"Ball Lightning+1","floor":35},{"not_picked":["Ball Lightning","Stack+1"],"picked":"Leap+1","floor":36},{"not_picked":["Cold Snap+1","Sunder"],"picked":"Hologram+1","floor":37},{"not_picked":["Static Discharge+1","Go for the Eyes","Coolheaded+1"],"picked":"SKIP","floor":37},{"not_picked":["Barrage+1","Aggregate"],"picked":"Leap+1","floor":38},{"not_picked":["Reinforced Body","Barrage"],"picked":"Conserve Battery+1","floor":38},{"not_picked":["Biased Cognition+1","Hologram","Cold Snap"],"picked":"SKIP","floor":40},{"not_picked":["Go for the Eyes","Beam Cell+1"],"picked":"Reinforced Body","floor":46},{"not_picked":["Coolheaded","Cold Snap"],"picked":"Skim","floor":48},{"not_picked":["Scrape+1","Redo"],"picked":"Darkness+1","floor":48},{"not_picked":["Aggregate+1","Rebound","Redo+1"],"picked":"SKIP","floor":54}],"player_experience":103084,"relics_obtained":[{"floor":7,"key":"Frozen Egg 2"},{"floor":9,"key":"Bag of Marbles"},{"floor":11,"key":"Bronze Scales"},{"floor":14,"key":"Ornamental Fan"},{"floor":17,"key":"Centennial Puzzle"},{"floor":17,"key":"Shuriken"},{"floor":17,"key":"Du-Vu Doll"},{"floor":24,"key":"Kunai"},{"floor":31,"key":"Enchiridion"},{"floor":36,"key":"Prayer Wheel"},{"floor":39,"key":"Girya"},{"floor":40,"key":"Pantograph"},{"floor":43,"key":"Potion Belt"},{"floor":46,"key":"StoneCalendar"},{"floor":54,"key":"Blood Vial"}],"event_choices":[{"damage_healed":0,"gold_gain":0,"player_choice":"Donut","damage_taken":0,"max_hp_gain":5,"max_hp_loss":0,"event_name":"Big Fish","floor":5,"gold_loss":0},{"damage_healed":0,"gold_gain":0,"player_choice":"Lose Max HP","damage_taken":0,"relics_obtained":["Golden Idol"],"max_hp_gain":0,"max_hp_loss":6,"event_name":"Golden Idol","floor":12,"gold_loss":0},{"damage_healed":0,"gold_gain":0,"player_choice":"Gave Idol","damage_taken":0,"relics_obtained":["Bloody Idol"],"max_hp_gain":0,"max_hp_loss":0,"event_name":"Forgotten Altar","floor":21,"relics_lost":["Golden Idol"],"gold_loss":0},{"damage_healed":0,"gold_gain":0,"player_choice":"Became a vampire","damage_taken":0,"max_hp_gain":0,"max_hp_loss":26,"event_name":"Vampires","floor":25,"gold_loss":0,"cards_obtained":["Bite","Bite","Bite","Bite","Bite"]},{"damage_healed":0,"gold_gain":0,"player_choice":"Obtained Book","damage_taken":16,"max_hp_gain":0,"max_hp_loss":0,"event_name":"Cursed Tome","floor":31,"gold_loss":0},{"damage_healed":0,"gold_gain":0,"player_choice":"Fight","damage_taken":0,"max_hp_gain":0,"max_hp_loss":0,"event_name":"Mysterious Sphere","floor":36,"gold_loss":0},{"damage_healed":0,"gold_gain":0,"player_choice":"Fight","damage_taken":0,"max_hp_gain":0,"max_hp_loss":0,"event_name":"MindBloom","floor":39,"gold_loss":0}],"is_beta":false,"boss_relics":[{"not_picked":["Velvet Choker","FrozenCore"],"picked":"Calling Bell"},{"not_picked":["Astrolabe","Coffee Dripper"],"picked":"Nuclear Battery"}],"items_purged_floors":[20,22,42],"is_endless":false,"potions_floor_spawned":[1,2,11,14,18,33,36,37,40],"killed_by":"The Heart","ascension_level":0}