{"gold_per_floor":[114,127,127,144,163,198,210,210,210,226,226,244,244,255,255,358,358,368,385,385,4,20,50,50,83,83,35,46,66,82,107,107,208,208,221,234,252,9,21,46,46,78,78,29,29,29,29,48,48,48],"floor_reached":51,"playtime":5312,"items_purged":["Strike_B","Strike_B"],"score":748,"play_id":"cf1cefd7-9d40-4b9f-a0b5-35449cee1d12","local_time":"20181122200748","is_ascension_mode":false,"campfire_choices":[{"data":"Static Discharge","floor":8.0,"key":"SMITH"},{"floor":11.0,"key":"REST"},{"floor":13.0,"key":"REST"},{"data":"Consume","floor":15.0,"key":"SMITH"},{"floor":24,"key":"REST"},{"data":"Defragment","floor":32,"key":"SMITH"},{"data":"Electrodynamics","floor":41,"key":"SMITH"},{"floor":46,"key":"REST"},{"floor":49,"key":"REST"}],"neow_cost":"NONE","seed_source_timestamp":0,"circlet_count":0,"master_deck":["Strike_B+1","Defend_B","Defend_B","Defend_B","Defend_B","Zap","Dualcast","Static Discharge+1","Consume+1","Cold Snap+1","Leap","Steam Power","Streamline+1","Go for the Eyes+1","BootSequence","Cold Snap+1","Electrodynamics+1","Ball Lightning+1","Conserve Battery+1","Self Repair+1","Skim+1","Redo","Steam","Barrage+1","Defragment+1","Sweeping Beam+1","Reboot","Leap"],"special_seed":0,"relics":["Cracked Core","Molten Egg 2","Peace Pipe","Black Star","Mango","Pocketwatch","Torii","Mercury Hourglass","Bottled Tornado","Incense Burner","Bag of Preparation","Vajra","Velvet Choker","Whetstone","Unceasing Top","Calipers","Girya","Ice Cream","WingedGreaves"],"potions_floor_usage":[25,33,33,40,40,50],"damage_taken":[{"damage":0.0,"enemies":"2 Louse","floor":1.0,"turns":2.0},{"damage":1.0,"enemies":"Cultist","floor":2.0,"turns":3.0},{"damage":5.0,"enemies":"Small Slimes","floor":4.0,"turns":3.0},{"damage":14.0,"enemies":"2 Fungi Beasts","floor":5.0,"turns":4.0},{"damage":21.0,"enemies":"3 Sentries","floor":6.0,"turns":7.0},{"damage":18.0,"enemies":"Lots of Slimes","floor":7.0,"turns":3.0},{"damage":8.0,"enemies":"Large Slime","floor":10.0,"turns":6.0},{"damage":3.0,"enemies":"Looter","floor":12.0,"turns":3.0},{"damage":4.0,"enemies":"2 Fungi Beasts","floor":14.0,"turns":3.0},{"damage":10.0,"enemies":"Slime Boss","floor":16.0,"turns":9.0},{"damage":22.0,"enemies":"2 Thieves","floor":18.0,"turns":4.0},{"damage":0.0,"enemies":"Chosen","floor":19.0,"turns":5.0},{"damage":13.0,"enemies":"Centurion and Healer","floor":22.0,"turns":5.0},{"damage":22.0,"enemies":"Slavers","floor":23.0,"turns":4.0},{"damage":19,"enemies":"Gremlin Leader","floor":25,"turns":6},{"damage":2,"enemies":"Snake Plant","floor":28,"turns":2},{"damage":0,"enemies":"Snecko","floor":29,"turns":5},{"damage":0,"enemies":"Cultist and Chosen","floor":30,"turns":4},{"damage":19,"enemies":"Slavers","floor":31,"turns":3},{"damage":43,"enemies":"Automaton","floor":33,"turns":8},{"damage":0,"enemies":"3 Shapes","floor":35,"turns":3},{"damage":10,"enemies":"Orb Walker","floor":36,"turns":4},{"damage":9,"enemies":"3 Darklings","floor":37,"turns":3},{"damage":20,"enemies":"Maw","floor":39,"turns":9},{"damage":32,"enemies":"Nemesis","floor":40,"turns":9},{"damage":58,"enemies":"Giant Head","floor":42,"turns":11},{"damage":1,"enemies":"Jaw Worm Horde","floor":48,"turns":3},{"damage":25,"enemies":"Time Eater","floor":50,"turns":8}],"seed_played":"-264594218419519143","potions_obtained":[{"floor":1.0,"key":"Regen Potion"},{"floor":2.0,"key":"Strength Potion"},{"floor":3.0,"key":"PowerPotion"},{"floor":3.0,"key":"Weak Potion"},{"floor":12.0,"key":"EssenceOfSteel"},{"floor":14.0,"key":"Poison Potion"},{"floor":16.0,"key":"Weak Potion"},{"floor":18.0,"key":"Energy Potion"},{"floor":25,"key":"EssenceOfSteel"},{"floor":28,"key":"Dexterity Potion"},{"floor":33,"key":"Explosive Potion"},{"floor":36,"key":"Block Potion"},{"floor":39,"key":"Block Potion"},{"floor":40,"key":"Strength Potion"},{"floor":48,"key":"AttackPotion"}],"is_trial":false,"path_per_floor":["M","M","?","M","M","E","M","R","T","M","R","M","R","M","R","B",null,"M","M","?","$","M","E","R","E","T","$","M","M","M","E","R","B",null,"M","M","M","$","M","E","R","E","T","$","$","R","?","M","R","B",null],"character_chosen":"DEFECT","items_purchased":["Mango","PowerPotion","Whetstone","Swift Potion"],"campfire_rested":5,"item_purchase_floors":[21,27,38,44],"current_hp_per_floor":[82,81,81,76,62,41,32,32,32,24,48,45,69,65,65,55,82,60,60,60,74,61,49,77,68,68,68,66,76,86,67,67,34,96,96,96,96,96,86,64,64,16,16,16,16,44,44,53,81,56],"gold":48,"neow_bonus":"TEN_PERCENT_HP_BONUS","is_prod":false,"is_daily":false,"chose_seed":false,"campfire_upgraded":4,"win_rate":0.0,"timestamp":1542938868,"path_taken":["M","M","?","M","M","E","?","R","T","M","R","M","R","M","R","BOSS","M","M","?","?","M","E","R","E","T","$","?","M","M","E","R","BOSS","M","M","M","$","?","E","R","E","T","?","$","R","?","M","R","BOSS"],"build_version":"2018-11-15","purchased_purges":2,"victory":true,"max_hp_per_floor":[82,82,82,82,82,82,82,82,82,82,82,82,82,82,82,82,82,82,82,82,96,96,96,96,96,96,96,96,96,96,96,96,96,96,96,96,96,96,96,96,96,96,96,96,96,96,96,96,96,96],"card_choices":[{"not_picked":["Genetic Algorithm","Turbo"],"picked":"Static Discharge","floor":1.0},{"not_picked":["Turbo","Glacier"],"picked":"Consume","floor":2.0},{"not_picked":["Streamline","Beam Cell"],"picked":"Cold Snap","floor":4.0},{"not_picked":["Rebound","Stack"],"picked":"Leap","floor":5.0},{"not_picked":["Aggregate","Turbo"],"picked":"Steam Power","floor":6.0},{"not_picked":["Static Discharge","Compile Driver+1"],"picked":"Streamline+1","floor":7.0},{"not_picked":["Steam Power","Steam"],"picked":"Go for the Eyes+1","floor":10.0},{"not_picked":["Seek","Redo"],"picked":"BootSequence","floor":12.0},{"not_picked":["Melter+1","Go for the Eyes+1"],"picked":"Cold Snap+1","floor":14.0},{"not_picked":["Fission","Seek"],"picked":"Electrodynamics","floor":16.0},{"not_picked":["BootSequence","Gash+1"],"picked":"Ball Lightning+1","floor":18.0},{"not_picked":["Leap","Tempest"],"picked":"Conserve Battery+1","floor":19.0},{"not_picked":["Cold Snap+1","Hologram+1"],"picked":"Self Repair+1","floor":22.0},{"not_picked":["Rebound+1","Barrage+1"],"picked":"Skim+1","floor":23.0},{"not_picked":["Aggregate+1","Conserve Battery"],"picked":"Redo","floor":25},{"not_picked":["Coolheaded","Stack"],"picked":"Steam","floor":28},{"not_picked":["Scrape+1","Storm"],"picked":"Barrage+1","floor":29},{"not_picked":["Sweeping Beam+1","Biased Cognition"],"picked":"Defragment","floor":30},{"not_picked":["Blizzard+1","Glacier"],"picked":"Sweeping Beam+1","floor":31},{"not_picked":["Fission","Seek"],"picked":"Reboot","floor":33},{"not_picked":["Cold Snap+1","Melter+1","Barrage+1"],"picked":"SKIP","floor":35},{"not_picked":["Sweeping Beam+1","Streamline+1","Rebound+1"],"picked":"SKIP","floor":36},{"not_picked":["Static Discharge","Doom and Gloom+1"],"picked":"Leap","floor":37},{"not_picked":["Gash+1","Blizzard+1","Compile Driver+1"],"picked":"SKIP","floor":39},{"not_picked":["Leap","Sweeping Beam+1","Compile Driver+1"],"picked":"SKIP","floor":40},{"not_picked":["Redo","Barrage+1","Coolheaded+1"],"picked":"SKIP","floor":42},{"not_picked":["Gash+1","Redo","Storm+1"],"picked":"SKIP","floor":48}],"player_experience":22482,"relics_obtained":[{"floor":6.0,"key":"Molten Egg 2"},{"floor":9.0,"key":"Peace Pipe"},{"floor":23.0,"key":"Pocketwatch"},{"floor":23.0,"key":"Torii"},{"floor":25,"key":"Mercury Hourglass"},{"floor":25,"key":"Bottled Tornado"},{"floor":26,"key":"Incense Burner"},{"floor":31,"key":"Bag of Preparation"},{"floor":31,"key":"Vajra"},{"floor":40,"key":"Unceasing Top"},{"floor":40,"key":"Calipers"},{"floor":42,"key":"Girya"},{"floor":42,"key":"Ice Cream"},{"floor":43,"key":"WingedGreaves"}],"event_choices":[{"damage_healed":0.0,"max_hp_gain":0.0,"max_hp_loss":0.0,"gold_gain":0.0,"event_name":"Lab","player_choice":"Got Potions","floor":3.0,"gold_loss":0.0,"damage_taken":0.0},{"cards_removed":["Strike_B"],"damage_healed":0.0,"max_hp_gain":0.0,"max_hp_loss":0.0,"gold_gain":0.0,"event_name":"Purifier","player_choice":"Purged","floor":20.0,"gold_loss":0.0,"damage_taken":0.0},{"damage_healed":0,"gold_gain":0,"player_choice":"Ignored","damage_taken":0,"max_hp_gain":0,"max_hp_loss":0,"event_name":"Mysterious Sphere","floor":47,"gold_loss":0}],"is_beta":false,"boss_relics":[{"not_picked":["Coffee Dripper","White Beast Statue"],"picked":"Black Star"},{"not_picked":["Busted Crown","Snecko Eye"],"picked":"Velvet Choker"}],"items_purged_floors":[21,38],"is_endless":false,"potions_floor_spawned":[1,2,5,12,14,16,18,22,25,28,33,36,39,40,48],"ascension_level":0}