{"gold_per_floor":[118,118,133,152,164,164,199,199,199,213,244,254,27,27,27,124,124,140,153,167,178,178,178,190,207,237,252,252,252,271,16,16,117,117,137,153,253,253,268,61,61,71,95,114,132,142,156,174,174,174],"floor_reached":51,"playtime":3823,"items_purged":["Strike_B","Strike_B"],"score":678,"play_id":"910a2566-6043-4bf8-bc98-b847bda7ff6d","local_time":"20190124205355","is_ascension_mode":true,"campfire_choices":[{"data":"Go for the Eyes","floor":6,"key":"SMITH"},{"data":"Coolheaded","floor":8,"key":"SMITH"},{"data":"Glacier","floor":15,"key":"SMITH"},{"data":"Zap","floor":23,"key":"SMITH"},{"data":"Biased Cognition","floor":28,"key":"SMITH"},{"data":"Ball Lightning","floor":32,"key":"SMITH"},{"floor":49,"key":"REST"}],"neow_cost":"NONE","seed_source_timestamp":18317785830076,"circlet_count":0,"master_deck":["Defend_B","Defend_B","Defend_B","Zap+1","Dualcast+1","Cold Snap","Rip and Tear","Coolheaded+1","Ball Lightning+1","Go for the Eyes+1","Coolheaded+1","Glacier+1","Biased Cognition+1","Cold Snap+1","Ball Lightning","Blizzard+1","Compile Driver","Electrodynamics","White Noise+1"],"relics":["Cracked Core","Blood Vial","War Paint","Sundial","Sozu","Tiny Chest","Oddly Smooth Stone","Fusion Hammer","Bird Faced Urn","ClockworkSouvenir","Boot"],"potions_floor_usage":[7,7,16,50],"damage_taken":[{"damage":1,"enemies":"2 Louse","floor":1,"turns":2},{"damage":0,"enemies":"Cultist","floor":3,"turns":2},{"damage":0,"enemies":"Small Slimes","floor":4,"turns":1},{"damage":6,"enemies":"2 Fungi Beasts","floor":5,"turns":3},{"damage":0,"enemies":"3 Sentries","floor":7,"turns":7},{"damage":4,"enemies":"Exordium Wildlife","floor":10,"turns":4},{"damage":6,"enemies":"Gremlin Nob","floor":11,"turns":5},{"damage":1,"enemies":"Red Slaver","floor":12,"turns":4},{"damage":25,"enemies":"The Guardian","floor":16,"turns":14},{"damage":0,"enemies":"3 Byrds","floor":18,"turns":4},{"damage":0,"enemies":"Shell Parasite","floor":19,"turns":4},{"damage":9,"enemies":"Chosen and Byrds","floor":20,"turns":4},{"damage":0,"enemies":"3 Cultists","floor":21,"turns":5},{"damage":0,"enemies":"Shelled Parasite and Fungi","floor":24,"turns":3},{"damage":3,"enemies":"Cultist and Chosen","floor":25,"turns":5},{"damage":0,"enemies":"Centurion and Healer","floor":27,"turns":4},{"damage":0,"enemies":"Sentry and Sphere","floor":30,"turns":3},{"damage":27,"enemies":"Champ","floor":33,"turns":10},{"damage":0,"enemies":"3 Shapes","floor":35,"turns":2},{"damage":0,"enemies":"3 Darklings","floor":36,"turns":2},{"damage":0,"enemies":"Mind Bloom Boss Battle","floor":37,"turns":6},{"damage":5,"enemies":"Writhing Mass","floor":39,"turns":6},{"damage":0,"enemies":"4 Shapes","floor":42,"turns":3},{"damage":0,"enemies":"Spire Growth","floor":44,"turns":4},{"damage":0,"enemies":"Maw","floor":45,"turns":5},{"damage":0,"enemies":"3 Darklings","floor":46,"turns":2},{"damage":0,"enemies":"Transient","floor":47,"turns":5},{"damage":23,"enemies":"Jaw Worm Horde","floor":48,"turns":3},{"damage":25,"enemies":"Awakened One","floor":50,"turns":12}],"seed_played":"-1900926306037238632","potions_obtained":[{"floor":4,"key":"EssenceOfSteel"},{"floor":5,"key":"Block Potion"},{"floor":12,"key":"Weak Potion"},{"floor":16,"key":"FocusPotion"}],"is_trial":false,"path_per_floor":["M","?","M","M","M","R","E","R","T","M","E","M","$","$","R","B",null,"M","M","M","M","?","R","M","M","T","M","R","$","M","$","R","B",null,"M","M","?","?","M","$","?","M","T","M","M","M","M","M","R","B",null],"character_chosen":"DEFECT","items_purchased":["Biased Cognition","Oddly Smooth Stone","ClockworkSouvenir"],"campfire_rested":1,"item_purchase_floors":[13,31,40],"current_hp_per_floor":[74,74,74,74,68,68,68,68,68,66,62,63,63,63,63,40,75,75,75,66,68,68,68,70,69,69,71,71,71,73,73,73,48,75,75,75,75,75,75,75,75,75,75,75,75,75,75,56,75,50],"gold":174,"neow_bonus":"REMOVE_CARD","is_prod":false,"is_daily":false,"chose_seed":false,"campfire_upgraded":6,"win_rate":1,"timestamp":1548384835,"path_taken":["M","?","M","M","M","R","E","R","T","M","E","M","?","$","R","BOSS","M","M","M","M","?","R","?","M","T","M","R","$","M","$","R","BOSS","M","M","?","?","M","$","?","M","T","M","M","M","M","?","R","BOSS"],"build_version":"2019-01-23","purchased_purges":2,"victory":true,"max_hp_per_floor":[75,75,75,75,75,75,75,75,75,75,75,75,75,75,75,75,75,75,75,75,75,75,75,75,75,75,75,75,75,75,75,75,75,75,75,75,75,75,75,75,75,75,75,75,75,75,75,75,75,75],"card_choices":[{"not_picked":["Sweeping Beam","Scrape"],"picked":"Cold Snap","floor":1},{"not_picked":["Sunder","Cold Snap"],"picked":"Coolheaded","floor":3},{"not_picked":["Doom and Gloom","Redo"],"picked":"Ball Lightning","floor":4},{"not_picked":["Turbo","BootSequence"],"picked":"Go for the Eyes","floor":5},{"not_picked":["Sweeping Beam","Rebound"],"picked":"Coolheaded","floor":7},{"not_picked":["Reprogram","Lockon"],"picked":"Glacier","floor":10},{"not_picked":["Redo","Coolheaded","Aggregate"],"picked":"SKIP","floor":11},{"not_picked":["Sweeping Beam","Rainbow","Redo"],"picked":"SKIP","floor":12},{"not_picked":["Turbo+1","Reinforced Body"],"picked":"Cold Snap+1","floor":18},{"not_picked":["Turbo","Darkness"],"picked":"Ball Lightning","floor":19},{"not_picked":["Scrape+1","Reprogram","Beam Cell"],"picked":"SKIP","floor":20},{"not_picked":["Self Repair","Compile Driver"],"picked":"Blizzard","floor":21},{"not_picked":["Steam","Consume","Storm"],"picked":"SKIP","floor":24},{"not_picked":["Cold Snap","Fusion+1"],"picked":"Compile Driver","floor":25},{"not_picked":["Go for the Eyes+1","Sunder","Force Field+1"],"picked":"SKIP","floor":27},{"not_picked":["Go for the Eyes+1","Sunder","Force Field+1"],"picked":"SKIP","floor":27},{"not_picked":["Barrage+1","Sweeping Beam","Steam"],"picked":"SKIP","floor":30},{"not_picked":["Thunder Strike","Reboot"],"picked":"Electrodynamics","floor":33},{"not_picked":["Genetic Algorithm","Sweeping Beam+1"],"picked":"White Noise+1","floor":35},{"not_picked":["Sweeping Beam","Stack","Redo"],"picked":"SKIP","floor":36},{"not_picked":["Auto Shields","Doom and Gloom","Reprogram"],"picked":"SKIP","floor":39},{"not_picked":["Rip and Tear+1","Melter","Barrage"],"picked":"SKIP","floor":42},{"not_picked":["Steam Power+1","Reprogram","Static Discharge"],"picked":"SKIP","floor":44},{"not_picked":["Chill","Streamline","Redo"],"picked":"SKIP","floor":45},{"not_picked":["Scrape","Leap+1","Static Discharge"],"picked":"SKIP","floor":46},{"not_picked":["Rebound+1","Go for the Eyes+1","Reinforced Body"],"picked":"SKIP","floor":47},{"not_picked":["Rebound","Sweeping Beam","Barrage"],"picked":"SKIP","floor":48}],"player_experience":23808,"relics_obtained":[{"floor":7,"key":"Blood Vial"},{"floor":9,"key":"War Paint"},{"floor":11,"key":"Sundial"},{"floor":26,"key":"Tiny Chest"},{"floor":37,"key":"Bird Faced Urn"},{"floor":43,"key":"Boot"}],"event_choices":[{"damage_healed":0,"gold_gain":0,"cards_transformed":["Defend_B"],"player_choice":"Transformed","damage_taken":0,"max_hp_gain":0,"max_hp_loss":0,"event_name":"Transmorgrifier","floor":2,"gold_loss":0,"cards_obtained":["Rip and Tear"]},{"damage_healed":0,"gold_gain":0,"player_choice":"Upgraded","damage_taken":0,"max_hp_gain":0,"max_hp_loss":0,"event_name":"Upgrade Shrine","floor":22,"gold_loss":0,"cards_upgraded":["Blizzard"]},{"damage_healed":0,"gold_gain":0,"player_choice":"Fight","damage_taken":0,"max_hp_gain":0,"max_hp_loss":0,"event_name":"MindBloom","floor":37,"gold_loss":0},{"cards_removed":["Strike_B"],"damage_healed":0,"gold_gain":0,"player_choice":"Removed Attack","damage_taken":0,"max_hp_gain":0,"max_hp_loss":0,"event_name":"Falling","floor":38,"gold_loss":0},{"damage_healed":0,"gold_gain":0,"player_choice":"Ignored","damage_taken":0,"max_hp_gain":0,"max_hp_loss":0,"event_name":"Mysterious Sphere","floor":41,"gold_loss":0}],"is_beta":false,"boss_relics":[{"not_picked":["FrozenCore","Coffee Dripper"],"picked":"Sozu"},{"not_picked":["Snecko Eye","Runic Dome"],"picked":"Fusion Hammer"}],"items_purged_floors":[13,31],"is_endless":false,"potions_floor_spawned":[4,5,12,16,18,20,21,37,42,44,46,47],"ascension_level":1}