{"gold_per_floor":[119,129,129,129,129,129,160,160,160,175,206,220,255,68,68,188,188,211,136,151,151,4,4,4,32,32,32,50,85,85,103,103,203,203,218,33,53,72,92,92,92,112,112,212,222,222,222,239,239,239],"floor_reached":51,"playtime":2969,"items_purged":["Strike_P","Defend_P"],"score":1027,"play_id":"c81a2b4e-8ffc-4600-8e89-26d23cef035b","local_time":"20190928201402","is_ascension_mode":true,"campfire_choices":[{"data":"CutThroughFate","floor":6.0,"key":"SMITH"},{"floor":8.0,"key":"REST"},{"floor":15.0,"key":"REST"},{"data":"CrushJoints","floor":23.0,"key":"SMITH"},{"floor":30.0,"key":"DIG"},{"floor":32.0,"key":"DIG"},{"floor":40.0,"key":"DIG"},{"floor":46,"key":"DIG"},{"floor":49,"key":"DIG"}],"neow_cost":"NONE","seed_source_timestamp":0,"circlet_count":0,"master_deck":["Strike_P","Defend_P+1","Eruption+1","Vigilance+1","Consecrate+1","CutThroughFate+1","Tantrum+1","WheelKick","Swivel+1","DeusExMachina+1","ThirdEye","SandsOfTime","Wireheading","LessonLearned+1","CurseOfTheBell","SandsOfTime","CrushJoints+1","Crescendo+1","EmptyBody","Omniscience+1","ClearTheMind","Wallop","Parasite","Wallop"],"special_seed":0,"relics":["Empty Cage","Bloody Idol","Anchor","Sundial","Calipers","PreservedInsect","Calling Bell","Bag of Marbles","Matryoshka","WingedGreaves","War Paint","Dream Catcher","Gremlin Horn","Shovel","Smiling Mask","CaptainsWheel","Philosopher\u0027s Stone","Regal Pillow","Singing Bowl","Akabeko","TeardropLocket","Frozen Egg 2","Gambling Chip","Vajra","InkBottle"],"potions_floor_usage":[50,50],"damage_taken":[{"damage":0.0,"enemies":"2 Louse","floor":1.0,"turns":3.0},{"damage":0.0,"enemies":"Jaw Worm","floor":2.0,"turns":4.0},{"damage":38.0,"enemies":"Lagavulin","floor":7.0,"turns":8.0},{"damage":0.0,"enemies":"Cultist","floor":10.0,"turns":2.0},{"damage":20.0,"enemies":"Gremlin Nob","floor":11.0,"turns":4.0},{"damage":2.0,"enemies":"Gremlin Gang","floor":12.0,"turns":4.0},{"damage":0.0,"enemies":"Lagavulin","floor":13.0,"turns":4.0},{"damage":7.0,"enemies":"The Guardian","floor":16.0,"turns":9.0},{"damage":0.0,"enemies":"Spheric Guardian","floor":18.0,"turns":2.0},{"damage":6.0,"enemies":"Shell Parasite","floor":20.0,"turns":4.0},{"damage":7.0,"enemies":"Slavers","floor":25.0,"turns":4.0},{"damage":0.0,"enemies":"Snecko","floor":28.0,"turns":2.0},{"damage":6.0,"enemies":"Book of Stabbing","floor":29.0,"turns":4.0},{"damage":13.0,"enemies":"Centurion and Healer","floor":31.0,"turns":3.0},{"damage":3.0,"enemies":"Champ","floor":33.0,"turns":6.0},{"damage":7.0,"enemies":"Orb Walker","floor":35.0,"turns":3.0},{"damage":5.0,"enemies":"3 Darklings","floor":37.0,"turns":4.0},{"damage":0.0,"enemies":"Writhing Mass","floor":38.0,"turns":3.0},{"damage":2.0,"enemies":"Transient","floor":39.0,"turns":5.0},{"damage":0,"enemies":"Spire Growth","floor":42,"turns":4},{"damage":3,"enemies":"Mind Bloom Boss Battle","floor":44,"turns":4},{"damage":0,"enemies":"3 Darklings","floor":45,"turns":4},{"damage":0,"enemies":"4 Shapes","floor":48,"turns":4},{"damage":16,"enemies":"Awakened One","floor":50,"turns":8}],"seed_played":"1138299850591813364","potions_obtained":[{"floor":11.0,"key":"Dexterity Potion"},{"floor":12.0,"key":"SkillPotion"},{"floor":13.0,"key":"Regen Potion"},{"floor":20.0,"key":"Block Potion"},{"floor":29.0,"key":"Energy Potion"},{"floor":33.0,"key":"Block Potion"},{"floor":39.0,"key":"LiquidBronze"},{"floor":42,"key":"Dexterity Potion"},{"floor":47,"key":"Weak Potion"},{"floor":47,"key":"BottledMiracle"}],"is_trial":false,"path_per_floor":["M","M","?","?","?","R","E","R","T","M","E","M","E","$","R","B",null,"M","?","M","?","$","R","?","E","T","?","M","E","R","M","R","B",null,"M","$","M","M","M","R","T","M","T","?","M","R","?","M","R","B",null],"character_chosen":"WATCHER","items_purchased":["SandsOfTime","Wireheading","CrushJoints","Wallop","Regal Pillow"],"campfire_rested":2,"item_purchase_floors":[14,14,22,36,36],"current_hp_per_floor":[65,65,65,47,47,47,9,30,30,30,10,8,8,8,29,22,60,60,60,54,54,54,54,54,52,52,52,57,68,68,60,60,62,70,68,68,68,72,72,72,72,74,74,76,78,78,78,80,80,64],"gold":239,"neow_bonus":"BOSS_RELIC","is_prod":false,"is_daily":false,"chose_seed":false,"campfire_upgraded":2,"win_rate":0,"timestamp":1569719642,"path_taken":["M","M","?","?","?","R","E","R","T","M","E","M","E","?","R","BOSS","M","?","M","?","$","R","?","E","T","?","M","E","R","?","R","BOSS","M","$","M","?","M","R","?","M","T","?","M","R","?","?","R","BOSS"],"build_version":"2019-09-27","purchased_purges":2,"victory":true,"max_hp_per_floor":[72,72,72,72,72,72,72,72,72,72,72,72,72,72,72,72,72,72,72,72,72,72,72,72,72,72,72,72,72,72,72,72,72,72,72,72,72,72,72,72,72,74,74,76,78,78,78,80,80,80],"card_choices":[{"not_picked":["Protect","FlyingSleeves"],"picked":"Consecrate","floor":1.0},{"not_picked":["BowlingBash","FollowUp"],"picked":"CutThroughFate","floor":2.0},{"not_picked":["JustLucky","BattleHymn"],"picked":"Tantrum","floor":7.0},{"not_picked":["EmptyMind","Prostrate"],"picked":"WheelKick","floor":10.0},{"not_picked":["FlurryOfBlows","DeceiveReality"],"picked":"Swivel","floor":11.0},{"not_picked":["WreathOfFlame","FlyingSleeves"],"picked":"DeusExMachina","floor":12.0},{"not_picked":["SashWhip","FlyingSleeves"],"picked":"ThirdEye","floor":13.0},{"not_picked":["Pray","Brilliance"],"picked":"LessonLearned","floor":16.0},{"not_picked":["FlyingSleeves","JustLucky"],"picked":"SandsOfTime","floor":18.0},{"not_picked":["Sanctity","WreathOfFlame","BowlingBash"],"picked":"SKIP","floor":20.0},{"not_picked":["Weave","Fasting","Swivel"],"picked":"SKIP","floor":25.0},{"not_picked":["Weave","Fasting","Swivel"],"picked":"SKIP","floor":25.0},{"not_picked":["CrushJoints","Halt","Scrawl"],"picked":"SKIP","floor":28.0},{"not_picked":["FearNoEvil+1","Consecrate+1"],"picked":"Crescendo+1","floor":29.0},{"not_picked":["Wireheading","JustLucky"],"picked":"EmptyBody","floor":31.0},{"not_picked":["Brilliance","ConjureBlade"],"picked":"Omniscience","floor":33.0},{"not_picked":["Meditate","FearNoEvil"],"picked":"ClearTheMind","floor":35.0},{"not_picked":["Halt+1","ClearTheMind+1","JustLucky+1"],"picked":"SKIP","floor":37.0},{"not_picked":["BattleHymn+1","CutThroughFate+1"],"picked":"Wallop","floor":38.0},{"not_picked":["Protect","Prostrate","SpiritShield"],"picked":"SKIP","floor":39.0},{"not_picked":["CrushJoints","FlyingSleeves+1","Crescendo+1"],"picked":"Singing Bowl","floor":42},{"not_picked":["ForeignInfluence","Halt","Scrawl"],"picked":"Singing Bowl","floor":44},{"not_picked":["BowlingBash","CarveReality+1","FearNoEvil+1"],"picked":"Singing Bowl","floor":45},{"not_picked":["Prostrate","EmptyFist+1","InnerPeace+1"],"picked":"Singing Bowl","floor":48}],"player_experience":165815,"relics_obtained":[{"floor":7.0,"key":"Anchor"},{"floor":9.0,"key":"Sundial"},{"floor":11.0,"key":"Calipers"},{"floor":13.0,"key":"PreservedInsect"},{"floor":17.0,"key":"Bag of Marbles"},{"floor":17.0,"key":"Matryoshka"},{"floor":17.0,"key":"WingedGreaves"},{"floor":25.0,"key":"War Paint"},{"floor":26.0,"key":"Dream Catcher"},{"floor":26.0,"key":"Gremlin Horn"},{"floor":29.0,"key":"Shovel"},{"floor":30.0,"key":"Smiling Mask"},{"floor":32.0,"key":"CaptainsWheel"},{"floor":40.0,"key":"Singing Bowl"},{"floor":41,"key":"Akabeko"},{"floor":41,"key":"TeardropLocket"},{"floor":43,"key":"Frozen Egg 2"},{"floor":44,"key":"Gambling Chip"},{"floor":46,"key":"Vajra"},{"floor":49,"key":"InkBottle"}],"event_choices":[{"damage_healed":0.0,"max_hp_gain":0.0,"max_hp_loss":0.0,"gold_gain":0.0,"event_name":"Liars Game","player_choice":"Ignored","floor":3.0,"gold_loss":0.0,"damage_taken":0.0},{"damage_healed":0.0,"max_hp_gain":0.0,"max_hp_loss":0.0,"gold_gain":0.0,"event_name":"Golden Idol","player_choice":"Take Damage","floor":4.0,"gold_loss":0.0,"damage_taken":18.0,"relics_obtained":["Golden Idol"]},{"damage_healed":0.0,"max_hp_gain":0.0,"max_hp_loss":0.0,"gold_gain":0.0,"event_name":"Living Wall","player_choice":"Grow","floor":5.0,"gold_loss":0.0,"damage_taken":0.0,"cards_upgraded":["Eruption"]},{"cards_removed":["Defend_P"],"damage_healed":0.0,"max_hp_gain":0.0,"max_hp_loss":0.0,"gold_gain":0.0,"event_name":"Beggar","player_choice":"Gave Gold","floor":19.0,"gold_loss":75.0,"damage_taken":0.0},{"cards_removed":["Strike_P"],"damage_healed":0.0,"max_hp_gain":0.0,"max_hp_loss":0.0,"gold_gain":0.0,"event_name":"Back to Basics","player_choice":"Elegance","floor":21.0,"gold_loss":0.0,"damage_taken":0.0},{"damage_healed":0.0,"max_hp_gain":0.0,"max_hp_loss":0.0,"gold_gain":0.0,"event_name":"Forgotten Altar","player_choice":"Gave Idol","floor":24.0,"relics_lost":["Golden Idol"],"gold_loss":0.0,"damage_taken":0.0,"relics_obtained":["Bloody Idol"]},{"damage_healed":0.0,"max_hp_gain":0.0,"max_hp_loss":0.0,"gold_gain":0.0,"event_name":"Accursed Blacksmith","player_choice":"Forge","floor":27.0,"gold_loss":0.0,"damage_taken":0.0,"cards_upgraded":["Vigilance"]},{"damage_healed":0,"gold_gain":0,"player_choice":"Fight","damage_taken":0,"max_hp_gain":0,"max_hp_loss":0,"event_name":"MindBloom","floor":44,"gold_loss":0},{"damage_healed":0,"gold_gain":0,"player_choice":"Got Potions","damage_taken":0,"max_hp_gain":0,"max_hp_loss":0,"event_name":"Lab","floor":47,"gold_loss":0}],"is_beta":true,"boss_relics":[{"not_picked":["Runic Dome","SacredBark"],"picked":"Calling Bell"},{"not_picked":["Velvet Choker","SlaversCollar"],"picked":"Philosopher\u0027s Stone"}],"items_purged_floors":[14,22],"is_endless":false,"potions_floor_spawned":[11,12,13,20,29,33,39,42,44],"ascension_level":8}