{"gold_per_floor":[117,128,138,156,35,35,65,65,65,85,105,140,152,171,171,269,319,334,334,334,314,330,330,342,358,382,382,11,43,43,54,54,152,152,163,7,17,17],"floor_reached":38,"playtime":2837,"items_purged":["Strike_B","Strike_B"],"score":459,"play_id":"0a1fb604-61f8-44ad-8f6b-107496aacf98","local_time":"20181210211626","is_ascension_mode":true,"campfire_choices":[{"data":"Fusion","floor":6,"key":"SMITH"},{"data":"Hologram","floor":8,"key":"SMITH"},{"floor":15,"key":"REST"},{"data":"Fission","floor":23,"key":"SMITH"},{"floor":27,"key":"REST"},{"floor":32,"key":"REST"}],"neow_cost":"NONE","seed_source_timestamp":2330614830164582,"circlet_count":0,"master_deck":["Strike_B","Defend_B","Defend_B","Defend_B+1","Defend_B","Zap","Dualcast+1","Gash","Chill","Fusion+1","Streamline","Gash","Hologram+1","Streamline","Meteor Strike+1","Fission+1","Sweeping Beam","Echo Form","Steam Power+1","Gash","Glacier+1","Master of Strategy","Echo Form","Fission","Skim+1"],"relics":["Runic Pyramid","Smiling Mask","Question Card","Tiny House","War Paint","Bag of Preparation","Du-Vu Doll","Inserter","Lantern"],"potions_floor_usage":[11,13,14,21,22,24,24],"damage_taken":[{"damage":0,"enemies":"Cultist","floor":1,"turns":4},{"damage":6,"enemies":"2 Louse","floor":2,"turns":2},{"damage":0,"enemies":"Small Slimes","floor":3,"turns":3},{"damage":0,"enemies":"Blue Slaver","floor":4,"turns":5},{"damage":6,"enemies":"3 Sentries","floor":7,"turns":9},{"damage":13,"enemies":"3 Louse","floor":10,"turns":4},{"damage":4,"enemies":"Lots of Slimes","floor":11,"turns":5},{"damage":20,"enemies":"Gremlin Nob","floor":12,"turns":4},{"damage":12,"enemies":"Looter","floor":13,"turns":3},{"damage":0,"enemies":"Blue Slaver","floor":14,"turns":3},{"damage":23,"enemies":"Hexaghost","floor":16,"turns":9},{"damage":15,"enemies":"Spheric Guardian","floor":18,"turns":4},{"damage":18,"enemies":"2 Thieves","floor":21,"turns":4},{"damage":22,"enemies":"Centurion and Healer","floor":22,"turns":5},{"damage":5,"enemies":"Cultist and Chosen","floor":24,"turns":4},{"damage":1,"enemies":"Chosen and Byrds","floor":25,"turns":5},{"damage":30,"enemies":"Book of Stabbing","floor":29,"turns":7},{"damage":12,"enemies":"Snake Plant","floor":31,"turns":6},{"damage":3,"enemies":"Automaton","floor":33,"turns":7},{"damage":34,"enemies":"Orb Walker","floor":35,"turns":5},{"damage":8,"enemies":"3 Shapes","floor":37,"turns":4},{"damage":82,"enemies":"Writhing Mass","floor":38,"turns":5}],"seed_played":"7102813232727531473","potions_obtained":[{"floor":3,"key":"Weak Potion"},{"floor":4,"key":"Dexterity Potion"},{"floor":10,"key":"Block Potion"},{"floor":11,"key":"Dexterity Potion"},{"floor":13,"key":"PowerPotion"},{"floor":16,"key":"Dexterity Potion"},{"floor":17,"key":"Regen Potion"},{"floor":22,"key":"Fruit Juice"},{"floor":24,"key":"LiquidBronze"},{"floor":25,"key":"GamblersBrew"},{"floor":33,"key":"SteroidPotion"},{"floor":35,"key":"Energy Potion"}],"is_trial":false,"path_per_floor":["M","M","M","M","$","R","E","R","T","M","M","E","M","M","R","B",null,"M","?","?","M","M","R","M","M","T","R","$","E","?","M","R","B",null,"M","$","M","M"],"character_chosen":"DEFECT","items_purchased":["Gash","Bag of Preparation","Master of Strategy","Lantern"],"campfire_rested":3,"item_purchase_floors":[5,28,28,36],"current_hp_per_floor":[75,69,69,69,69,69,63,63,63,50,46,26,14,14,36,13,80,65,65,65,47,39,39,39,38,38,63,63,33,33,21,46,43,85,51,51,43,0],"gold":17,"neow_bonus":"BOSS_RELIC","is_prod":false,"is_daily":false,"chose_seed":false,"campfire_upgraded":3,"win_rate":0,"timestamp":1544498186,"path_taken":["M","M","M","M","?","R","E","R","T","M","M","E","M","M","R","BOSS","M","?","?","?","M","R","M","M","T","R","$","E","?","M","R","BOSS","M","$","M","M"],"build_version":"2018-12-06","purchased_purges":2,"victory":false,"max_hp_per_floor":[75,75,75,75,75,75,75,75,75,75,75,75,75,75,75,75,80,80,80,80,80,80,80,85,85,85,85,85,85,85,85,85,85,85,85,85,85,85],"card_choices":[{"not_picked":["Streamline","Leap"],"picked":"Gash","floor":1},{"not_picked":["Barrage","Doom and Gloom"],"picked":"Chill","floor":2},{"not_picked":["Consume","Fission"],"picked":"Fusion","floor":3},{"not_picked":["Reinforced Body","Recycle"],"picked":"Streamline","floor":4},{"not_picked":["Coolheaded","Streamline"],"picked":"Hologram","floor":7},{"not_picked":["Turbo","Redo"],"picked":"Streamline","floor":10},{"not_picked":["Steam","Ball Lightning","Rip and Tear"],"picked":"SKIP","floor":11},{"not_picked":["Rainbow","Turbo"],"picked":"Meteor Strike","floor":12},{"not_picked":["FTL","Redo","Cold Snap","Reinforced Body"],"picked":"SKIP","floor":13},{"not_picked":["Turbo","Stack","Doom and Gloom","Beam Cell"],"picked":"SKIP","floor":14},{"not_picked":["Amplify","Core Surge","Rainbow"],"picked":"Fission","floor":16},{"not_picked":["Fusion","Ball Lightning","Rebound"],"picked":"Sweeping Beam","floor":17},{"not_picked":["Doom and Gloom","Redo","Undo","Ball Lightning"],"picked":"SKIP","floor":18},{"not_picked":["Streamline","Force Field","Doom and Gloom+1","Turbo+1"],"picked":"SKIP","floor":21},{"not_picked":["Compile Driver","Sunder+1","Barrage"],"picked":"Steam Power+1","floor":22},{"not_picked":["Compile Driver+1","Capacitor+1","Meteor Strike"],"picked":"Gash","floor":24},{"not_picked":["Doom and Gloom","Heatsinks","Barrage"],"picked":"Glacier+1","floor":25},{"not_picked":["Lockon","Barrage","Hologram","Recycle"],"picked":"SKIP","floor":29},{"not_picked":["Conserve Battery","Steam","Sweeping Beam"],"picked":"Echo Form","floor":31},{"not_picked":["Amplify","Echo Form","Core Surge"],"picked":"Fission","floor":33},{"not_picked":["Turbo","Defragment+1","Beam Cell+1"],"picked":"Skim+1","floor":35},{"not_picked":["Sunder","Chaos","Redo","Streamline"],"picked":"SKIP","floor":37}],"player_experience":258357,"relics_obtained":[{"floor":7,"key":"Smiling Mask"},{"floor":12,"key":"Question Card"},{"floor":26,"key":"War Paint"},{"floor":29,"key":"Du-Vu Doll"}],"event_choices":[{"damage_healed":0,"gold_gain":0,"player_choice":"Read","damage_taken":0,"max_hp_gain":0,"max_hp_loss":0,"event_name":"The Library","floor":19,"gold_loss":0,"cards_obtained":["Echo Form"]},{"cards_removed":["Strike_B"],"damage_healed":0,"gold_gain":0,"player_choice":"Offered Basic","damage_taken":0,"max_hp_gain":0,"max_hp_loss":0,"event_name":"Bonfire Elementals","floor":20,"gold_loss":0}],"is_beta":false,"boss_relics":[{"not_picked":["Eternal Feather","Ectoplasm"],"picked":"Tiny House"},{"not_picked":["Busted Crown","Cursed Key"],"picked":"Inserter"}],"items_purged_floors":[5,28],"is_endless":false,"potions_floor_spawned":[3,4,10,11,13,16,22,24,25,33,35],"killed_by":"Writhing Mass","ascension_level":1}