{"gold_per_floor":[113,113,125,51,62,92,92,107,107,57,7,35,0,25,25,126,126,137,148,166,184,184,184,216,216,216,233,266,266,181,197,197,197],"floor_reached":33,"playtime":2403,"items_purged":["Strike_B","Strike_B"],"score":305,"play_id":"8102c1f0-1060-4d65-bbc5-bfb565fdef05","local_time":"20181125183328","is_ascension_mode":false,"campfire_choices":[{"data":"Zap","floor":7,"key":"SMITH"},{"data":"Loop","floor":15,"key":"SMITH"},{"data":"Consume","floor":23,"key":"SMITH"},{"data":"Defragment","floor":25,"key":"SMITH"},{"data":"Defragment","floor":29,"key":"SMITH"},{"data":"Redo","floor":32,"key":"SMITH"}],"neow_cost":"NONE","seed_source_timestamp":1025265646514107,"circlet_count":0,"master_deck":["Strike_B","Defend_B","Defend_B","Defend_B","Defend_B","Zap+1","Dualcast","Conserve Battery","Consume+1","Cold Snap","Defragment+1","Chill","Loop+1","FTL","Defragment+1","Machine Learning","Redo+1","Streamline","Streamline","Ball Lightning","Sweeping Beam","Doom and Gloom+1","Capacitor+1"],"relics":["Cracked Core","NeowsBlessing","Smiling Mask","Mercury Hourglass","Regal Pillow","Sozu","Boot","Meat on the Bone","Bag of Marbles","Oddly Smooth Stone"],"potions_floor_usage":[6,20],"damage_taken":[{"damage":0,"enemies":"Jaw Worm","floor":1,"turns":1},{"damage":0,"enemies":"Cultist","floor":3,"turns":1},{"damage":0,"enemies":"Small Slimes","floor":5,"turns":2},{"damage":33,"enemies":"3 Sentries","floor":6,"turns":18},{"damage":2,"enemies":"Blue Slaver","floor":8,"turns":3},{"damage":18,"enemies":"Gremlin Nob","floor":12,"turns":4},{"damage":2,"enemies":"3 Sentries","floor":14,"turns":7},{"damage":30,"enemies":"Hexaghost","floor":16,"turns":10},{"damage":0,"enemies":"3 Byrds","floor":18,"turns":4},{"damage":3,"enemies":"Chosen","floor":19,"turns":6},{"damage":19,"enemies":"Snake Plant","floor":20,"turns":4},{"damage":9,"enemies":"Snecko","floor":21,"turns":5},{"damage":3,"enemies":"Gremlin Leader","floor":24,"turns":8},{"damage":5,"enemies":"Chosen and Byrds","floor":27,"turns":4},{"damage":30,"enemies":"Slavers","floor":28,"turns":5},{"damage":2,"enemies":"3 Cultists","floor":31,"turns":3},{"damage":40,"enemies":"Collector","floor":33,"turns":3}],"seed_played":"2999870348352965703","potions_obtained":[{"floor":1,"key":"Regen Potion"},{"floor":14,"key":"Ancient Potion"},{"floor":16,"key":"AttackPotion"}],"is_trial":false,"path_per_floor":["M","?","M","$","M","E","R","M","T","$","$","E","?","E","R","B",null,"M","M","M","M","?","R","E","R","T","M","E","R","?","M","R","B"],"character_chosen":"DEFECT","items_purchased":["Defragment"],"campfire_rested":0,"item_purchase_floors":[4],"current_hp_per_floor":[75,75,75,75,75,54,54,52,52,52,52,34,52,50,50,20,75,75,72,53,44,44,44,41,41,41,48,30,30,30,40,40,0],"gold":197,"neow_bonus":"THREE_ENEMY_KILL","is_prod":false,"is_daily":false,"chose_seed":false,"campfire_upgraded":6,"win_rate":0,"timestamp":1543192408,"path_taken":["M","?","M","$","?","E","R","M","T","?","$","E","?","E","R","BOSS","M","M","M","M","?","R","E","R","T","M","E","R","?","M","R","BOSS"],"build_version":"2018-11-15","purchased_purges":2,"victory":false,"max_hp_per_floor":[75,75,75,75,75,75,75,75,75,75,75,75,75,75,75,75,75,75,75,75,75,75,75,75,75,75,75,75,75,75,75,75,75],"card_choices":[{"not_picked":["Sunder","Streamline"],"picked":"Conserve Battery","floor":1},{"not_picked":["Turbo","Chaos"],"picked":"Cold Snap","floor":3},{"not_picked":["Heatsinks","Scrape"],"picked":"Chill","floor":5},{"not_picked":["Defragment","Seek"],"picked":"Loop","floor":6},{"not_picked":["Steam","Streamline"],"picked":"FTL","floor":8},{"not_picked":["Hologram","Double Energy"],"picked":"Defragment","floor":12},{"not_picked":["Stack","Reprogram","Self Repair"],"picked":"SKIP","floor":14},{"not_picked":["Thunder Strike","Multi-Cast"],"picked":"Machine Learning","floor":16},{"not_picked":["Genetic Algorithm","Leap"],"picked":"Redo","floor":18},{"not_picked":["Sweeping Beam","Static Discharge"],"picked":"Streamline","floor":19},{"not_picked":["Heatsinks","Double Energy"],"picked":"Streamline","floor":20},{"not_picked":["Chill+1","Coolheaded+1"],"picked":"Ball Lightning","floor":21},{"not_picked":["Machine Learning","Rebound"],"picked":"Sweeping Beam","floor":24},{"not_picked":["Streamline","Gash+1"],"picked":"Doom and Gloom+1","floor":27},{"not_picked":["Genetic Algorithm+1","Coolheaded"],"picked":"Capacitor+1","floor":28},{"not_picked":["Sweeping Beam","Rebound","Stack"],"picked":"SKIP","floor":31}],"player_experience":96275,"relics_obtained":[{"floor":6,"key":"Smiling Mask"},{"floor":12,"key":"Mercury Hourglass"},{"floor":14,"key":"Regal Pillow"},{"floor":24,"key":"Boot"},{"floor":26,"key":"Meat on the Bone"},{"floor":28,"key":"Bag of Marbles"}],"event_choices":[{"damage_healed":0,"gold_gain":0,"cards_transformed":["Strike_B"],"player_choice":"Transformed","damage_taken":0,"max_hp_gain":0,"max_hp_loss":0,"event_name":"Transmorgrifier","floor":2,"gold_loss":0,"cards_obtained":["Consume"]},{"damage_healed":18,"gold_gain":0,"player_choice":"Healed","damage_taken":0,"max_hp_gain":0,"max_hp_loss":0,"event_name":"The Cleric","floor":13,"gold_loss":35},{"damage_healed":0,"gold_gain":0,"player_choice":"Ignored","damage_taken":0,"max_hp_gain":0,"max_hp_loss":0,"event_name":"Vampires","floor":22,"gold_loss":0},{"damage_healed":0,"gold_gain":0,"player_choice":"Obtained Relic","damage_taken":0,"relics_obtained":["Oddly Smooth Stone"],"max_hp_gain":0,"max_hp_loss":0,"event_name":"Addict","floor":30,"gold_loss":85}],"is_beta":false,"boss_relics":[{"not_picked":["Tiny House","Busted Crown"],"picked":"Sozu"}],"items_purged_floors":[10,11],"is_endless":false,"potions_floor_spawned":[1,14,16,18,28,31],"killed_by":"Collector","ascension_level":0}