{"gold_per_floor":[119,70,1,12,12,44,44,70,70,102,134,160,185,216,228,312,324,354,377,399,183,183,183,213,213,213,213],"floor_reached":27,"playtime":1416,"items_purged":["Strike_R"],"score":487,"play_id":"a9353335-7642-4d37-9421-e443cff0079e","local_time":"20190616092705","is_ascension_mode":true,"campfire_choices":[{"data":"Body Slam","floor":7,"key":"SMITH"},{"data":"Metallicize","floor":15,"key":"SMITH"},{"data":"Juggernaut","floor":23,"key":"SMITH"},{"data":"True Grit","floor":25,"key":"SMITH"}],"neow_cost":"NONE","seed_source_timestamp":73575058422456,"circlet_count":0,"master_deck":["AscendersBane","Strike_R","Strike_R","Defend_R","Defend_R","Defend_R","Bash","Flame Barrier","Shrug It Off","Metallicize+1","Cleave","Body Slam+1","Metallicize","Iron Wave","Anger","Shrug It Off","Juggernaut+1","Iron Wave","Double Tap","Pummel","True Grit+1"],"relics":["Burning Blood","NeowsBlessing","Kunai","Shuriken","Meat on the Bone","MawBank","Philosopher\u0027s Stone","Centennial Puzzle","Happy Flower","Ornamental Fan"],"potions_floor_usage":[14,18,24,24],"damage_taken":[{"damage":0,"enemies":"Cultist","floor":1,"turns":1},{"damage":0,"enemies":"Jaw Worm","floor":4,"turns":1},{"damage":0,"enemies":"Lagavulin","floor":6,"turns":2},{"damage":14,"enemies":"3 Sentries","floor":8,"turns":7},{"damage":2,"enemies":"Lagavulin","floor":10,"turns":10},{"damage":4,"enemies":"Small Slimes","floor":11,"turns":5},{"damage":5,"enemies":"Gremlin Gang","floor":12,"turns":4},{"damage":8,"enemies":"Looter","floor":13,"turns":4},{"damage":0,"enemies":"2 Fungi Beasts","floor":14,"turns":3},{"damage":45,"enemies":"Slime Boss","floor":16,"turns":12},{"damage":6,"enemies":"3 Byrds","floor":18,"turns":4},{"damage":10,"enemies":"Spheric Guardian","floor":19,"turns":4},{"damage":21,"enemies":"Shelled Parasite and Fungi","floor":20,"turns":6},{"damage":16,"enemies":"Slavers","floor":24,"turns":5},{"damage":59,"enemies":"Gremlin Leader","floor":27,"turns":5}],"seed_played":"7068145279808109332","potions_obtained":[{"floor":1,"key":"Energy Potion"},{"floor":6,"key":"Energy Potion"},{"floor":8,"key":"Block Potion"},{"floor":16,"key":"Weak Potion"},{"floor":19,"key":"AttackPotion"}],"is_trial":false,"path_per_floor":["M","$","$","M","?","E","R","E","T","E","M","M","M","M","R","B",null,"M","M","M","$","?","R","E","R","T","E"],"character_chosen":"IRONCLAD","items_purchased":["Shrug It Off","Metallicize","Centennial Puzzle"],"campfire_rested":0,"item_purchase_floors":[2,3,21],"current_hp_per_floor":[74,74,74,75,75,75,75,67,67,71,73,74,72,75,75,48,68,68,64,49,49,49,49,51,51,51,0],"gold":213,"neow_bonus":"THREE_ENEMY_KILL","is_prod":false,"is_daily":false,"chose_seed":false,"campfire_upgraded":4,"win_rate":0,"timestamp":1560695225,"path_taken":["M","?","$","?","?","E","R","E","T","E","M","M","M","?","R","BOSS","M","M","M","$","?","R","E","R","T","E"],"build_version":"2019-01-23","purchased_purges":1,"victory":false,"max_hp_per_floor":[75,75,75,75,75,75,75,75,75,75,75,75,75,75,75,75,75,75,75,75,75,75,75,75,75,75,75],"card_choices":[{"not_picked":["Twin Strike","Anger"],"picked":"Flame Barrier","floor":1},{"not_picked":["Feel No Pain","Wild Strike"],"picked":"Cleave","floor":4},{"not_picked":["Ghostly Armor","Berserk"],"picked":"Body Slam","floor":6},{"not_picked":["Fire Breathing","Heavy Blade"],"picked":"Metallicize","floor":8},{"not_picked":["Uppercut","Pommel Strike","Metallicize"],"picked":"SKIP","floor":10},{"not_picked":["Blood for Blood","Flex"],"picked":"Iron Wave","floor":11},{"not_picked":["Sever Soul","Cleave"],"picked":"Anger","floor":12},{"not_picked":["Wild Strike","Armaments","Twin Strike"],"picked":"SKIP","floor":13},{"not_picked":["Flex","Carnage"],"picked":"Shrug It Off","floor":14},{"not_picked":["Feed","Limit Break"],"picked":"Juggernaut","floor":16},{"not_picked":["Heavy Blade","Twin Strike","Headbutt"],"picked":"SKIP","floor":18},{"not_picked":["Thunderclap","Perfected Strike+1","Cleave"],"picked":"SKIP","floor":19},{"not_picked":["Flex+1","Evolve"],"picked":"Iron Wave","floor":20},{"not_picked":["Wild Strike","Clothesline"],"picked":"True Grit","floor":24}],"player_experience":575447,"relics_obtained":[{"floor":6,"key":"Kunai"},{"floor":8,"key":"Shuriken"},{"floor":9,"key":"Meat on the Bone"},{"floor":10,"key":"MawBank"},{"floor":24,"key":"Happy Flower"},{"floor":26,"key":"Ornamental Fan"}],"event_choices":[{"cards_removed":["Defend_R"],"damage_healed":0,"gold_gain":0,"player_choice":"Offered Basic","damage_taken":0,"max_hp_gain":0,"max_hp_loss":0,"event_name":"Bonfire Elementals","floor":5,"gold_loss":0},{"damage_healed":0,"gold_gain":0,"cards_transformed":["Strike_R","Strike_R"],"player_choice":"Became Test Subject","damage_taken":0,"max_hp_gain":0,"max_hp_loss":0,"event_name":"Drug Dealer","floor":22,"gold_loss":0,"cards_obtained":["Double Tap","Pummel"]}],"is_beta":false,"boss_relics":[{"not_picked":["Snecko Eye","Empty Cage"],"picked":"Philosopher\u0027s Stone"}],"items_purged_floors":[21],"is_endless":false,"potions_floor_spawned":[1,6,8,13,16,19],"killed_by":"Gremlin Leader","ascension_level":15}