{"gold_per_floor":[119,119,138,148,167,201,201,228,228,228,262,276,276,305,305,408,408,419,166,166,181,280,280],"floor_reached":23,"playtime":1504,"items_purged":["Strike_R"],"score":255,"play_id":"557bd24c-5c66-47ca-92e8-3e7bccc70302","local_time":"20181202004340","is_ascension_mode":true,"campfire_choices":[{"data":"Anger","floor":7,"key":"SMITH"},{"floor":10,"key":"REST"},{"floor":15,"key":"REST"}],"neow_cost":"NONE","seed_source_timestamp":1566776107155017,"circlet_count":0,"master_deck":["Defend_R","Defend_R","Defend_R","Defend_R","Bash","Blind+1","Shrug It Off","Anger+1","Anger","Ghostly Armor","Impervious","Disarm","Offering","Flex","Master of Strategy","Bite","Bite","Bite","Bite","Bite"],"relics":["Burning Blood","Boot","Omamori","Ancient Tea Set","Paper Frog","Lantern","Juzu Bracelet","White Beast Statue"],"potions_floor_usage":[6,14,16],"damage_taken":[{"damage":0,"enemies":"2 Louse","floor":1,"turns":3},{"damage":0,"enemies":"Cultist","floor":3,"turns":4},{"damage":0,"enemies":"Small Slimes","floor":4,"turns":4},{"damage":13,"enemies":"Exordium Thugs","floor":5,"turns":5},{"damage":18,"enemies":"Gremlin Nob","floor":6,"turns":4},{"damage":22,"enemies":"Lagavulin","floor":8,"turns":7},{"damage":13,"enemies":"3 Sentries","floor":11,"turns":10},{"damage":0,"enemies":"Blue Slaver","floor":12,"turns":5},{"damage":28,"enemies":"Gremlin Nob","floor":14,"turns":5},{"damage":52,"enemies":"Slime Boss","floor":16,"turns":12},{"damage":6,"enemies":"Chosen","floor":18,"turns":6},{"damage":31,"enemies":"Spheric Guardian","floor":21,"turns":8},{"damage":54,"enemies":"Slavers","floor":23,"turns":6}],"seed_played":"8970623701783252716","potions_obtained":[{"floor":4,"key":"Energy Potion"},{"floor":5,"key":"Poison Potion"},{"floor":6,"key":"PowerPotion"},{"floor":14,"key":"FearPotion"},{"floor":16,"key":"SmokeBomb"},{"floor":18,"key":"Dexterity Potion"},{"floor":21,"key":"Poison Potion"}],"is_trial":false,"path_per_floor":["M","?","M","M","M","E","R","E","T","R","E","M","?","E","R","B",null,"M","$","?","M","?","E"],"character_chosen":"IRONCLAD","items_purchased":["Master of Strategy"],"campfire_rested":2,"item_purchase_floors":[19],"current_hp_per_floor":[80,80,80,80,73,61,61,45,45,69,62,68,68,46,70,24,80,80,80,56,41,41,0],"gold":280,"neow_bonus":"RANDOM_COLORLESS","is_prod":false,"is_daily":false,"chose_seed":false,"campfire_upgraded":1,"win_rate":0,"timestamp":1543733020,"path_taken":["M","?","M","?","M","E","R","E","T","R","E","M","?","E","R","BOSS","M","$","?","M","?","E"],"build_version":"2018-11-15","purchased_purges":1,"victory":false,"max_hp_per_floor":[80,80,80,80,80,80,80,80,80,80,80,80,80,80,80,80,80,80,80,56,56,56,56],"card_choices":[{"not_picked":["Clash","Heavy Blade"],"picked":"Shrug It Off","floor":1},{"not_picked":["Body Slam","Corruption"],"picked":"Anger","floor":3},{"not_picked":["Warcry","Sever Soul","Perfected Strike"],"picked":"SKIP","floor":4},{"not_picked":["Heavy Blade","Bloodletting"],"picked":"Anger","floor":5},{"not_picked":["Clothesline","Flame Barrier"],"picked":"Ghostly Armor","floor":6},{"not_picked":["Seeing Red","Cleave"],"picked":"Impervious","floor":8},{"not_picked":["Infernal Blade","Sever Soul","Clothesline"],"picked":"SKIP","floor":11},{"not_picked":["Sentinel","Thunderclap","Perfected Strike"],"picked":"SKIP","floor":12},{"not_picked":["Anger","Wild Strike"],"picked":"Disarm","floor":14},{"not_picked":["Limit Break","Feed"],"picked":"Offering","floor":16},{"not_picked":["Twin Strike","Dual Wield"],"picked":"Flex","floor":18},{"not_picked":["Flame Barrier","Headbutt","Iron Wave"],"picked":"SKIP","floor":21}],"player_experience":157444,"relics_obtained":[{"floor":6,"key":"Boot"},{"floor":8,"key":"Omamori"},{"floor":9,"key":"Ancient Tea Set"},{"floor":11,"key":"Paper Frog"},{"floor":14,"key":"Juzu Bracelet"}],"event_choices":[{"damage_healed":0,"gold_gain":0,"player_choice":"Upgraded","damage_taken":0,"max_hp_gain":0,"max_hp_loss":0,"event_name":"Upgrade Shrine","floor":2,"gold_loss":0,"cards_upgraded":["Blind"]},{"damage_healed":0,"gold_gain":0,"player_choice":"Gave Potion","damage_taken":0,"relics_obtained":["Lantern"],"max_hp_gain":0,"max_hp_loss":0,"event_name":"WeMeetAgain","floor":13,"gold_loss":0},{"damage_healed":0,"gold_gain":0,"player_choice":"Became a vampire","damage_taken":0,"max_hp_gain":0,"max_hp_loss":24,"event_name":"Vampires","floor":20,"gold_loss":0,"cards_obtained":["Bite","Bite","Bite","Bite","Bite"]},{"damage_healed":0,"gold_gain":99,"player_choice":"Stole From Cult","damage_taken":0,"max_hp_gain":0,"max_hp_loss":0,"event_name":"Nest","floor":22,"gold_loss":0}],"is_beta":false,"boss_relics":[{"not_picked":["Eternal Feather","Lizard Tail"],"picked":"White Beast Statue"}],"items_purged_floors":[19],"is_endless":false,"potions_floor_spawned":[4,5,6,14,16,18,21],"killed_by":"Slavers","ascension_level":1}