{"gold_per_floor":[114,133,208,43,67,95,95,106,106,106,122,122],"floor_reached":12,"playtime":348,"items_purged":[],"score":134,"play_id":"e7b1b9e3-fef4-4c79-bbbf-6045e5273c8c","local_time":"20190110193906","is_ascension_mode":true,"campfire_choices":[{"data":"Caltrops","floor":7,"key":"SMITH"},{"data":"All Out Attack","floor":10,"key":"SMITH"}],"neow_cost":"NONE","seed_source_timestamp":141937017274907,"circlet_count":0,"master_deck":["Defend_G","Defend_G","Defend_G","Defend_G","Defend_G","Strike_G","Strike_G","Strike_G","Strike_G","Strike_G","Survivor","Neutralize","All Out Attack+1","Caltrops+1","PanicButton","Infinite Blades","Quick Slash","Backflip","Blur"],"special_seed":0,"relics":["Ring of the Snake","NeowsBlessing","Potion Belt","Dream Catcher","Bottled Flame"],"potions_floor_usage":[11],"damage_taken":[{"damage":0.0,"enemies":"Small Slimes","floor":1.0,"turns":1.0},{"damage":0.0,"enemies":"Cultist","floor":2.0,"turns":1.0},{"damage":0,"enemies":"3 Sentries","floor":6,"turns":1},{"damage":0,"enemies":"2 Louse","floor":8,"turns":3},{"damage":3,"enemies":"Exordium Wildlife","floor":11,"turns":2},{"damage":8,"enemies":"Large Slime","floor":12,"turns":5}],"seed_played":"2729750847317786485","potions_obtained":[{"floor":1.0,"key":"Explosive Potion"},{"floor":2.0,"key":"LiquidBronze"}],"is_trial":false,"path_per_floor":["M","M","?","$","T","E","R","M","T","R","M","M"],"character_chosen":"THE_SILENT","items_purchased":["PanicButton","Infinite Blades"],"campfire_rested":0,"item_purchase_floors":[4,4],"current_hp_per_floor":[63,63,56,56,56,56,56,56,56,56,53,45],"gold":122,"neow_bonus":"THREE_ENEMY_KILL","is_prod":false,"is_daily":false,"chose_seed":false,"campfire_upgraded":2,"win_rate":0,"timestamp":1547170746,"path_taken":["M","M","?","$","?","E","R","?","T","R","M","M"],"build_version":"2019-01-03v4","purchased_purges":0,"victory":false,"max_hp_per_floor":[70,70,70,70,70,70,70,70,70,70,70,70],"card_choices":[{"not_picked":["Tactician","Blade Dance"],"picked":"All Out Attack","floor":1.0},{"not_picked":["Sucker Punch","Distraction"],"picked":"Caltrops","floor":2.0},{"not_picked":["Eviscerate","Cloak And Dagger"],"picked":"Quick Slash","floor":6},{"not_picked":["Acrobatics","Expertise"],"picked":"Backflip","floor":8},{"not_picked":["Distraction","Underhanded Strike"],"picked":"Blur","floor":11}],"player_experience":397874,"relics_obtained":[{"floor":5,"key":"Potion Belt"},{"floor":6,"key":"Dream Catcher"},{"floor":9,"key":"Bottled Flame"}],"event_choices":[{"damage_healed":0,"gold_gain":75,"player_choice":"Touch","damage_taken":7,"max_hp_gain":0,"max_hp_loss":0,"event_name":"FaceTrader","floor":3,"gold_loss":0}],"is_beta":false,"boss_relics":[],"items_purged_floors":[],"is_endless":false,"potions_floor_spawned":[1,2],"killed_by":"Large Slime","ascension_level":6}