{"gold_per_floor":[116,116,216,231,249,249,263,291,291,291,306,321,353,353,353,451,451,462,7,7,7,17,17,46,145,145,145,145,160,85,97,97,201,201,220,239,290,1289,1289,1289,1315,1315,1315,1315,1315,331,341,353,353,353],"floor_reached":51,"playtime":4734,"items_purged":["Normality"],"score":873,"play_id":"35afa530-4126-4c8c-b97b-ab1f902dccc5","local_time":"20181008034111","is_ascension_mode":true,"campfire_choices":[{"data":"After Image","floor":6,"key":"SMITH"},{"data":"Leg Sweep","floor":10,"key":"SMITH"},{"floor":15,"key":"REST"},{"floor":23,"key":"REST"},{"floor":28,"key":"REST"},{"floor":32,"key":"REST"},{"data":"Footwork","floor":40,"key":"SMITH"},{"floor":44,"key":"REST"},{"floor":49,"key":"REST"}],"neow_cost":"","seed_source_timestamp":118933224925257,"circlet_count":0,"master_deck":["Defend_G","Defend_G","Defend_G","Defend_G","Defend_G","Strike_G","Strike_G","Strike_G","Strike_G","Strike_G","Survivor","Neutralize","Dagger Spray","Leg Sweep+1","Deep Breath","PiercingWail","After Image+1","Dodge and Roll","Bouncing Flask","After Image+1","Corpse Explosion","Discovery","Well Laid Plans","Well Laid Plans+1","Escape Plan","Footwork+1","Cloak And Dagger","Burst","Noxious Fumes+1","Escape Plan+1","Normality","Discovery"],"relics":["Ring of the Serpent","Bag of Marbles","Blue Candle","Paper Crane","Juzu Bracelet","Pen Nib","Gremlin Horn","Regal Pillow","Happy Flower","Orichalcum","Cursed Key","Pocketwatch","Art of War","Ginger","OrangePellets","Sundial"],"potions_floor_usage":[8,13,16,24,24,33,37,50,50],"damage_taken":[{"damage":0,"enemies":"2 Louse","floor":1,"turns":2},{"damage":2,"enemies":"Cultist","floor":4,"turns":4},{"damage":0,"enemies":"Small Slimes","floor":5,"turns":3},{"damage":0,"enemies":"Exordium Wildlife","floor":7,"turns":4},{"damage":12,"enemies":"3 Sentries","floor":8,"turns":11},{"damage":8,"enemies":"Exordium Thugs","floor":11,"turns":11},{"damage":0,"enemies":"Lots of Slimes","floor":12,"turns":1},{"damage":19,"enemies":"Gremlin Nob","floor":13,"turns":5},{"damage":29,"enemies":"Hexaghost","floor":16,"turns":12},{"damage":10,"enemies":"3 Byrds","floor":18,"turns":4},{"damage":10,"enemies":"Chosen","floor":22,"turns":7},{"damage":38,"enemies":"Gremlin Leader","floor":24,"turns":9},{"damage":16,"enemies":"Shelled Parasite and Fungi","floor":29,"turns":6},{"damage":18,"enemies":"Centurion and Healer","floor":31,"turns":8},{"damage":8,"enemies":"Collector","floor":33,"turns":13},{"damage":26,"enemies":"3 Darklings","floor":35,"turns":4},{"damage":15,"enemies":"3 Shapes","floor":36,"turns":3},{"damage":18,"enemies":"Mysterious Sphere","floor":37,"turns":6},{"damage":23,"enemies":"Giant Head","floor":41,"turns":11},{"damage":26,"enemies":"Spire Growth","floor":47,"turns":6},{"damage":1,"enemies":"Reptomancer","floor":48,"turns":8},{"damage":25,"enemies":"Donu and Deca","floor":50,"turns":11}],"seed_played":"1074142069227248855","potions_obtained":[{"floor":1,"key":"AttackPotion"},{"floor":7,"key":"GhostInAJar"},{"floor":8,"key":"GhostInAJar"},{"floor":11,"key":"Explosive Potion"},{"floor":16,"key":"Fire Potion"},{"floor":24,"key":"Explosive Potion"},{"floor":31,"key":"GhostInAJar"},{"floor":36,"key":"Poison Potion"},{"floor":41,"key":"Ancient Potion"}],"is_trial":false,"path_per_floor":["M","?","?","M","M","R","M","E","T","R","M","M","E","?","R","B",null,"M","$","?","?","M","R","E","?","T","?","R","M","?","M","R","B",null,"M","M","?","?","?","R","E","?","T","R","?","$","M","M","R","B"],"character_chosen":"THE_SILENT","items_purchased":["Juzu Bracelet","Pen Nib","Discovery","Well Laid Plans","Ginger","OrangePellets","Sundial","LiquidBronze","LiquidBronze"],"campfire_rested":6,"item_purchase_floors":[19,19,19,19,46,46,46,46,46],"current_hp_per_floor":[70,70,70,68,68,68,68,56,56,56,48,48,29,29,50,21,58,48,48,48,41,31,52,14,14,14,14,50,34,34,16,52,44,64,38,23,5,5,61,61,38,38,38,61,58,58,32,31,58,33],"gold":353,"neow_bonus":"","is_prod":false,"is_daily":false,"chose_seed":false,"campfire_upgraded":3,"win_rate":0,"timestamp":1538984471,"path_taken":["M","?","?","M","?","R","M","E","T","R","M","M","E","?","R","BOSS","M","$","?","?","M","R","E","?","T","?","R","M","?","M","R","BOSS","M","M","?","?","?","R","E","?","T","R","?","$","M","M","R","BOSS"],"build_version":"2018-10-04v2","purchased_purges":1,"victory":true,"max_hp_per_floor":[70,70,70,70,70,70,70,70,70,70,70,70,70,70,70,70,70,70,70,70,70,70,70,70,70,70,70,70,70,70,70,70,70,70,70,70,70,70,61,61,61,61,61,61,58,58,58,58,58,58],"card_choices":[{"not_picked":["Choke","Expertise"],"picked":"Dagger Spray","floor":1},{"not_picked":["Deflect","All Out Attack"],"picked":"PiercingWail","floor":4},{"not_picked":["Calculated Gamble","Dagger Throw"],"picked":"After Image","floor":5},{"not_picked":["Flying Knee","Blade Dance","Poisoned Stab"],"picked":"SKIP","floor":7},{"not_picked":["Flying Knee","Blade Dance","Poisoned Stab"],"picked":"SKIP","floor":7},{"not_picked":["Reflex","Outmaneuver"],"picked":"Dodge and Roll","floor":8},{"not_picked":["Bane","Prepared"],"picked":"Bouncing Flask","floor":11},{"not_picked":["Flying Knee","Bane","PiercingWail"],"picked":"SKIP","floor":12},{"not_picked":["Cloak And Dagger","Finisher"],"picked":"After Image","floor":13},{"not_picked":["A Thousand Cuts","Burst"],"picked":"Corpse Explosion","floor":16},{"not_picked":["PiercingWail","Endless Agony","Dodge and Roll"],"picked":"SKIP","floor":18},{"not_picked":["Poisoned Stab","Masterful Stab"],"picked":"Well Laid Plans+1","floor":22},{"not_picked":["Terror","Outmaneuver+1"],"picked":"Escape Plan","floor":24},{"not_picked":["Blade Dance","Backflip+1"],"picked":"Footwork","floor":29},{"not_picked":["Skewer","Poisoned Stab"],"picked":"Cloak And Dagger","floor":31},{"not_picked":["Bullet Time","Unload"],"picked":"Burst","floor":33},{"not_picked":["Masterful Stab+1","Setup+1"],"picked":"Noxious Fumes+1","floor":35},{"not_picked":["Backflip","Dodge and Roll"],"picked":"Escape Plan+1","floor":36},{"not_picked":["Finisher+1","Quick Slash","Outmaneuver+1"],"picked":"SKIP","floor":41},{"not_picked":["Trip","Magnetism"],"picked":"Discovery","floor":42},{"not_picked":["Sucker Punch+1","Deflect+1","Dodge and Roll+1"],"picked":"SKIP","floor":47},{"not_picked":["PiercingWail","Cloak And Dagger","Outmaneuver"],"picked":"SKIP","floor":48}],"player_experience":98800,"relics_obtained":[{"floor":8,"key":"Bag of Marbles"},{"floor":9,"key":"Blue Candle"},{"floor":13,"key":"Paper Crane"},{"floor":24,"key":"Regal Pillow"},{"floor":26,"key":"Happy Flower"},{"floor":37,"key":"Pocketwatch"},{"floor":41,"key":"Art of War"}],"event_choices":[{"event_name":"Match and Keep!","player_choice":"2 cards matched","floor":2,"damage_taken":0},{"event_name":"Golden Shrine","player_choice":"Pray","floor":3,"damage_taken":0},{"event_name":"Living Wall","player_choice":"Grow","floor":14,"damage_taken":0},{"event_name":"Addict","player_choice":"Stole Relic","floor":20,"damage_taken":0},{"event_name":"Wheel of Change","player_choice":"Damage","floor":21,"damage_taken":0},{"event_name":"Nest","player_choice":"Stole From Cult","floor":25,"damage_taken":0},{"event_name":"WeMeetAgain","player_choice":"Potion","floor":27,"damage_taken":0},{"event_name":"Beggar","player_choice":"Gave Gold","floor":30,"damage_taken":0},{"event_name":"Mysterious Sphere","player_choice":"Fight","floor":37,"damage_taken":0},{"event_name":"MindBloom","player_choice":"Gold","floor":38,"damage_taken":0},{"event_name":"The Moai Head","player_choice":"Heal","floor":39,"damage_taken":0},{"event_name":"SensoryStone","player_choice":"Memory 1","floor":42,"damage_taken":0},{"event_name":"Winding Halls","player_choice":"Max HP","floor":45,"damage_taken":0}],"is_beta":false,"boss_relics":[{"not_picked":["Snecko Eye","Velvet Choker"],"picked":"Ring of the Serpent"},{"not_picked":["Lizard Tail","Black Star"],"picked":"Cursed Key"}],"items_purged_floors":[46],"is_endless":false,"potions_floor_spawned":[1,7,8,11,16,24,31,36,41,47],"ascension_level":5}