{"gold_per_floor":[116,116,129,129,129,129,144,185,239,258,258,272,296,314,314,445,445,466,466,484,484,505,505,545,545,615,628,648,185,185,12,12,141,141,159,159,183,199,199],"floor_reached":39,"playtime":2238,"items_purged":["Strike_B","Strike_B"],"score":425,"play_id":"a2b08405-4d7b-405d-8416-a95855b1f267","local_time":"20181201224716","is_ascension_mode":true,"campfire_choices":[{"data":"Zap","floor":6,"key":"SMITH"},{"floor":11,"key":"REST"},{"floor":15,"key":"REST"},{"data":"Streamline","floor":23,"key":"SMITH"},{"floor":25,"key":"REST"},{"data":"Thunder Strike","floor":30,"key":"SMITH"},{"floor":32,"key":"REST"}],"neow_cost":"NONE","seed_source_timestamp":1559056048551422,"circlet_count":0,"master_deck":["Defend_B","Defend_B","Defend_B","Defend_B","Zap+1","Dualcast","Ball Lightning","Streamline+1","Zap","Ball Lightning","Tempest","Skim","Steam","Leap","Auto Shields","Thunder Strike+1","Steam+1","Go for the Eyes+1","Conserve Battery+1","Coolheaded+1","Steam Power","Double Energy","Sweeping Beam","Beam Cell","Self Repair","Rip and Tear+1","Fusion+1","Core Surge","Conserve Battery+1","Loop"],"relics":["Cracked Core","Pen Nib","Golden Idol","DataDisk","Orichalcum","Empty Cage","CultistMask","Bag of Preparation","Question Card","Anchor","Orrery"],"potions_floor_usage":[12,14,24,28,33],"damage_taken":[{"damage":5,"enemies":"Small Slimes","floor":1,"turns":4},{"damage":1,"enemies":"Jaw Worm","floor":3,"turns":3},{"damage":0,"enemies":"2 Louse","floor":7,"turns":2},{"damage":21,"enemies":"Lagavulin","floor":8,"turns":4},{"damage":19,"enemies":"Gremlin Gang","floor":10,"turns":3},{"damage":5,"enemies":"Exordium Wildlife","floor":12,"turns":2},{"damage":0,"enemies":"2 Fungi Beasts","floor":13,"turns":2},{"damage":7,"enemies":"Gremlin Gang","floor":14,"turns":3},{"damage":37,"enemies":"The Guardian","floor":16,"turns":10},{"damage":9,"enemies":"Spheric Guardian","floor":18,"turns":4},{"damage":0,"enemies":"Chosen","floor":20,"turns":5},{"damage":2,"enemies":"Centurion and Healer","floor":22,"turns":5},{"damage":66,"enemies":"Slavers","floor":24,"turns":6},{"damage":7,"enemies":"3 Cultists","floor":27,"turns":5},{"damage":0,"enemies":"Chosen and Byrds","floor":28,"turns":4},{"damage":45,"enemies":"Automaton","floor":33,"turns":8},{"damage":8,"enemies":"3 Shapes","floor":35,"turns":4},{"damage":45,"enemies":"3 Darklings","floor":37,"turns":9},{"damage":13,"enemies":"Spire Growth","floor":38,"turns":6},{"damage":24,"enemies":"4 Shapes","floor":39,"turns":3}],"seed_played":"-5994640390629253453","potions_obtained":[{"floor":10,"key":"AttackPotion"},{"floor":12,"key":"Energy Potion"},{"floor":13,"key":"SteroidPotion"},{"floor":14,"key":"Regen Potion"},{"floor":24,"key":"PowerPotion"},{"floor":28,"key":"Regen Potion"},{"floor":33,"key":"Poison Potion"}],"is_trial":false,"path_per_floor":["M","?","M","?","?","R","M","E","T","M","R","M","M","M","R","B",null,"M","?","M","?","M","R","E","R","T","M","M","$","R","$","R","B",null,"M","?","M","M","M"],"character_chosen":"DEFECT","items_purchased":["Question Card","Anchor","Double Energy"],"campfire_rested":4,"item_purchase_floors":[29,29,31],"current_hp_per_floor":[77,70,69,69,69,69,69,48,48,29,51,46,46,39,61,24,76,67,67,67,67,65,65,14,36,36,29,29,29,29,29,51,21,76,68,68,30,24,0],"gold":199,"neow_bonus":"TEN_PERCENT_HP_BONUS","is_prod":false,"is_daily":false,"chose_seed":false,"campfire_upgraded":3,"win_rate":0,"timestamp":1543726036,"path_taken":["M","?","M","?","?","R","M","E","T","?","R","?","M","M","R","BOSS","M","?","M","?","M","R","E","R","T","M","?","$","R","$","R","BOSS","M","?","?","M","M"],"build_version":"2018-11-15","purchased_purges":2,"victory":false,"max_hp_per_floor":[82,82,82,76,76,76,76,76,76,76,76,76,76,76,76,76,76,76,76,76,76,76,76,76,76,76,76,76,76,76,76,76,76,76,76,76,76,76,76],"card_choices":[{"not_picked":["Beam Cell","Streamline"],"picked":"Ball Lightning","floor":1},{"not_picked":["Fusion","Compile Driver"],"picked":"Streamline","floor":3},{"not_picked":["Doom and Gloom","Streamline"],"picked":"Ball Lightning","floor":7},{"not_picked":["Go for the Eyes","Leap"],"picked":"Tempest","floor":8},{"not_picked":["Streamline","Scrape"],"picked":"Skim","floor":10},{"not_picked":["Undo","Fission"],"picked":"Steam","floor":12},{"not_picked":["Reinforced Body","Stack"],"picked":"Leap","floor":13},{"not_picked":["Rip and Tear","Blizzard"],"picked":"Auto Shields","floor":14},{"not_picked":["Core Surge","Fission"],"picked":"Thunder Strike","floor":16},{"not_picked":["Gash","Stack","Aggregate"],"picked":"SKIP","floor":18},{"not_picked":["Ball Lightning","Melter"],"picked":"Steam+1","floor":20},{"not_picked":["Sweeping Beam","Leap"],"picked":"Go for the Eyes+1","floor":22},{"not_picked":["Hologram","Aggregate"],"picked":"Conserve Battery+1","floor":24},{"not_picked":["White Noise","Skim"],"picked":"Coolheaded+1","floor":27},{"not_picked":["Ball Lightning+1","Reinforced Body"],"picked":"Steam Power","floor":28},{"not_picked":["Go for the Eyes","Ball Lightning","Glacier"],"picked":"Sweeping Beam","floor":34},{"not_picked":["BootSequence","Chill","Recycle+1"],"picked":"Beam Cell","floor":34},{"not_picked":["Steam","Barrage","Ball Lightning+1"],"picked":"Self Repair","floor":34},{"not_picked":["Reinforced Body","Reprogram+1","Darkness"],"picked":"Rip and Tear+1","floor":34},{"not_picked":["Sweeping Beam","Echo Form","Barrage"],"picked":"Fusion+1","floor":35},{"not_picked":["Sweeping Beam+1","Coolheaded","Beam Cell+1"],"picked":"Conserve Battery+1","floor":37},{"not_picked":["Aggregate","Rebound+1","Go for the Eyes"],"picked":"Loop","floor":38}],"player_experience":150512,"relics_obtained":[{"floor":8,"key":"DataDisk"},{"floor":9,"key":"Orichalcum"},{"floor":24,"key":"Bag of Preparation"}],"event_choices":[{"damage_healed":0,"gold_gain":0,"player_choice":"Success","damage_taken":7,"relics_obtained":["Pen Nib"],"max_hp_gain":0,"max_hp_loss":0,"event_name":"Scrap Ooze","floor":2,"gold_loss":0},{"damage_healed":0,"gold_gain":0,"player_choice":"Lose Max HP","damage_taken":0,"relics_obtained":["Golden Idol"],"max_hp_gain":0,"max_hp_loss":6,"event_name":"Golden Idol","floor":4,"gold_loss":0},{"damage_healed":0,"gold_gain":0,"player_choice":"1 cards matched","damage_taken":0,"max_hp_gain":0,"max_hp_loss":0,"event_name":"Match and Keep!","floor":5,"gold_loss":0,"cards_obtained":["Zap"]},{"damage_healed":0,"gold_gain":0,"player_choice":"Ignored","damage_taken":0,"max_hp_gain":0,"max_hp_loss":0,"event_name":"Ghosts","floor":19,"gold_loss":0},{"damage_healed":0,"gold_gain":0,"player_choice":"Trade","damage_taken":0,"relics_obtained":["CultistMask"],"max_hp_gain":0,"max_hp_loss":0,"event_name":"FaceTrader","floor":21,"gold_loss":0},{"damage_healed":0,"gold_gain":0,"player_choice":"1 cards matched","damage_taken":0,"max_hp_gain":0,"max_hp_loss":0,"event_name":"Match and Keep!","floor":36,"gold_loss":0,"cards_obtained":["Core Surge"]}],"is_beta":false,"boss_relics":[{"not_picked":["Philosopher\u0027s Stone","Calling Bell"],"picked":"Empty Cage"},{"not_picked":["Lizard Tail","White Beast Statue"],"picked":"Orrery"}],"items_purged_floors":[29,31],"is_endless":false,"potions_floor_spawned":[10,12,13,14,24,28,33],"killed_by":"4 Shapes","ascension_level":1}