{"gold_per_floor":[114,129,144,159,174,189,219,234,234,234,135,150,165,180,180,280,280,295,295,195,210,210,240,255,270,320,335,134,134,59,74,74,174,174,189,189,204,29,29,44,59,74,149,164,179,179,279,57,57,57],"floor_reached":51,"playtime":3690,"items_purged":["Intimidate","Prepared","Thunderclap"],"score":706,"play_id":"7c608620-3f2d-4b0a-a6e6-f7ce4c4ae533","local_time":"20190124223224","daily_mods":["Draft","Red Cards","Binary"],"is_ascension_mode":false,"campfire_choices":[{"data":"Body Slam","floor":10,"key":"SMITH"},{"data":"Body Slam","floor":15,"key":"SMITH"},{"floor":29,"key":"REST"},{"floor":32,"key":"REST"},{"floor":46,"key":"REST"},{"floor":49,"key":"REST"}],"neow_cost":"","seed_source_timestamp":0,"circlet_count":0,"master_deck":["Poisoned Stab","Footwork","Dodge and Roll","Shrug It Off","PiercingWail","Metallicize","Backflip","Deadly Poison","Quick Slash","Body Slam+1","Calculated Gamble","Dodge and Roll","Iron Wave","Body Slam+1","Dodge and Roll","Evolve","Noxious Fumes","Body Slam+1","Clothesline","True Grit+1","Acrobatics","Corpse Explosion","Deadly Poison+1","Headbutt+1","Shrug It Off+1","Backflip","PiercingWail+1","Shrug It Off","True Grit","Well Laid Plans"],"special_seed":17921,"relics":["Ring of the Serpent","Potion Belt","Mercury Hourglass","Fusion Hammer","Enchiridion","Snake Skull","Regal Pillow","Pen Nib","Bottled Tornado","Calipers"],"potions_floor_usage":[14,23,23,27,50,50],"damage_taken":[{"damage":0,"enemies":"Small Slimes","floor":1,"turns":2},{"damage":0,"enemies":"2 Louse","floor":2,"turns":2},{"damage":0,"enemies":"Cultist","floor":3,"turns":2},{"damage":0,"enemies":"Blue Slaver","floor":4,"turns":4},{"damage":0,"enemies":"Large Slime","floor":5,"turns":4},{"damage":0,"enemies":"Looter","floor":6,"turns":3},{"damage":6,"enemies":"Gremlin Nob","floor":7,"turns":3},{"damage":0,"enemies":"Red Slaver","floor":8,"turns":3},{"damage":0,"enemies":"Large Slime","floor":12,"turns":4},{"damage":0,"enemies":"Exordium Thugs","floor":13,"turns":3},{"damage":3,"enemies":"Exordium Wildlife","floor":14,"turns":3},{"damage":23,"enemies":"The Guardian","floor":16,"turns":8},{"damage":0,"enemies":"Chosen","floor":18,"turns":4},{"damage":0,"enemies":"2 Thieves","floor":21,"turns":3},{"damage":3,"enemies":"Book of Stabbing","floor":23,"turns":4},{"damage":10,"enemies":"Sentry and Sphere","floor":24,"turns":4},{"damage":0,"enemies":"Cultist and Chosen","floor":25,"turns":4},{"damage":8,"enemies":"3 Cultists","floor":27,"turns":5},{"damage":0,"enemies":"Chosen and Byrds","floor":31,"turns":4},{"damage":17,"enemies":"Champ","floor":33,"turns":9},{"damage":0,"enemies":"3 Shapes","floor":35,"turns":4},{"damage":0,"enemies":"3 Darklings","floor":37,"turns":4},{"damage":0,"enemies":"Transient","floor":40,"turns":5},{"damage":7,"enemies":"Maw","floor":41,"turns":6},{"damage":5,"enemies":"3 Darklings","floor":42,"turns":3},{"damage":0,"enemies":"Writhing Mass","floor":44,"turns":6},{"damage":0,"enemies":"4 Shapes","floor":45,"turns":4},{"damage":0,"enemies":"Mind Bloom Boss Battle","floor":47,"turns":6},{"damage":0,"enemies":"Donu and Deca","floor":50,"turns":5}],"seed_played":"-8504113597204793888","potions_obtained":[{"floor":3,"key":"Dexterity Potion"},{"floor":4,"key":"Poison Potion"},{"floor":7,"key":"Explosive Potion"},{"floor":13,"key":"FearPotion"},{"floor":14,"key":"Strength Potion"},{"floor":18,"key":"SteroidPotion"},{"floor":25,"key":"Ancient Potion"},{"floor":31,"key":"Regen Potion"},{"floor":37,"key":"SteroidPotion"},{"floor":40,"key":"Weak Potion"}],"is_trial":false,"path_per_floor":["M","M","M","M","M","M","E","M","T","R","$","M","M","M","R","B",null,"M","?","$","M","?","E","M","M","T","M","$","R","?","M","R","B",null,"M","?","M","$","?","M","M","M","T","M","M","R","?","$","R","B",null],"character_chosen":"THE_SILENT","items_purchased":["Dodge and Roll","Acrobatics","Pen Nib","Dexterity Potion","Shrug It Off","True Grit","Well Laid Plans","Swift Potion"],"campfire_rested":4,"item_purchase_floors":[11,28,28,38,48,48,48,48],"current_hp_per_floor":[70,70,70,70,70,70,64,64,64,64,64,64,64,61,61,38,70,70,54,54,54,54,51,41,41,41,33,33,69,69,69,70,53,70,70,70,70,70,70,70,63,58,58,58,58,70,70,70,70,70],"gold":57,"neow_bonus":"","is_prod":false,"is_daily":true,"chose_seed":false,"campfire_upgraded":2,"win_rate":0,"timestamp":1548390744,"path_taken":["M","M","M","M","M","M","E","M","T","R","$","M","M","M","R","BOSS","M","?","$","M","?","E","?","M","T","M","$","R","?","M","R","BOSS","M","?","M","$","?","?","M","M","T","M","M","R","?","$","R","BOSS"],"build_version":"2019-01-23","purchased_purges":3,"victory":true,"max_hp_per_floor":[70,70,70,70,70,70,70,70,70,70,70,70,70,70,70,70,70,70,70,70,70,70,70,70,70,70,70,70,70,70,70,70,70,70,70,70,70,70,70,70,70,70,70,70,70,70,70,70,70,70],"card_choices":[{"not_picked":["Perfected Strike","True Grit"],"picked":"Poisoned Stab","floor":0},{"not_picked":["Flying Knee","Calculated Gamble"],"picked":"Footwork","floor":0},{"not_picked":["Rage","Evolve"],"picked":"Prepared","floor":0},{"not_picked":["Dagger Spray","Anger"],"picked":"Dodge and Roll","floor":0},{"not_picked":["Dodge and Roll","Headbutt"],"picked":"Shrug It Off","floor":0},{"not_picked":["Heavy Blade","Endless Agony"],"picked":"PiercingWail","floor":0},{"not_picked":["Havoc","Outmaneuver"],"picked":"Metallicize","floor":0},{"not_picked":["Sucker Punch","Body Slam"],"picked":"Backflip","floor":0},{"not_picked":["Underhanded Strike","Dropkick"],"picked":"Masterful Stab","floor":0},{"not_picked":["Combust","Dual Wield"],"picked":"Dagger Spray","floor":0},{"not_picked":["Endless Agony","Body Slam"],"picked":"Deadly Poison","floor":0},{"not_picked":["Blood for Blood","Shockwave"],"picked":"Quick Slash","floor":0},{"not_picked":["Prepared","Setup"],"picked":"Body Slam","floor":0},{"not_picked":["Iron Wave","Endless Agony"],"picked":"Thunderclap","floor":0},{"not_picked":["Clothesline","Thunderclap"],"picked":"Intimidate","floor":0},{"not_picked":["Entrench"],"picked":"Calculated Gamble","floor":1},{"not_picked":["Bane"],"picked":"Dodge and Roll","floor":2},{"not_picked":["Pummel"],"picked":"Iron Wave","floor":3},{"not_picked":["Acrobatics","Dagger Throw"],"picked":"SKIP","floor":4},{"not_picked":["Combust","Power Through"],"picked":"SKIP","floor":5},{"not_picked":["Sucker Punch","Prepared"],"picked":"SKIP","floor":6},{"not_picked":["Warcry","Searing Blow"],"picked":"SKIP","floor":7},{"not_picked":["Corruption"],"picked":"Body Slam","floor":8},{"not_picked":["Blade Dance"],"picked":"Evolve","floor":12},{"not_picked":["Limit Break","Ghostly Armor"],"picked":"SKIP","floor":13},{"not_picked":["Acrobatics"],"picked":"Noxious Fumes","floor":14},{"not_picked":["Masterful Stab","Cloak And Dagger"],"picked":"SKIP","floor":18},{"not_picked":["Clash+1"],"picked":"Body Slam+1","floor":21},{"not_picked":["Warcry","Dagger Spray"],"picked":"SKIP","floor":23},{"not_picked":["Tactician","Flex"],"picked":"SKIP","floor":24},{"not_picked":["Escape Plan"],"picked":"True Grit+1","floor":25},{"not_picked":["Body Slam","Evolve"],"picked":"SKIP","floor":27},{"not_picked":["Sucker Punch","Headbutt"],"picked":"SKIP","floor":31},{"not_picked":["Bullet Time"],"picked":"Corpse Explosion","floor":33},{"not_picked":["Blood for Blood+1"],"picked":"Deadly Poison+1","floor":35},{"not_picked":["Heavy Blade+1"],"picked":"Headbutt+1","floor":37},{"not_picked":["Headbutt","Dagger Throw+1"],"picked":"SKIP","floor":40},{"not_picked":["Deflect"],"picked":"Shrug It Off+1","floor":41},{"not_picked":["Flying Knee+1"],"picked":"Backflip","floor":42},{"not_picked":["Calculated Gamble","Wild Strike+1"],"picked":"SKIP","floor":44},{"not_picked":["Storm of Steel"],"picked":"PiercingWail+1","floor":45}],"player_experience":27631,"relics_obtained":[{"floor":7,"key":"Potion Belt"},{"floor":9,"key":"Mercury Hourglass"},{"floor":19,"key":"Enchiridion"},{"floor":23,"key":"Snake Skull"},{"floor":26,"key":"Regal Pillow"},{"floor":43,"key":"Bottled Tornado"},{"floor":47,"key":"Calipers"}],"event_choices":[{"damage_healed":0,"gold_gain":0,"player_choice":"Obtained Book","damage_taken":16,"max_hp_gain":0,"max_hp_loss":0,"event_name":"Cursed Tome","floor":19,"gold_loss":0},{"damage_healed":0,"gold_gain":0,"cards_transformed":["Dagger Spray"],"player_choice":"Transformed","damage_taken":0,"max_hp_gain":0,"max_hp_loss":0,"event_name":"Transmorgrifier","floor":22,"gold_loss":0,"cards_obtained":["Clothesline"]},{"cards_removed":["Masterful Stab"],"damage_healed":0,"gold_gain":0,"player_choice":"Gave Gold","damage_taken":0,"max_hp_gain":0,"max_hp_loss":0,"event_name":"Beggar","floor":30,"gold_loss":75},{"damage_healed":0,"gold_gain":0,"player_choice":"Ignored","damage_taken":0,"max_hp_gain":0,"max_hp_loss":0,"event_name":"Tomb of Lord Red Mask","floor":36,"gold_loss":0},{"damage_healed":0,"gold_gain":0,"player_choice":"Ignored","damage_taken":0,"max_hp_gain":0,"max_hp_loss":0,"event_name":"SecretPortal","floor":39,"gold_loss":0},{"damage_healed":0,"gold_gain":0,"player_choice":"Fight","damage_taken":0,"max_hp_gain":0,"max_hp_loss":0,"event_name":"MindBloom","floor":47,"gold_loss":0}],"is_beta":false,"boss_relics":[{"not_picked":["Calling Bell","Coffee Dripper"],"picked":"Fusion Hammer"},{"not_picked":["Empty Cage","Velvet Choker"],"picked":"Ring of the Serpent"}],"items_purged_floors":[11,20,38],"is_endless":false,"potions_floor_spawned":[3,4,7,13,14,18,25,31,37,40],"ascension_level":0}