{"gold_per_floor":[115,130,147,166,20,20,51,64,90,107,120,148,148,161,161,257,257,212,212,212,212,212,212,212,212,212,212,212,212,212,212,212,212,212,212,212,212,212,212,212,212,212,212,212,212,212,62,62,62,62],"floor_reached":51,"playtime":6584,"items_purged":["Strike_G","Defend_G"],"score":815,"play_id":"e151632a-f1b9-4078-8701-344a67c292d8","local_time":"20181123145404","is_ascension_mode":false,"campfire_choices":[{"data":"Blade Dance","floor":6,"key":"SMITH"},{"floor":15,"key":"REST"},{"data":"Envenom","floor":24,"key":"SMITH"},{"data":"Prepared","floor":32,"key":"SMITH"},{"data":"Blade Dance","floor":40,"key":"SMITH"},{"data":"Finisher","floor":45,"key":"SMITH"},{"floor":49,"key":"REST"}],"neow_cost":"NONE","seed_source_timestamp":835105004075525,"circlet_count":0,"master_deck":["Defend_G","Defend_G","Defend_G","Defend_G","Strike_G","Strike_G","Strike_G","Strike_G","Survivor","Neutralize","Blade Dance+1","Dagger Spray","Finisher+1","Dagger Spray","Well Laid Plans","Backflip","Escape Plan","Terror+1","Blade Dance+1","Prepared+1","Expertise+1","Slice+1","Backstab+1","Envenom+1","Acrobatics+1","Prepared+1","Escape Plan+1","Footwork","Adrenaline","Tactician"],"relics":["Ring of the Snake","Dodecahedron","Bag of Preparation","Anchor","Ectoplasm","Lantern","Oddly Smooth Stone","Vajra","Peace Pipe","Mummified Hand","Busted Crown","The Specimen","Mercury Hourglass","Orichalcum","Pocketwatch"],"potions_floor_usage":[7,7,12,12,16,16,30,33,33,37,50,50,50],"damage_taken":[{"damage":0,"enemies":"2 Louse","floor":1,"turns":2},{"damage":0,"enemies":"Small Slimes","floor":2,"turns":4},{"damage":0,"enemies":"Jaw Worm","floor":3,"turns":4},{"damage":3,"enemies":"Large Slime","floor":4,"turns":5},{"damage":1,"enemies":"3 Sentries","floor":7,"turns":2},{"damage":4,"enemies":"Blue Slaver","floor":8,"turns":3},{"damage":2,"enemies":"2 Fungi Beasts","floor":10,"turns":3},{"damage":0,"enemies":"3 Louse","floor":11,"turns":2},{"damage":18,"enemies":"Lagavulin","floor":12,"turns":4},{"damage":0,"enemies":"Looter","floor":14,"turns":1},{"damage":28,"enemies":"Slime Boss","floor":16,"turns":11},{"damage":4,"enemies":"2 Thieves","floor":18,"turns":3},{"damage":0,"enemies":"3 Byrds","floor":19,"turns":4},{"damage":9,"enemies":"Snake Plant","floor":21,"turns":3},{"damage":0,"enemies":"Chosen and Byrds","floor":22,"turns":4},{"damage":0,"enemies":"Gremlin Leader","floor":23,"turns":5},{"damage":3,"enemies":"Slavers","floor":25,"turns":3},{"damage":0,"enemies":"3 Cultists","floor":27,"turns":3},{"damage":0,"enemies":"Shelled Parasite and Fungi","floor":28,"turns":2},{"damage":0,"enemies":"Colosseum Slavers","floor":30,"turns":2},{"damage":0,"enemies":"Colosseum Nobs","floor":30,"turns":2},{"damage":2,"enemies":"Centurion and Healer","floor":31,"turns":2},{"damage":41,"enemies":"Champ","floor":33,"turns":8},{"damage":16,"enemies":"3 Shapes","floor":35,"turns":3},{"damage":0,"enemies":"3 Darklings","floor":36,"turns":3},{"damage":0,"enemies":"Maw","floor":37,"turns":4},{"damage":0,"enemies":"Spire Growth","floor":38,"turns":2},{"damage":0,"enemies":"Nemesis","floor":42,"turns":2},{"damage":0,"enemies":"Giant Head","floor":44,"turns":3},{"damage":0,"enemies":"Jaw Worm Horde","floor":46,"turns":2},{"damage":12,"enemies":"2 Orb Walkers","floor":48,"turns":3},{"damage":21,"enemies":"Awakened One","floor":50,"turns":7}],"seed_played":"2961500002845045002","potions_obtained":[{"floor":0,"key":"FearPotion"},{"floor":0,"key":"SneckoOil"},{"floor":0,"key":"Explosive Potion"},{"floor":3,"key":"SteroidPotion"},{"floor":8,"key":"FearPotion"},{"floor":10,"key":"Strength Potion"},{"floor":12,"key":"Fire Potion"},{"floor":18,"key":"AttackPotion"},{"floor":23,"key":"SteroidPotion"},{"floor":27,"key":"SneckoOil"},{"floor":31,"key":"Weak Potion"},{"floor":33,"key":"SpeedPotion"},{"floor":36,"key":"Regen Potion"},{"floor":38,"key":"Poison Potion"},{"floor":44,"key":"SpeedPotion"}],"is_trial":false,"path_per_floor":["M","M","M","M","$","R","E","M","T","M","M","E","?","M","R","B",null,"M","M","?","M","M","E","R","E","T","M","M","?","?","M","R","B",null,"M","M","M","M","?","R","?","E","T","E","R","M","$","?","R","B",null],"character_chosen":"THE_SILENT","items_purchased":["Well Laid Plans","SkillPotion"],"campfire_rested":2,"item_purchase_floors":[5,47],"current_hp_per_floor":[70,70,70,67,67,67,66,62,62,60,60,42,42,42,63,35,70,66,66,66,57,57,57,57,54,54,54,54,70,70,68,68,27,70,54,54,68,68,68,68,68,68,68,68,68,68,68,56,70,49],"gold":62,"neow_bonus":"THREE_SMALL_POTIONS","is_prod":false,"is_daily":false,"chose_seed":false,"campfire_upgraded":5,"win_rate":0.0,"timestamp":1543006444,"path_taken":["M","M","M","M","$","R","E","M","T","M","M","E","?","M","R","BOSS","M","M","?","M","M","E","R","E","T","M","M","?","?","M","R","BOSS","M","M","M","M","?","R","?","E","T","E","R","M","$","?","R","BOSS"],"build_version":"2018-11-15","purchased_purges":2,"victory":true,"max_hp_per_floor":[70,70,70,70,70,70,70,70,70,70,70,70,70,70,70,70,70,70,70,70,70,70,70,70,70,70,70,70,70,70,70,70,70,70,70,70,70,70,70,70,70,70,70,70,70,70,70,70,70,70],"card_choices":[{"not_picked":["Backflip","Outmaneuver"],"picked":"Blade Dance","floor":1},{"not_picked":["Blade Dance","Endless Agony"],"picked":"Dagger Spray","floor":2},{"not_picked":["Bane","Dodge and Roll"],"picked":"Finisher","floor":3},{"not_picked":["Deadly Poison","All Out Attack"],"picked":"Dagger Spray","floor":4},{"not_picked":["Quick Slash","Predator","Distraction"],"picked":"SKIP","floor":7},{"not_picked":["Reflex","Deadly Poison"],"picked":"Backflip","floor":8},{"not_picked":["Caltrops","Deflect"],"picked":"Escape Plan","floor":10},{"not_picked":["Acrobatics","Night Terror","Dodge and Roll"],"picked":"SKIP","floor":11},{"not_picked":["Dagger Throw","Acrobatics"],"picked":"Terror","floor":12},{"not_picked":["Dodge and Roll","Footwork"],"picked":"Blade Dance","floor":14},{"not_picked":["Slice","Dagger Throw"],"picked":"Prepared+1","floor":18},{"not_picked":["Poisoned Stab","Footwork+1"],"picked":"Expertise+1","floor":19},{"not_picked":["Backflip","Tactician"],"picked":"Slice+1","floor":21},{"not_picked":["Flying Knee","Underhanded Strike"],"picked":"Backstab+1","floor":22},{"not_picked":["Deadly Poison+1","Flying Knee"],"picked":"Envenom","floor":23},{"not_picked":["Poisoned Stab","Dagger Spray"],"picked":"Acrobatics+1","floor":25},{"not_picked":["Deadly Poison","Backflip"],"picked":"Prepared","floor":27},{"not_picked":["Prepared","Sucker Punch"],"picked":"Escape Plan+1","floor":28},{"not_picked":["Well Laid Plans+1","Prepared"],"picked":"Footwork","floor":31},{"not_picked":["A Thousand Cuts","Doppelganger"],"picked":"Adrenaline","floor":33},{"not_picked":["Quick Slash"],"picked":"SKIP","floor":35},{"not_picked":["Deadly Poison"],"picked":"SKIP","floor":36},{"not_picked":["Terror"],"picked":"SKIP","floor":37},{"not_picked":["Backflip+1"],"picked":"SKIP","floor":38},{"not_picked":["All Out Attack"],"picked":"SKIP","floor":42},{"not_picked":["Choke"],"picked":"SKIP","floor":44},{"not_picked":["Choke"],"picked":"SKIP","floor":44},{"not_picked":["Choke"],"picked":"SKIP","floor":44},{"not_picked":["Choke"],"picked":"SKIP","floor":44},{"not_picked":[],"picked":"Tactician","floor":46}],"player_experience":41640,"relics_obtained":[{"floor":7,"key":"Dodecahedron"},{"floor":9,"key":"Bag of Preparation"},{"floor":12,"key":"Anchor"},{"floor":23,"key":"Lantern"},{"floor":25,"key":"Oddly Smooth Stone"},{"floor":26,"key":"Vajra"},{"floor":30,"key":"Peace Pipe"},{"floor":30,"key":"Mummified Hand"},{"floor":42,"key":"The Specimen"},{"floor":43,"key":"Mercury Hourglass"},{"floor":44,"key":"Orichalcum"},{"floor":48,"key":"Pocketwatch"}],"event_choices":[{"damage_healed":0,"gold_gain":0,"player_choice":"Grow","damage_taken":0,"max_hp_gain":0,"max_hp_loss":0,"event_name":"Living Wall","floor":13,"gold_loss":0,"cards_upgraded":["Terror"]},{"damage_healed":0,"gold_gain":0,"player_choice":"Ignored","damage_taken":0,"max_hp_gain":0,"max_hp_loss":0,"event_name":"Vampires","floor":20,"gold_loss":0},{"damage_healed":23,"gold_gain":0,"player_choice":"Heal","damage_taken":0,"max_hp_gain":0,"max_hp_loss":0,"event_name":"The Library","floor":29,"gold_loss":0},{"damage_healed":0,"gold_gain":0,"player_choice":"Fight","damage_taken":0,"max_hp_gain":0,"max_hp_loss":0,"event_name":"Colosseum","floor":30,"gold_loss":0},{"damage_healed":0,"gold_gain":0,"player_choice":"Fought Nobs","damage_taken":0,"max_hp_gain":0,"max_hp_loss":0,"event_name":"Colosseum","floor":30,"gold_loss":0},{"damage_healed":0,"gold_gain":0,"player_choice":"Ignored","damage_taken":0,"max_hp_gain":0,"max_hp_loss":0,"event_name":"Tomb of Lord Red Mask","floor":39,"gold_loss":0},{"damage_healed":0,"gold_gain":0,"player_choice":"Memory 1","damage_taken":0,"max_hp_gain":0,"max_hp_loss":0,"event_name":"SensoryStone","floor":41,"gold_loss":0},{"damage_healed":0,"gold_gain":0,"player_choice":"Fight","damage_taken":0,"max_hp_gain":0,"max_hp_loss":0,"event_name":"Mysterious Sphere","floor":48,"gold_loss":0}],"is_beta":false,"boss_relics":[{"not_picked":["Astrolabe","Calling Bell"],"picked":"Ectoplasm"},{"not_picked":["Runic Dome","Sozu"],"picked":"Busted Crown"}],"items_purged_floors":[5,47],"is_endless":false,"potions_floor_spawned":[3,8,10,11,12,18,23,27,30,31,33,36,38,44],"ascension_level":0}