{"gold_per_floor":[117,132,132,152,152,187,187,201,228,193,217,238,238,251,251,382,382,405,430,109,130,155,194,215,215,240,264,264,278,154,172,172,296,296,321,335,350,363,377,377,377,415,438,108,126,126,459,483,483,483],"floor_reached":50,"playtime":6798,"items_purged":["Defend_B","Strike_B","Injury"],"score":552,"play_id":"37024c7b-db0b-4914-8c45-8916ddd90453","local_time":"20181122125007","is_ascension_mode":false,"campfire_choices":[{"data":"Zap","floor":7,"key":"SMITH"},{"data":"Loop","floor":13,"key":"SMITH"},{"data":"Go for the Eyes","floor":15,"key":"SMITH"},{"data":"Rainbow","floor":25,"key":"SMITH"},{"floor":32,"key":"REST"},{"floor":40,"key":"REST"},{"floor":46,"key":"REST"},{"floor":49,"key":"REST"}],"neow_cost":"NONE","seed_source_timestamp":741067905206598,"circlet_count":0,"master_deck":["Strike_B","Strike_B","Strike_B","Defend_B+1","Defend_B","Defend_B+1","Zap+1","Dualcast+1","BootSequence","Melter+1","Ball Lightning","Reinforced Body","Leap+1","Loop+1","Go for the Eyes+1","Ball Lightning","Rainbow+1","Conserve Battery","Beam Cell+1","FTL","Ball Lightning+1","Redo","Ball Lightning","Defragment+1","Multi-Cast","Redo","Leap+1","Coolheaded+1","Go for the Eyes+1","Steam Power","Leap+1","Parasite","Coolheaded+1"],"relics":["Cracked Core","Pen Nib","Anchor","Lantern","White Beast Statue","Bottled Flame","Bronze Scales","Whetstone","MutagenicStrength","Orrery","Gambling Chip","Bag of Preparation","War Paint","Happy Flower"],"potions_floor_usage":[14,16,19,21,22,23,23,23,24,29,29,31,33,37,38,38,42,42,45,50,50],"damage_taken":[{"damage":1,"enemies":"Jaw Worm","floor":1,"turns":4},{"damage":0,"enemies":"Small Slimes","floor":2,"turns":2},{"damage":0,"enemies":"2 Louse","floor":4,"turns":2},{"damage":26,"enemies":"Lagavulin","floor":6,"turns":5},{"damage":0,"enemies":"2 Fungi Beasts","floor":8,"turns":3},{"damage":0,"enemies":"3 Louse","floor":11,"turns":3},{"damage":0,"enemies":"Blue Slaver","floor":12,"turns":3},{"damage":3,"enemies":"2 Fungi Beasts","floor":14,"turns":4},{"damage":2,"enemies":"Hexaghost","floor":16,"turns":9},{"damage":0,"enemies":"Spheric Guardian","floor":18,"turns":2},{"damage":10,"enemies":"2 Thieves","floor":19,"turns":4},{"damage":5,"enemies":"Chosen and Byrds","floor":21,"turns":6},{"damage":15,"enemies":"Snake Plant","floor":22,"turns":4},{"damage":5,"enemies":"Book of Stabbing","floor":23,"turns":6},{"damage":1,"enemies":"Shelled Parasite and Fungi","floor":24,"turns":5},{"damage":0,"enemies":"Chosen and Byrds","floor":27,"turns":4},{"damage":3,"enemies":"Snecko","floor":29,"turns":3},{"damage":7,"enemies":"Centurion and Healer","floor":31,"turns":5},{"damage":61,"enemies":"Automaton","floor":33,"turns":9},{"damage":0,"enemies":"Orb Walker","floor":35,"turns":3},{"damage":0,"enemies":"3 Shapes","floor":36,"turns":4},{"damage":12,"enemies":"Spire Growth","floor":37,"turns":5},{"damage":17,"enemies":"Maw","floor":38,"turns":8},{"damage":26,"enemies":"Writhing Mass","floor":39,"turns":5},{"damage":19,"enemies":"Reptomancer","floor":42,"turns":8},{"damage":3,"enemies":"Transient","floor":45,"turns":5},{"damage":84,"enemies":"Donu and Deca","floor":50,"turns":10}],"seed_played":"8437905132343973521","potions_obtained":[{"floor":2,"key":"Explosive Potion"},{"floor":8,"key":"Weak Potion"},{"floor":11,"key":"SpeedPotion"},{"floor":14,"key":"Weak Potion"},{"floor":18,"key":"EssenceOfSteel"},{"floor":19,"key":"Regen Potion"},{"floor":21,"key":"SteroidPotion"},{"floor":22,"key":"Weak Potion"},{"floor":23,"key":"EssenceOfSteel"},{"floor":24,"key":"Explosive Potion"},{"floor":27,"key":"GamblersBrew"},{"floor":29,"key":"Regen Potion"},{"floor":31,"key":"Energy Potion"},{"floor":33,"key":"SneckoOil"},{"floor":35,"key":"Dexterity Potion"},{"floor":36,"key":"Ancient Potion"},{"floor":37,"key":"Weak Potion"},{"floor":38,"key":"LiquidBronze"},{"floor":39,"key":"Energy Potion"},{"floor":42,"key":"Strength Potion"},{"floor":45,"key":"SkillPotion"}],"is_trial":false,"path_per_floor":["M","M","?","M","?","E","R","M","T","?","M","M","R","M","R","B",null,"M","M","$","M","M","E","M","R","T","M","?","M","$","M","R","B",null,"M","M","M","M","M","R","?","E","T","$","M","R","?","T","R","B"],"character_chosen":"DEFECT","items_purchased":["Bottled Flame","Ball Lightning","War Paint","Explosive Potion"],"campfire_rested":4,"item_purchase_floors":[20,30,44,44],"current_hp_per_floor":[74,74,59,59,59,33,33,33,33,51,51,51,51,48,48,46,75,75,65,65,60,50,45,44,44,44,44,44,41,41,48,70,9,75,75,75,63,46,20,42,42,23,23,23,20,42,42,42,64,0],"gold":483,"neow_bonus":"RANDOM_COMMON_RELIC","is_prod":false,"is_daily":false,"chose_seed":false,"campfire_upgraded":4,"win_rate":0.0,"timestamp":1542912607,"path_taken":["M","M","?","M","?","E","R","M","T","?","M","M","R","M","R","BOSS","M","M","$","M","M","E","M","R","T","M","?","M","$","M","R","BOSS","M","M","M","M","M","R","?","E","T","$","M","R","?","?","R","BOSS"],"build_version":"2018-11-15","purchased_purges":3,"victory":false,"max_hp_per_floor":[75,75,75,75,75,75,75,75,75,75,75,75,75,75,75,75,75,75,75,75,75,75,75,75,75,75,75,75,75,75,75,75,75,75,75,75,75,75,75,75,75,75,75,75,75,75,75,75,75,75],"card_choices":[{"not_picked":["Streamline","Conserve Battery"],"picked":"BootSequence","floor":1},{"not_picked":["Streamline","Doom and Gloom"],"picked":"Melter","floor":2},{"not_picked":["Force Field","Melter"],"picked":"Ball Lightning","floor":4},{"not_picked":["Heatsinks","Stack"],"picked":"Reinforced Body","floor":6},{"not_picked":["Streamline","Consume"],"picked":"Leap","floor":8},{"not_picked":["Self Repair","Leap"],"picked":"Loop","floor":11},{"not_picked":["Melter","Self Repair"],"picked":"Go for the Eyes","floor":12},{"not_picked":["Reboot","Redo"],"picked":"Ball Lightning","floor":14},{"not_picked":["Machine Learning","Biased Cognition"],"picked":"Rainbow","floor":16},{"not_picked":["Blizzard","Hologram"],"picked":"Conserve Battery","floor":18},{"not_picked":["Hologram+1","Streamline"],"picked":"Beam Cell","floor":19},{"not_picked":["Capacitor+1","Streamline"],"picked":"FTL","floor":21},{"not_picked":["Force Field","Conserve Battery"],"picked":"Ball Lightning+1","floor":22},{"not_picked":["Cold Snap+1","Compile Driver+1"],"picked":"Redo","floor":23},{"not_picked":["Compile Driver+1","Consume","Thunder Strike"],"picked":"SKIP","floor":24},{"not_picked":["Gash","Hologram","Consume"],"picked":"SKIP","floor":27},{"not_picked":["Doom and Gloom","Leap"],"picked":"Ball Lightning","floor":29},{"not_picked":["Leap","Machine Learning"],"picked":"Defragment+1","floor":31},{"not_picked":["Biased Cognition","Seek"],"picked":"Multi-Cast","floor":33},{"not_picked":["Compile Driver+1","Storm"],"picked":"Redo","floor":34},{"not_picked":["Hologram","FTL"],"picked":"Leap+1","floor":34},{"not_picked":["Stack","Compile Driver"],"picked":"Coolheaded+1","floor":34},{"not_picked":["Beam Cell","Ball Lightning"],"picked":"Go for the Eyes+1","floor":35},{"not_picked":["Steam+1","Melter"],"picked":"Steam Power","floor":36},{"not_picked":["Lockon","Compile Driver+1","Barrage"],"picked":"SKIP","floor":37},{"not_picked":["Cold Snap+1","Compile Driver"],"picked":"Leap+1","floor":38},{"not_picked":["Biased Cognition","Hologram","Coolheaded"],"picked":"SKIP","floor":39},{"not_picked":["Go for the Eyes+1","Beam Cell+1","Redo"],"picked":"SKIP","floor":42},{"not_picked":["Capacitor","Gash"],"picked":"Coolheaded+1","floor":45}],"player_experience":8471,"relics_obtained":[{"floor":6,"key":"Anchor"},{"floor":9,"key":"Lantern"},{"floor":23,"key":"Bronze Scales"},{"floor":26,"key":"Whetstone"},{"floor":42,"key":"Gambling Chip"},{"floor":43,"key":"Bag of Preparation"},{"floor":48,"key":"Happy Flower"}],"event_choices":[{"damage_healed":0,"gold_gain":0,"player_choice":"Entered Light","damage_taken":15,"max_hp_gain":0,"max_hp_loss":0,"event_name":"Shining Light","floor":3,"gold_loss":0,"cards_upgraded":["Defend_B","Dualcast"]},{"damage_healed":0,"gold_gain":0,"player_choice":"Take Wound","damage_taken":0,"relics_obtained":["Golden Idol"],"max_hp_gain":0,"max_hp_loss":0,"event_name":"Golden Idol","floor":5,"gold_loss":0,"cards_obtained":["Injury"]},{"damage_healed":18,"gold_gain":0,"player_choice":"Healed","damage_taken":0,"max_hp_gain":0,"max_hp_loss":0,"event_name":"The Cleric","floor":10,"gold_loss":35},{"damage_healed":0,"gold_gain":0,"player_choice":"Inject Mutagens","damage_taken":0,"relics_obtained":["MutagenicStrength"],"max_hp_gain":0,"max_hp_loss":0,"event_name":"Drug Dealer","floor":28,"gold_loss":0},{"cards_removed":["Ball Lightning"],"damage_healed":0,"gold_gain":0,"player_choice":"Removed Attack","damage_taken":0,"max_hp_gain":0,"max_hp_loss":0,"event_name":"Falling","floor":41,"gold_loss":0},{"damage_healed":0,"gold_gain":333,"player_choice":"Gave Idol","damage_taken":0,"max_hp_gain":0,"max_hp_loss":0,"event_name":"The Moai Head","floor":47,"relics_lost":["Golden Idol"],"gold_loss":0}],"is_beta":false,"boss_relics":[{"not_picked":["Cursed Key","Coffee Dripper"],"picked":"White Beast Statue"},{"not_picked":["Snecko Eye","Black Star"],"picked":"Orrery"}],"items_purged_floors":[20,30,44],"is_endless":false,"potions_floor_spawned":[2,8,11,14,18,19,21,22,23,24,27,29,31,33,35,36,37,38,39,42,45],"killed_by":"Donu and Deca","ascension_level":0}