{"gold_per_floor":[118,133,83,97,107,107,182,214,214,245,159,184,184,184,184,284,284,298,316,316,333,2,2,2,13,13,13,25,41,41,56,56,151,151,169,179,224,224,124,124,149,149,149,162,194,194,210,229,229,229],"floor_reached":50,"playtime":2411,"items_purged":["Strike_B+1"],"score":640,"play_id":"f22b65ab-b5ae-4a40-97d5-d54839dd6af7","local_time":"20191010045719","is_ascension_mode":true,"campfire_choices":[{"data":"Hyperbeam","floor":6,"key":"SMITH"},{"floor":13,"key":"REST"},{"floor":15,"key":"REST"},{"floor":23,"key":"REST"},{"floor":27,"key":"RECALL"},{"data":"Seek","floor":30,"key":"SMITH"},{"floor":32,"key":"REST"},{"data":"Dualcast","floor":40,"key":"PURGE"},{"data":"Zap","floor":42,"key":"PURGE"},{"data":"Scrape","floor":46,"key":"SMITH"},{"floor":49,"key":"REST"}],"neow_cost":"NONE","seed_source_timestamp":25918672714300,"circlet_count":0,"master_deck":["Defend_B+1","Defend_B+1","Defend_B+1","Defend_B+1","Hyperbeam+1","Gash","Turbo","All For One","Skim","Turbo","Seek+1","Gash","Skim","Leap","Scrape+1","Beam Cell","Gash","Steam+1","All For One","Beam Cell+1","Skim+1","Turbo","Turbo","Stack+1","Double Energy","Hologram+1"],"relics":["FrozenCore","NeowsBlessing","Pear","Kunai","Blue Candle","Bag of Preparation","Unceasing Top","Empty Cage","Peace Pipe","Du-Vu Doll","Pantograph","Oddly Smooth Stone"],"potions_floor_usage":[10,21,33,37,50],"damage_taken":[{"damage":0,"enemies":"Jaw Worm","floor":1,"turns":1},{"damage":0,"enemies":"2 Louse","floor":2,"turns":1},{"damage":0,"enemies":"Small Slimes","floor":4,"turns":1},{"damage":12,"enemies":"Blue Slaver","floor":5,"turns":2},{"damage":13,"enemies":"3 Sentries","floor":8,"turns":3},{"damage":26,"enemies":"Lagavulin","floor":10,"turns":6},{"damage":27,"enemies":"Slime Boss","floor":16,"turns":6},{"damage":5,"enemies":"Spheric Guardian","floor":18,"turns":3},{"damage":0,"enemies":"Chosen","floor":19,"turns":3},{"damage":28,"enemies":"Snake Plant","floor":21,"turns":4},{"damage":8,"enemies":"Shelled Parasite and Fungi","floor":25,"turns":5},{"damage":11,"enemies":"3 Cultists","floor":28,"turns":6},{"damage":0,"enemies":"Snecko","floor":29,"turns":3},{"damage":14,"enemies":"Snake Plant","floor":31,"turns":3},{"damage":69,"enemies":"Collector","floor":33,"turns":8},{"damage":0,"enemies":"Orb Walker","floor":35,"turns":1},{"damage":0,"enemies":"3 Darklings","floor":36,"turns":2},{"damage":0,"enemies":"2 Orb Walkers","floor":37,"turns":1},{"damage":0,"enemies":"Giant Head","floor":41,"turns":2},{"damage":0,"enemies":"Sphere and 2 Shapes","floor":44,"turns":1},{"damage":6,"enemies":"Nemesis","floor":45,"turns":5},{"damage":39,"enemies":"Transient","floor":47,"turns":5},{"damage":0,"enemies":"Writhing Mass","floor":48,"turns":5},{"damage":126,"enemies":"Time Eater","floor":50,"turns":7}],"seed_played":"5785283428900132524","potions_obtained":[{"floor":2,"key":"SteroidPotion"},{"floor":10,"key":"Energy Potion"},{"floor":21,"key":"Swift Potion"},{"floor":28,"key":"Strength Potion"},{"floor":31,"key":"Poison Potion"},{"floor":35,"key":"Energy Potion"},{"floor":45,"key":"Dexterity Potion"}],"is_trial":false,"path_per_floor":["M","M","?","M","M","R","?","E","T","E","$","T","R","?","R","B",null,"M","M","?","M","$","R","?","M","T","R","M","M","R","M","R","B",null,"M","M","?","?","$","R","E","R","T","M","E","R","M","M","R","B"],"character_chosen":"DEFECT","items_purchased":["Skim","Turbo","Unceasing Top","Scrape","Turbo"],"campfire_rested":5,"item_purchase_floors":[11,11,22,22,39],"current_hp_per_floor":[75,75,75,75,63,63,52,49,49,23,23,23,48,53,80,53,90,85,85,85,57,57,84,90,82,82,82,71,71,71,57,84,15,90,90,90,90,90,90,90,90,90,90,90,84,84,45,45,72,0],"gold":229,"neow_bonus":"THREE_ENEMY_KILL","is_prod":false,"is_daily":false,"chose_seed":false,"campfire_upgraded":3,"win_rate":0,"timestamp":1570697839,"path_taken":["M","M","?","M","M","R","?","E","T","E","$","?","R","?","R","BOSS","M","M","?","M","$","R","?","M","T","R","M","M","R","M","R","BOSS","M","M","?","?","$","R","E","R","T","M","E","R","M","?","R","BOSS"],"build_version":"2019-07-17","purchased_purges":1,"victory":false,"max_hp_per_floor":[75,75,75,75,75,75,75,85,85,85,85,85,85,90,90,90,90,90,90,90,90,90,90,90,90,90,90,90,90,90,90,90,90,90,90,90,90,90,90,90,90,90,90,90,90,90,90,90,90,90],"card_choices":[{"not_picked":["Compile Driver","Conserve Battery","Coolheaded"],"picked":"SKIP","floor":1},{"not_picked":["Leap","Undo"],"picked":"Hyperbeam","floor":2},{"not_picked":["Stack","Coolheaded"],"picked":"Gash","floor":4},{"not_picked":["Cold Snap","Rainbow"],"picked":"Turbo","floor":5},{"not_picked":["Compile Driver","Loop","Multi-Cast"],"picked":"SKIP","floor":8},{"not_picked":["Machine Learning","Conserve Battery"],"picked":"All For One","floor":10},{"not_picked":["Biased Cognition","Core Surge"],"picked":"Seek","floor":16},{"not_picked":["Reinforced Body","Aggregate"],"picked":"Gash","floor":18},{"not_picked":["Cold Snap","Coolheaded"],"picked":"Skim","floor":19},{"not_picked":["Rebound","Rip and Tear+1"],"picked":"Leap","floor":21},{"not_picked":["Hello World","Conserve Battery"],"picked":"Beam Cell","floor":25},{"not_picked":["Tempest","Recycle","Cold Snap+1"],"picked":"SKIP","floor":28},{"not_picked":["Barrage","Capacitor"],"picked":"Gash","floor":29},{"not_picked":["Skim","Compile Driver"],"picked":"Steam+1","floor":31},{"not_picked":["Buffer","Seek"],"picked":"All For One","floor":33},{"not_picked":["Rebound","Doom and Gloom+1"],"picked":"Beam Cell+1","floor":35},{"not_picked":["Barrage","Cold Snap","Leap"],"picked":"SKIP","floor":36},{"not_picked":["Beam Cell","Compile Driver"],"picked":"Skim+1","floor":37},{"not_picked":["Steam Power+1","Sweeping Beam"],"picked":"Turbo","floor":41},{"not_picked":["Hello World+1","Fusion+1","Sunder+1"],"picked":"SKIP","floor":44},{"not_picked":["Multi-Cast","Leap+1"],"picked":"Stack+1","floor":45},{"not_picked":["Stack","White Noise+1"],"picked":"Double Energy","floor":47},{"not_picked":["Compile Driver","Fusion"],"picked":"Hologram+1","floor":48}],"player_experience":114178,"relics_obtained":[{"floor":8,"key":"Pear"},{"floor":9,"key":"Kunai"},{"floor":10,"key":"Blue Candle"},{"floor":12,"key":"Bag of Preparation"},{"floor":37,"key":"Peace Pipe"},{"floor":41,"key":"Du-Vu Doll"},{"floor":43,"key":"Pantograph"},{"floor":45,"key":"Oddly Smooth Stone"}],"event_choices":[{"cards_removed":["Strike_B"],"damage_healed":0,"gold_gain":0,"player_choice":"Card Removal","damage_taken":0,"max_hp_gain":0,"max_hp_loss":0,"event_name":"The Cleric","floor":3,"gold_loss":50},{"damage_healed":0,"gold_gain":75,"player_choice":"Gather Gold","damage_taken":11,"max_hp_gain":0,"max_hp_loss":0,"event_name":"World of Goop","floor":7,"gold_loss":0},{"damage_healed":0,"gold_gain":0,"player_choice":"Donut","damage_taken":0,"max_hp_gain":5,"max_hp_loss":0,"event_name":"Big Fish","floor":14,"gold_loss":0},{"damage_healed":0,"gold_gain":0,"player_choice":"Simplicity","damage_taken":0,"max_hp_gain":0,"max_hp_loss":0,"event_name":"Back to Basics","floor":20,"gold_loss":0,"cards_upgraded":["Strike_B","Strike_B","Strike_B","Defend_B","Defend_B","Defend_B","Defend_B"]},{"damage_healed":30,"gold_gain":0,"player_choice":"Heal","damage_taken":0,"max_hp_gain":0,"max_hp_loss":0,"event_name":"The Library","floor":24,"gold_loss":0},{"damage_healed":0,"gold_gain":0,"player_choice":"Fight","damage_taken":0,"max_hp_gain":0,"max_hp_loss":0,"event_name":"Mysterious Sphere","floor":37,"gold_loss":0},{"damage_healed":0,"gold_gain":0,"player_choice":"Leave","damage_taken":0,"max_hp_gain":0,"max_hp_loss":0,"event_name":"FaceTrader","floor":38,"gold_loss":0}],"is_beta":false,"boss_relics":[{"not_picked":["White Beast Statue","Runic Dome"],"picked":"FrozenCore"},{"not_picked":["Fusion Hammer","Astrolabe"],"picked":"Empty Cage"}],"items_purged_floors":[39],"is_endless":false,"potions_floor_spawned":[2,10,21,28,31,33,35,45,48],"killed_by":"Time Eater","ascension_level":1}