{"gold_per_floor":[111,124,124,139,153,153,188,214,260,260,260,335,346,359,359,464,464,482,581,362,376,291,291,381,395,395,407,407,424,424,229,229,330,330,343,91,110,128,128,128,128,128,128,128,144,144,144,161,161,161],"floor_reached":51,"playtime":4556,"items_purged":["Strike_G"],"score":597,"play_id":"23b68dd8-aa9a-4332-97ad-806243be7411","local_time":"20191011205017","is_ascension_mode":false,"campfire_choices":[{"data":"Well Laid Plans","floor":6,"key":"SMITH"},{"floor":10,"key":"REST"},{"data":"Backflip","floor":15,"key":"SMITH"},{"floor":28,"key":"REST"},{"data":"Noxious Fumes","floor":30,"key":"SMITH"},{"data":"Dodge and Roll","floor":32,"key":"SMITH"},{"data":"Backflip","floor":40,"key":"SMITH"},{"floor":44,"key":"REST"},{"floor":49,"key":"REST"}],"neow_cost":"NONE","seed_source_timestamp":339515281825800,"circlet_count":0,"master_deck":["Strike_G+1","Strike_G+1","Defend_G+1","Defend_G+1","Defend_G+1","Defend_G+1","Survivor+1","Neutralize+1","Sucker Punch+1","Backflip+1","Well Laid Plans+1","Corpse Explosion+1","Backflip+1","Quick Slash+1","Blur+1","Noxious Fumes+1","Dodge and Roll+1","Sadistic Nature+1","Backstab+1","Madness+1","Madness+1","Noxious Fumes+1"],"relics":["Ring of the Serpent","Ninja Scroll","Odd Mushroom","Regal Pillow","Bronze Scales","Juzu Bracelet","Darkstone Periapt","Empty Cage","Mercury Hourglass","Ornamental Fan","Mark of the Bloom"],"potions_floor_usage":[],"damage_taken":[{"damage":7,"enemies":"Small Slimes","floor":1,"turns":4},{"damage":0,"enemies":"Jaw Worm","floor":2,"turns":6},{"damage":0,"enemies":"2 Louse","floor":4,"turns":3},{"damage":0,"enemies":"Exordium Wildlife","floor":5,"turns":6},{"damage":31,"enemies":"Lagavulin","floor":7,"turns":12},{"damage":0,"enemies":"The Mushroom Lair","floor":8,"turns":2},{"damage":2,"enemies":"Large Slime","floor":13,"turns":5},{"damage":0,"enemies":"2 Fungi Beasts","floor":14,"turns":2},{"damage":36,"enemies":"Hexaghost","floor":16,"turns":14},{"damage":13,"enemies":"Spheric Guardian","floor":18,"turns":6},{"damage":14,"enemies":"2 Thieves","floor":21,"turns":3},{"damage":2,"enemies":"Cultist and Chosen","floor":25,"turns":6},{"damage":0,"enemies":"Snake Plant","floor":27,"turns":6},{"damage":4,"enemies":"3 Cultists","floor":29,"turns":3},{"damage":42,"enemies":"Champ","floor":33,"turns":16},{"damage":4,"enemies":"Orb Walker","floor":35,"turns":6},{"damage":29,"enemies":"3 Darklings","floor":37,"turns":4},{"damage":8,"enemies":"Maw","floor":38,"turns":9},{"damage":10,"enemies":"Sphere and 2 Shapes","floor":45,"turns":5},{"damage":0,"enemies":"Jaw Worm Horde","floor":48,"turns":2},{"damage":27,"enemies":"Time Eater","floor":50,"turns":15}],"seed_played":"6137134522075610140","potions_obtained":[{"floor":1,"key":"Ancient Potion"},{"floor":8,"key":"Fire Potion"},{"floor":16,"key":"Ancient Potion"}],"is_trial":false,"path_per_floor":["M","M","?","M","M","R","E","?","T","R","$","?","M","M","R","B",null,"M","?","$","M","?","?","?","M","T","M","R","M","R","$","R","B",null,"M","$","M","M","?","R","$","?","T","R","M","?","?","M","R","B",null],"character_chosen":"THE_SILENT","items_purchased":["Bronze Scales","Sadistic Nature","Mercury Hourglass"],"campfire_rested":4,"item_purchase_floors":[20,31,36],"current_hp_per_floor":[63,63,68,68,68,68,37,37,37,74,74,63,61,61,61,25,75,62,62,62,48,48,48,34,32,32,32,69,65,65,65,65,23,75,71,71,42,34,39,39,39,30,30,67,57,57,57,57,57,30],"gold":161,"neow_bonus":"TRANSFORM_CARD","is_prod":false,"is_daily":false,"chose_seed":false,"campfire_upgraded":5,"win_rate":0.0,"timestamp":1570841417,"path_taken":["M","M","?","M","M","R","E","?","T","R","$","?","M","M","R","BOSS","M","?","$","M","?","?","?","M","T","M","R","M","R","?","R","BOSS","M","$","M","M","?","R","?","?","T","R","M","?","?","M","R","BOSS"],"build_version":"2019-07-17","purchased_purges":1,"victory":true,"max_hp_per_floor":[70,70,75,75,75,75,75,75,75,75,75,75,75,75,75,75,75,75,75,75,75,75,75,75,75,75,75,75,75,75,75,75,75,75,75,75,75,75,75,75,75,75,75,75,75,75,75,75,75,75],"card_choices":[{"not_picked":["Flechettes","Flying Knee","Eviscerate"],"picked":"SKIP","floor":1},{"not_picked":["Flying Knee","Poisoned Stab"],"picked":"Backflip","floor":2},{"not_picked":["PiercingWail","Deadly Poison","Poisoned Stab"],"picked":"SKIP","floor":4},{"not_picked":["Wraith Form v2","Sucker Punch"],"picked":"Well Laid Plans","floor":5},{"not_picked":["Riddle With Holes","Bouncing Flask"],"picked":"Corpse Explosion","floor":7},{"not_picked":["Choke","Poisoned Stab"],"picked":"Backflip","floor":13},{"not_picked":["Reflex","Choke","Acrobatics"],"picked":"SKIP","floor":14},{"not_picked":["Expertise","Backflip"],"picked":"Quick Slash+1","floor":18},{"not_picked":["Flying Knee","Underhanded Strike+1"],"picked":"Blur+1","floor":21},{"not_picked":["Deadly Poison+1","Backstab","Blade Dance"],"picked":"SKIP","floor":25},{"not_picked":["Quick Slash","Eviscerate+1"],"picked":"Dodge and Roll","floor":27},{"not_picked":["Dagger Spray","Masterful Stab+1","Tactician"],"picked":"SKIP","floor":29},{"not_picked":["Prepared","Eviscerate+1"],"picked":"Backstab+1","floor":35},{"not_picked":["Flechettes+1","Heel Hook","Backflip"],"picked":"SKIP","floor":37},{"not_picked":["Choke+1","Acrobatics+1"],"picked":"Poisoned Stab+1","floor":38},{"not_picked":["PiercingWail+1","Outmaneuver"],"picked":"Noxious Fumes+1","floor":45},{"not_picked":["Dodge and Roll","Finisher","Quick Slash+1"],"picked":"SKIP","floor":48}],"player_experience":70913,"relics_obtained":[{"floor":7,"key":"Ninja Scroll"},{"floor":8,"key":"Odd Mushroom"},{"floor":9,"key":"Regal Pillow"},{"floor":26,"key":"Darkstone Periapt"},{"floor":43,"key":"Ornamental Fan"}],"event_choices":[{"damage_healed":0,"gold_gain":0,"player_choice":"Donut","damage_taken":0,"max_hp_gain":5,"max_hp_loss":0,"event_name":"Big Fish","floor":3,"gold_loss":0},{"damage_healed":0,"gold_gain":0,"player_choice":"Fought Mushrooms","damage_taken":0,"max_hp_gain":0,"max_hp_loss":0,"event_name":"Mushrooms","floor":8,"gold_loss":0},{"damage_healed":0,"gold_gain":75,"player_choice":"Gather Gold","damage_taken":11,"max_hp_gain":0,"max_hp_loss":0,"event_name":"World of Goop","floor":12,"gold_loss":0},{"damage_healed":0,"gold_gain":99,"player_choice":"Stole From Cult","damage_taken":0,"max_hp_gain":0,"max_hp_loss":0,"event_name":"Nest","floor":19,"gold_loss":0},{"damage_healed":0,"gold_gain":0,"player_choice":"Obtained Relic","damage_taken":0,"relics_obtained":["Juzu Bracelet"],"max_hp_gain":0,"max_hp_loss":0,"event_name":"Addict","floor":22,"gold_loss":85},{"damage_healed":0,"gold_gain":0,"player_choice":"Read","damage_taken":0,"max_hp_gain":0,"max_hp_loss":0,"event_name":"The Library","floor":23,"gold_loss":0,"cards_obtained":["Noxious Fumes"]},{"damage_healed":0,"gold_gain":90,"player_choice":"GOLD ","damage_taken":14,"max_hp_gain":0,"max_hp_loss":0,"event_name":"Knowing Skull","floor":24,"potions_obtained":[],"gold_loss":0,"cards_obtained":[]},{"cards_removed":["Poisoned Stab"],"damage_healed":5,"gold_gain":0,"player_choice":"Offered Common","damage_taken":0,"max_hp_gain":0,"max_hp_loss":0,"event_name":"Bonfire Elementals","floor":39,"gold_loss":0},{"cards_removed":["Poisoned Stab"],"damage_healed":5,"gold_gain":0,"player_choice":"Offered Special","damage_taken":0,"max_hp_gain":0,"max_hp_loss":0,"event_name":"Bonfire Elementals","floor":39,"gold_loss":0},{"damage_healed":0,"gold_gain":0,"player_choice":"Embrace Madness","damage_taken":9,"max_hp_gain":0,"max_hp_loss":0,"event_name":"Winding Halls","floor":42,"gold_loss":0,"cards_obtained":["Madness","Madness"]},{"damage_healed":0,"gold_gain":0,"player_choice":"Upgrade","damage_taken":0,"relics_obtained":["Mark of the Bloom"],"max_hp_gain":0,"max_hp_loss":0,"event_name":"MindBloom","floor":46,"gold_loss":0,"cards_upgraded":["Strike_G","Strike_G","Defend_G","Defend_G","Defend_G","Defend_G","Survivor","Neutralize","Sucker Punch","Corpse Explosion","Sadistic Nature","Madness","Madness"]},{"damage_healed":0,"gold_gain":0,"player_choice":"Ignored","damage_taken":0,"max_hp_gain":0,"max_hp_loss":0,"event_name":"Mysterious Sphere","floor":47,"gold_loss":0}],"is_beta":false,"boss_relics":[{"not_picked":["Lizard Tail","Coffee Dripper"],"picked":"Ring of the Serpent"},{"not_picked":["Tiny House","Busted Crown"],"picked":"Empty Cage"}],"items_purged_floors":[20],"is_endless":false,"potions_floor_spawned":[1,8,16,27,29,33,35,38,45],"ascension_level":0}