{"gold_per_floor":[109,60,79,79,79,111,111,146,146,160,189,264,264,293,293,397,447,457,475,574,585,585,612,612,625,648,675,358,358,23,36,36,139,139,158,176,176,189,203,203,103,129,129,129,145,0,0,16,16,16,16,16,16,50,62],"floor_reached":56,"playtime":3326,"items_purged":["Strike_G","Strike_G"],"score":1341,"play_id":"d14d4503-0656-4f49-97b7-ff80761c3b9a","local_time":"20181203223246","is_ascension_mode":true,"campfire_choices":[{"data":"Blade Dance","floor":7,"key":"SMITH"},{"floor":13,"key":"REST"},{"floor":15,"key":"REST"},{"floor":24,"key":"REST"},{"floor":29,"key":"RECALL"},{"data":"Envenom","floor":32,"key":"SMITH"},{"data":"A Thousand Cuts","floor":40,"key":"SMITH"},{"data":"Accuracy","floor":44,"key":"SMITH"},{"data":"Accuracy","floor":47,"key":"SMITH"},{"data":"Dodge and Roll","floor":49,"key":"SMITH"},{"data":"Sucker Punch","floor":52,"key":"SMITH"}],"neow_cost":"NONE","seed_source_timestamp":1729434276001313,"circlet_count":0,"master_deck":["Defend_G","Defend_G","Defend_G","Defend_G","Defend_G","Strike_G+1","Strike_G","Strike_G+1","Survivor","Neutralize+1","Dodge and Roll+1","Sucker Punch+1","Blade Dance+1","Cloak And Dagger+1","Backstab","Envenom+1","Doppelganger+1","Blade Dance+1","A Thousand Cuts+1","Backflip+1","Storm of Steel+1","Backflip+1","Cloak And Dagger+1","Adrenaline+1","Blade Dance+1","Accuracy+1","Accuracy+1","Backstab","Adrenaline+1","Acrobatics+1","Backflip+1","PiercingWail+1","Footwork+1"],"relics":["White Beast Statue","Shuriken","Toxic Egg 2","Ancient Tea Set","Pear","Art of War","Whetstone","Tiny House","FaceOfCleric","Matryoshka","Pen Nib","Snake Skull","Lantern","Pantograph","Coffee Dripper","Bag of Preparation","Bottled Lightning","Juzu Bracelet","Darkstone Periapt","Red Mask","MawBank"],"potions_floor_usage":[6,11,11,14,21,23,25,27,33,45,55],"damage_taken":[{"damage":0,"enemies":"Jaw Worm","floor":1,"turns":4},{"damage":0,"enemies":"2 Louse","floor":3,"turns":3},{"damage":26,"enemies":"Lagavulin","floor":6,"turns":9},{"damage":16,"enemies":"Gremlin Nob","floor":8,"turns":4},{"damage":0,"enemies":"Small Slimes","floor":10,"turns":2},{"damage":9,"enemies":"3 Sentries","floor":11,"turns":5},{"damage":5,"enemies":"Gremlin Nob","floor":14,"turns":3},{"damage":31,"enemies":"Hexaghost","floor":16,"turns":7},{"damage":14,"enemies":"Spheric Guardian","floor":18,"turns":4},{"damage":16,"enemies":"Shell Parasite","floor":19,"turns":8},{"damage":16,"enemies":"Snecko","floor":21,"turns":4},{"damage":9,"enemies":"Gremlin Leader","floor":23,"turns":7},{"damage":0,"enemies":"Snake Plant","floor":25,"turns":3},{"damage":10,"enemies":"Book of Stabbing","floor":27,"turns":3},{"damage":5,"enemies":"Centurion and Healer","floor":31,"turns":4},{"damage":58,"enemies":"Collector","floor":33,"turns":9},{"damage":32,"enemies":"3 Darklings","floor":35,"turns":3},{"damage":0,"enemies":"3 Shapes","floor":36,"turns":2},{"damage":2,"enemies":"3 Darklings","floor":38,"turns":3},{"damage":0,"enemies":"Sphere and 2 Shapes","floor":39,"turns":3},{"damage":0,"enemies":"Jaw Worm Horde","floor":45,"turns":3},{"damage":0,"enemies":"Transient","floor":48,"turns":5},{"damage":32,"enemies":"Awakened One","floor":50,"turns":8},{"damage":0,"enemies":"Shield and Spear","floor":54,"turns":3},{"damage":142,"enemies":"The Heart","floor":55,"turns":9}],"seed_played":"8659835241126616884","potions_obtained":[{"floor":1,"key":"Regen Potion"},{"floor":3,"key":"Strength Potion"},{"floor":6,"key":"GamblersBrew"},{"floor":8,"key":"Poison Potion"},{"floor":10,"key":"FairyPotion"},{"floor":11,"key":"Poison Potion"},{"floor":14,"key":"Poison Potion"},{"floor":16,"key":"Strength Potion"},{"floor":17,"key":"Strength Potion"},{"floor":18,"key":"Explosive Potion"},{"floor":19,"key":"AttackPotion"},{"floor":21,"key":"FairyPotion"},{"floor":23,"key":"Fire Potion"},{"floor":25,"key":"AttackPotion"},{"floor":27,"key":"Swift Potion"},{"floor":33,"key":"EssenceOfSteel"},{"floor":35,"key":"Swift Potion"},{"floor":38,"key":"Block Potion"},{"floor":39,"key":"GhostInAJar"},{"floor":45,"key":"Swift Potion"},{"floor":48,"key":"Dexterity Potion"}],"is_trial":false,"path_per_floor":["M","$","M","?","?","E","R","E","T","M","E","?","R","E","R","B",null,"M","M","?","M","?","E","R","M","T","E","$","R","$","M","R","B",null,"M","M","T","M","M","R","$","T","T","R","M","?","R","M","R","B",null,"R","$","E","B",null],"character_chosen":"THE_SILENT","items_purchased":["Sucker Punch","Blade Dance+1","Accuracy","Lantern","Pantograph","Accuracy"],"campfire_rested":3,"item_purchase_floors":[2,28,28,28,30,30],"current_hp_per_floor":[70,70,70,75,72,59,59,43,53,53,44,33,58,53,78,47,90,76,60,60,44,44,36,63,64,64,55,55,55,55,51,51,19,95,64,65,65,64,65,65,65,65,65,65,66,66,66,67,67,61,102,102,102,103,11],"gold":74,"neow_bonus":"BOSS_RELIC","is_prod":false,"is_daily":false,"chose_seed":false,"campfire_upgraded":7,"win_rate":0,"timestamp":1543897966,"path_taken":["M","$","M","?","?","E","R","E","T","M","E","?","R","E","R","BOSS","M","M","?","M","?","E","R","?","T","E","?","R","$","M","R","BOSS","M","M","?","?","M","R","?","?","T","R","M","?","R","M","R","BOSS","R","$","E","BOSS"],"build_version":"2018-11-15","purchased_purges":2,"victory":true,"max_hp_per_floor":[70,70,70,75,75,75,75,75,85,85,85,85,85,85,85,85,90,90,90,90,90,90,91,91,92,92,93,93,93,93,94,94,95,95,96,97,97,98,99,99,99,99,99,99,100,100,100,101,101,102,102,102,102,103,104],"card_choices":[{"not_picked":["Slice","Cloak And Dagger"],"picked":"Dodge and Roll","floor":1},{"not_picked":["Dodge and Roll","Accuracy"],"picked":"Blade Dance","floor":3},{"not_picked":["Quick Slash","Riddle With Holes"],"picked":"Cloak And Dagger","floor":6},{"not_picked":["Quick Slash","Dagger Throw"],"picked":"Backstab","floor":8},{"not_picked":["Underhanded Strike","Flying Knee"],"picked":"Envenom","floor":10},{"not_picked":["Endless Agony","Sucker Punch"],"picked":"Doppelganger+1","floor":11},{"not_picked":["Backflip+1","Blur+1"],"picked":"Blade Dance+1","floor":14},{"not_picked":["Adrenaline+1","Venomology+1"],"picked":"A Thousand Cuts","floor":16},{"not_picked":["Poisoned Stab","Riddle With Holes"],"picked":"Backflip+1","floor":17},{"not_picked":["Acrobatics+1","Deadly Poison+1"],"picked":"Storm of Steel+1","floor":18},{"not_picked":["Deflect+1","Skewer"],"picked":"Backflip+1","floor":19},{"not_picked":["Acrobatics+1","Setup+1","Backflip+1"],"picked":"SKIP","floor":21},{"not_picked":["Quick Slash","Backflip+1"],"picked":"Cloak And Dagger+1","floor":23},{"not_picked":["Masterful Stab","All Out Attack"],"picked":"Adrenaline+1","floor":25},{"not_picked":["Burst+1","Acrobatics+1","Distraction+1"],"picked":"SKIP","floor":27},{"not_picked":["Blur+1","Terror+1"],"picked":"Backstab","floor":31},{"not_picked":["Envenom","A Thousand Cuts"],"picked":"Adrenaline+1","floor":33},{"not_picked":["Dagger Spray","Eviscerate+1"],"picked":"Acrobatics+1","floor":35},{"not_picked":["Crippling Poison+1","PiercingWail+1"],"picked":"Backflip+1","floor":36},{"not_picked":["Dodge and Roll+1","PiercingWail+1","Dash"],"picked":"SKIP","floor":38},{"not_picked":["Underhanded Strike+1","Catalyst+1","Deadly Poison+1"],"picked":"SKIP","floor":39},{"not_picked":["Underhanded Strike+1","Catalyst+1","Deadly Poison+1"],"picked":"SKIP","floor":39},{"not_picked":["Outmaneuver+1","Noxious Fumes"],"picked":"PiercingWail+1","floor":45},{"not_picked":["Endless Agony","Acrobatics+1"],"picked":"Footwork+1","floor":48},{"not_picked":["All Out Attack","Envenom","Predator"],"picked":"SKIP","floor":54}],"player_experience":197425,"relics_obtained":[{"floor":6,"key":"Toxic Egg 2"},{"floor":8,"key":"Ancient Tea Set"},{"floor":9,"key":"Pear"},{"floor":11,"key":"Art of War"},{"floor":14,"key":"Whetstone"},{"floor":23,"key":"Matryoshka"},{"floor":26,"key":"Pen Nib"},{"floor":27,"key":"Snake Skull"},{"floor":37,"key":"Bag of Preparation"},{"floor":37,"key":"Bottled Lightning"},{"floor":42,"key":"Juzu Bracelet"},{"floor":43,"key":"Darkstone Periapt"},{"floor":54,"key":"MawBank"}],"event_choices":[{"damage_healed":0,"gold_gain":0,"player_choice":"Donut","damage_taken":0,"max_hp_gain":5,"max_hp_loss":0,"event_name":"Big Fish","floor":4,"gold_loss":0},{"damage_healed":0,"gold_gain":0,"player_choice":"Success","damage_taken":3,"relics_obtained":["Shuriken"],"max_hp_gain":0,"max_hp_loss":0,"event_name":"Scrap Ooze","floor":5,"gold_loss":0},{"damage_healed":0,"gold_gain":75,"player_choice":"Gather Gold","damage_taken":11,"max_hp_gain":0,"max_hp_loss":0,"event_name":"World of Goop","floor":12,"gold_loss":0},{"damage_healed":0,"gold_gain":99,"player_choice":"Stole From Cult","damage_taken":0,"max_hp_gain":0,"max_hp_loss":0,"event_name":"Nest","floor":20,"gold_loss":0},{"damage_healed":0,"gold_gain":0,"player_choice":"Trade","damage_taken":0,"relics_obtained":["FaceOfCleric"],"max_hp_gain":0,"max_hp_loss":0,"event_name":"FaceTrader","floor":22,"gold_loss":0},{"damage_healed":0,"gold_gain":0,"player_choice":"Paid","damage_taken":0,"relics_obtained":["Red Mask"],"max_hp_gain":0,"max_hp_loss":0,"event_name":"Tomb of Lord Red Mask","floor":46,"gold_loss":145}],"is_beta":false,"boss_relics":[{"not_picked":["Runic Dome","Sozu"],"picked":"Tiny House"},{"not_picked":["Philosopher\u0027s Stone","Calling Bell"],"picked":"Coffee Dripper"}],"items_purged_floors":[28,41],"is_endless":false,"potions_floor_spawned":[1,3,6,8,10,11,14,16,18,19,21,23,25,27,31,33,35,36,38,39,45,48,54],"ascension_level":1}