{"gold_per_floor":[111,111,128,128,143,143,183,201,201,201,201,239,255,280,280,405,405,405,405,405,405,405,405,405,405,405,405,405,355,355,355,355,355,355,355,355,355,355,158,158,158,158,158,158,158,158,158,158,158,158],"floor_reached":51,"playtime":2218,"items_purged":["Armaments","Bash"],"score":749,"play_id":"97a89d88-d545-4a75-9486-b5bbe848e767","local_time":"20191008041512","is_ascension_mode":true,"campfire_choices":[{"floor":6,"key":"REST"},{"floor":10,"key":"REST"},{"data":"Heavy Blade","floor":15,"key":"SMITH"},{"data":"Seeing Red","floor":23,"key":"SMITH"},{"floor":30,"key":"REST"},{"data":"Limit Break","floor":32,"key":"SMITH"},{"floor":40,"key":"REST"},{"floor":49,"key":"REST"}],"neow_cost":"NONE","seed_source_timestamp":71715941368100,"circlet_count":0,"master_deck":["Strike_R","Strike_R","Strike_R","Defend_R","Defend_R","Defend_R","Defend_R","Seeing Red+1","Pommel Strike","Heavy Blade+1","Spot Weakness","Pommel Strike","Limit Break+1","Armaments+1","Flex+1","Seeing Red+1","Flex+1"],"relics":["Runic Pyramid","Bloody Idol","Orichalcum","Smiling Mask","Meat on the Bone","Ectoplasm","Happy Flower","Omamori","Necronomicon","Fusion Hammer","Pen Nib","Kunai","Pear"],"potions_floor_usage":[50],"damage_taken":[{"damage":3,"enemies":"Small Slimes","floor":1,"turns":3},{"damage":0,"enemies":"2 Louse","floor":3,"turns":2},{"damage":3,"enemies":"Jaw Worm","floor":5,"turns":4},{"damage":32,"enemies":"Gremlin Nob","floor":7,"turns":4},{"damage":4,"enemies":"2 Fungi Beasts","floor":8,"turns":3},{"damage":18,"enemies":"3 Sentries","floor":12,"turns":6},{"damage":6,"enemies":"Blue Slaver","floor":13,"turns":2},{"damage":4,"enemies":"3 Louse","floor":14,"turns":3},{"damage":28,"enemies":"Hexaghost","floor":16,"turns":7},{"damage":4,"enemies":"Shell Parasite","floor":18,"turns":2},{"damage":5,"enemies":"Chosen","floor":21,"turns":3},{"damage":22,"enemies":"Shelled Parasite and Fungi","floor":22,"turns":3},{"damage":3,"enemies":"Centurion and Healer","floor":28,"turns":4},{"damage":0,"enemies":"Snake Plant","floor":31,"turns":2},{"damage":24,"enemies":"Automaton","floor":33,"turns":5},{"damage":5,"enemies":"Orb Walker","floor":35,"turns":2},{"damage":11,"enemies":"3 Shapes","floor":37,"turns":4},{"damage":36,"enemies":"3 Darklings","floor":41,"turns":6},{"damage":12,"enemies":"4 Shapes","floor":42,"turns":5},{"damage":19,"enemies":"Writhing Mass","floor":45,"turns":4},{"damage":6,"enemies":"3 Darklings","floor":46,"turns":4},{"damage":53,"enemies":"Nemesis","floor":47,"turns":5},{"damage":0,"enemies":"Maw","floor":48,"turns":3},{"damage":23,"enemies":"Donu and Deca","floor":50,"turns":6}],"seed_played":"-1629316618002581278","potions_obtained":[{"floor":5,"key":"Strength Potion"},{"floor":8,"key":"Fire Potion"},{"floor":13,"key":"Dexterity Potion"},{"floor":18,"key":"FairyPotion"},{"floor":41,"key":"SteroidPotion"},{"floor":48,"key":"SteroidPotion"}],"is_trial":false,"path_per_floor":["M","?","M","?","M","R","E","M","T","R","$","E","M","M","R","B",null,"M","?","?","M","M","R","?","?","T","?","M","$","R","M","R","B",null,"M","?","M","?","$","R","M","M","T","?","M","M","E","M","R","B",null],"character_chosen":"IRONCLAD","items_purchased":["Pen Nib"],"campfire_rested":5,"item_purchase_floors":[39],"current_hp_per_floor":[77,77,77,57,54,78,46,42,42,66,66,48,42,50,50,34,80,76,76,76,71,49,49,49,49,49,33,42,42,66,66,66,42,80,75,75,64,64,64,80,44,44,44,44,37,43,30,42,69,46],"gold":158,"neow_bonus":"BOSS_RELIC","is_prod":false,"is_daily":false,"chose_seed":false,"campfire_upgraded":3,"win_rate":0,"timestamp":1570522512,"path_taken":["M","?","M","?","M","R","E","M","T","R","?","E","M","M","R","BOSS","M","?","?","M","M","R","?","?","T","?","M","$","R","?","R","BOSS","M","?","M","?","$","R","M","?","T","?","M","M","E","M","R","BOSS"],"build_version":"2019-07-17","purchased_purges":2,"victory":true,"max_hp_per_floor":[80,80,80,80,80,80,80,80,80,80,80,80,80,80,80,80,80,80,80,80,80,80,80,80,80,80,80,80,80,80,80,80,80,80,80,80,80,80,80,80,80,80,80,80,80,80,90,90,90,90],"card_choices":[{"not_picked":["Clothesline","Anger"],"picked":"Seeing Red","floor":1},{"not_picked":["Hemokinesis","Sword Boomerang","Rage"],"picked":"SKIP","floor":3},{"not_picked":["Warcry","Uppercut"],"picked":"Pommel Strike","floor":5},{"not_picked":["Hemokinesis","Anger"],"picked":"Heavy Blade","floor":7},{"not_picked":["Entrench","Iron Wave","Carnage"],"picked":"SKIP","floor":8},{"not_picked":["Wild Strike","Flame Barrier"],"picked":"Spot Weakness","floor":12},{"not_picked":["Anger","Thunderclap","Sentinel"],"picked":"SKIP","floor":13},{"not_picked":["Sentinel","Thunderclap"],"picked":"Pommel Strike","floor":14},{"not_picked":["Juggernaut","Impervious"],"picked":"Limit Break","floor":16},{"not_picked":["Rage","Power Through+1"],"picked":"Armaments","floor":18},{"not_picked":["Whirlwind","Warcry"],"picked":"Armaments+1","floor":21},{"not_picked":["Clash","Ghostly Armor","Feel No Pain"],"picked":"SKIP","floor":22},{"not_picked":["Intimidate","Shrug It Off","Clash"],"picked":"SKIP","floor":28},{"not_picked":["Thunderclap","Exhume"],"picked":"Flex+1","floor":31},{"not_picked":["Clothesline","Whirlwind","Uppercut+1"],"picked":"SKIP","floor":35},{"not_picked":["Thunderclap","Perfected Strike","Anger"],"picked":"SKIP","floor":37},{"not_picked":["Perfected Strike+1","Second Wind","Flex"],"picked":"SKIP","floor":41},{"not_picked":["Disarm","Fire Breathing","Sword Boomerang"],"picked":"SKIP","floor":42},{"not_picked":["Clash+1","Reckless Charge+1"],"picked":"Flex+1","floor":45},{"not_picked":["Feed","Twin Strike+1","Shrug It Off"],"picked":"SKIP","floor":46},{"not_picked":["Spot Weakness","Limit Break","Pummel+1"],"picked":"SKIP","floor":47},{"not_picked":["Cleave+1","Twin Strike+1","Armaments"],"picked":"SKIP","floor":48}],"player_experience":94146,"relics_obtained":[{"floor":7,"key":"Orichalcum"},{"floor":9,"key":"Smiling Mask"},{"floor":12,"key":"Meat on the Bone"},{"floor":26,"key":"Omamori"},{"floor":27,"key":"Necronomicon"},{"floor":43,"key":"Kunai"},{"floor":47,"key":"Pear"}],"event_choices":[{"cards_removed":["Strike_R"],"damage_healed":0,"gold_gain":0,"player_choice":"Forget","damage_taken":0,"max_hp_gain":0,"max_hp_loss":0,"event_name":"Living Wall","floor":2,"gold_loss":0},{"damage_healed":0,"gold_gain":0,"player_choice":"Take Damage","damage_taken":20,"relics_obtained":["Golden Idol"],"max_hp_gain":0,"max_hp_loss":0,"event_name":"Golden Idol","floor":4,"gold_loss":0},{"damage_healed":0,"gold_gain":99,"player_choice":"Stole From Cult","damage_taken":0,"max_hp_gain":0,"max_hp_loss":0,"event_name":"Nest","floor":19,"gold_loss":0},{"damage_healed":0,"gold_gain":0,"player_choice":"Gave Idol","damage_taken":0,"relics_obtained":["Bloody Idol"],"max_hp_gain":0,"max_hp_loss":0,"event_name":"Forgotten Altar","floor":20,"relics_lost":["Golden Idol"],"gold_loss":0},{"damage_healed":0,"gold_gain":0,"player_choice":"Opened","damage_taken":0,"relics_obtained":["Happy Flower"],"max_hp_gain":0,"max_hp_loss":0,"event_name":"The Mausoleum","floor":24,"gold_loss":0},{"damage_healed":0,"gold_gain":0,"player_choice":"Ignored","damage_taken":0,"max_hp_gain":0,"max_hp_loss":0,"event_name":"Vampires","floor":25,"gold_loss":0},{"damage_healed":0,"gold_gain":0,"player_choice":"Obtained Book","damage_taken":16,"max_hp_gain":0,"max_hp_loss":0,"event_name":"Cursed Tome","floor":27,"gold_loss":0},{"damage_healed":0,"gold_gain":0,"player_choice":"Memory 1","damage_taken":0,"max_hp_gain":0,"max_hp_loss":0,"event_name":"SensoryStone","floor":36,"gold_loss":0},{"damage_healed":0,"gold_gain":0,"player_choice":"Copied","damage_taken":0,"max_hp_gain":0,"max_hp_loss":0,"event_name":"Duplicator","floor":38,"gold_loss":0,"cards_obtained":["Seeing Red"]},{"cards_removed":["Strike_R"],"damage_healed":0,"gold_gain":0,"player_choice":"Removed Attack","damage_taken":0,"max_hp_gain":0,"max_hp_loss":0,"event_name":"Falling","floor":44,"gold_loss":0}],"is_beta":false,"boss_relics":[{"not_picked":["Calling Bell","Lizard Tail"],"picked":"Ectoplasm"},{"not_picked":["Philosopher\u0027s Stone","Tiny House"],"picked":"Fusion Hammer"}],"items_purged_floors":[29,39],"is_endless":false,"potions_floor_spawned":[5,8,13,16,18,22,28,31,33,35,41,42,48],"ascension_level":1}