{"gold_per_floor":[119,119,119,47,47,47,80,97,97,97,111,111,40,40,40,136,136,152,166,185,185],"floor_reached":21,"playtime":770,"items_purged":[],"score":186,"play_id":"82616110-6a9a-4c34-ba87-d06f02aee2ea","local_time":"20181210183217","is_ascension_mode":true,"campfire_choices":[{"data":"Rip and Tear","floor":6,"key":"SMITH"},{"data":"Self Repair","floor":10,"key":"SMITH"},{"data":"Zap","floor":12,"key":"SMITH"},{"data":"Defend_B","floor":15,"key":"SMITH"}],"neow_cost":"NONE","seed_source_timestamp":2322832915816852,"circlet_count":0,"master_deck":["Strike_B","Strike_B","Defend_B+1","Defend_B","Defend_B","Zap+1","Dualcast","Sweeping Beam+1","Rip and Tear+1","Self Repair+1","Gash","Hello World+1","Echo Form","Leap"],"relics":["Black Star","Boot","Omamori","Bronze Scales","Empty Cage"],"potions_floor_usage":[16],"damage_taken":[{"damage":4,"enemies":"Jaw Worm","floor":1,"turns":4},{"damage":15,"enemies":"3 Sentries","floor":7,"turns":6},{"damage":0,"enemies":"Cultist","floor":8,"turns":2},{"damage":1,"enemies":"2 Louse","floor":11,"turns":2},{"damage":33,"enemies":"Slime Boss","floor":16,"turns":7},{"damage":2,"enemies":"3 Byrds","floor":18,"turns":3},{"damage":35,"enemies":"Shell Parasite","floor":19,"turns":6},{"damage":28,"enemies":"Shelled Parasite and Fungi","floor":20,"turns":6},{"damage":39,"enemies":"Centurion and Healer","floor":21,"turns":5}],"seed_played":"471640730344005887","potions_obtained":[{"floor":7,"key":"Fire Potion"},{"floor":8,"key":"Poison Potion"},{"floor":11,"key":"SpeedPotion"},{"floor":16,"key":"Explosive Potion"},{"floor":18,"key":"AttackPotion"}],"is_trial":false,"path_per_floor":["M","?","?","$","?","R","E","M","T","R","M","R","$","?","R","B",null,"M","M","M","M"],"character_chosen":"DEFECT","items_purchased":["Rip and Tear","Hello World"],"campfire_rested":0,"item_purchase_floors":[4,13],"current_hp_per_floor":[71,64,64,64,64,64,49,49,49,49,58,58,58,58,58,35,75,75,50,32,0],"gold":185,"neow_bonus":"BOSS_RELIC","is_prod":false,"is_daily":false,"chose_seed":false,"campfire_upgraded":4,"win_rate":0,"timestamp":1544488337,"path_taken":["M","?","?","$","?","R","E","M","T","R","?","R","?","?","R","BOSS","M","?","M","?"],"build_version":"2018-12-06","purchased_purges":0,"victory":false,"max_hp_per_floor":[75,75,75,75,75,75,75,75,75,75,75,75,75,75,75,75,75,75,75,75,75],"card_choices":[{"not_picked":["Rebound","Redo"],"picked":"Sweeping Beam","floor":1},{"not_picked":["Doom and Gloom","Streamline","Genetic Algorithm"],"picked":"SKIP","floor":7},{"not_picked":["Cold Snap","Steam"],"picked":"Self Repair","floor":8},{"not_picked":["Streamline","Ball Lightning"],"picked":"Gash","floor":11},{"not_picked":["Reboot","Buffer"],"picked":"Echo Form","floor":16},{"not_picked":["Streamline","Undo","Storm+1"],"picked":"SKIP","floor":18},{"not_picked":["Conserve Battery","Heatsinks+1"],"picked":"Leap","floor":19},{"not_picked":["Rebound","Turbo+1","Aggregate"],"picked":"SKIP","floor":20}],"player_experience":251132,"relics_obtained":[{"floor":7,"key":"Boot"},{"floor":7,"key":"Omamori"},{"floor":9,"key":"Bronze Scales"}],"event_choices":[{"cards_removed":["Strike_B"],"damage_healed":0,"gold_gain":0,"player_choice":"Card Removal","damage_taken":7,"max_hp_gain":0,"max_hp_loss":0,"event_name":"Golden Wing","floor":2,"gold_loss":0},{"damage_healed":0,"gold_gain":0,"player_choice":"Grow","damage_taken":0,"max_hp_gain":0,"max_hp_loss":0,"event_name":"Living Wall","floor":3,"gold_loss":0,"cards_upgraded":["Sweeping Beam"]},{"damage_healed":0,"gold_gain":0,"player_choice":"Leave","damage_taken":0,"max_hp_gain":0,"max_hp_loss":0,"event_name":"The Cleric","floor":5,"gold_loss":0},{"damage_healed":0,"gold_gain":0,"player_choice":"Upgraded","damage_taken":0,"max_hp_gain":0,"max_hp_loss":0,"event_name":"Upgrade Shrine","floor":14,"gold_loss":0,"cards_upgraded":["Hello World"]}],"is_beta":false,"boss_relics":[{"not_picked":["Ectoplasm","Snecko Eye"],"picked":"Empty Cage"}],"items_purged_floors":[],"is_endless":false,"potions_floor_spawned":[7,8,11,16,18],"killed_by":"Centurion and Healer","ascension_level":1}