{"gold_per_floor":[115,161,161,171,191,191,216,216,216,216,16,29,42,53,53,152,152,139,64,64,84,97,97,111,111,160,189,288,288,298,43,43,142,142,156,156,156,172,172,172,33,33,33,48,83,100,100,120,120,120],"floor_reached":51,"playtime":4298,"items_purged":["Strike_B","Strike_B","Defend_B"],"score":769,"play_id":"a468824e-4955-45c5-b0e5-1ce1850480e3","local_time":"20190131104939","is_ascension_mode":true,"campfire_choices":[{"data":"Defragment","floor":6,"key":"SMITH"},{"data":"Barrage","floor":8,"key":"SMITH"},{"data":"Dualcast","floor":10,"key":"SMITH"},{"data":"Conserve Battery","floor":15,"key":"SMITH"},{"data":"Fission","floor":23,"key":"SMITH"},{"data":"Seek","floor":25,"key":"SMITH"},{"data":"Hologram","floor":32,"key":"SMITH"},{"data":"Darkness","floor":40,"key":"SMITH"},{"data":"Capacitor","floor":42,"key":"SMITH"},{"data":"Loop","floor":47,"key":"SMITH"},{"floor":49,"key":"REST"}],"neow_cost":"NONE","seed_source_timestamp":586392761311066,"circlet_count":0,"master_deck":["Strike_B+1","Defend_B","Defend_B+1","Zap","Dualcast+1","Glacier+1","Defragment+1","Gash+1","Barrage+1","Darkness+1","Seek+1","Conserve Battery+1","Fission+1","Capacitor+1","Hologram+1","Defragment+1","Coolheaded+1","Heatsinks+1","Electrodynamics","Compile Driver","Barrage+1","Loop+1","Undo+1"],"relics":["FrozenCore","Regal Pillow","Kunai","Mango","Runic Capacitor","Sozu","Whetstone","Oddly Smooth Stone","Membership Card","Vajra","War Paint","Gremlin Horn"],"potions_floor_usage":[33,44],"damage_taken":[{"damage":0,"enemies":"Cultist","floor":1,"turns":4},{"damage":8,"enemies":"Small Slimes","floor":4,"turns":4},{"damage":6,"enemies":"2 Louse","floor":5,"turns":2},{"damage":18,"enemies":"3 Sentries","floor":7,"turns":8},{"damage":0,"enemies":"2 Fungi Beasts","floor":12,"turns":3},{"damage":0,"enemies":"Looter","floor":13,"turns":2},{"damage":0,"enemies":"Large Slime","floor":14,"turns":4},{"damage":11,"enemies":"The Guardian","floor":16,"turns":10},{"damage":9,"enemies":"2 Thieves","floor":18,"turns":4},{"damage":4,"enemies":"Spheric Guardian","floor":21,"turns":4},{"damage":0,"enemies":"Shelled Parasite and Fungi","floor":22,"turns":6},{"damage":2,"enemies":"Centurion and Healer","floor":24,"turns":9},{"damage":15,"enemies":"Slavers","floor":27,"turns":6},{"damage":0,"enemies":"3 Cultists","floor":30,"turns":5},{"damage":33,"enemies":"Automaton","floor":33,"turns":7},{"damage":0,"enemies":"3 Shapes","floor":35,"turns":3},{"damage":0,"enemies":"3 Darklings","floor":38,"turns":4},{"damage":0,"enemies":"Spire Growth","floor":44,"turns":4},{"damage":10,"enemies":"Nemesis","floor":45,"turns":6},{"damage":0,"enemies":"Maw","floor":46,"turns":6},{"damage":1,"enemies":"Sphere and 2 Shapes","floor":48,"turns":6},{"damage":29,"enemies":"Donu and Deca","floor":50,"turns":7}],"seed_played":"1423422712402074652","potions_obtained":[{"floor":1,"key":"Ancient Potion"},{"floor":13,"key":"AttackPotion"}],"is_trial":false,"path_per_floor":["M","T","?","M","M","R","E","R","T","R","$","M","M","M","R","B",null,"M","$","?","M","M","R","M","R","T","E","?","?","M","$","R","B",null,"M","?","?","M","$","R","$","R","T","M","E","M","R","M","R","B",null],"character_chosen":"DEFECT","items_purchased":["Runic Capacitor","Membership Card","Vajra"],"campfire_rested":1,"item_purchase_floors":[11,31,41],"current_hp_per_floor":[82,82,82,74,68,68,50,50,64,64,64,64,64,64,64,53,96,87,87,87,83,83,83,81,81,81,66,66,66,66,66,66,33,96,96,96,96,96,96,96,96,96,96,96,86,86,86,85,96,67],"gold":120,"neow_bonus":"TEN_PERCENT_HP_BONUS","is_prod":false,"is_daily":false,"chose_seed":false,"campfire_upgraded":10,"win_rate":1,"timestamp":1548953379,"path_taken":["M","?","?","?","M","R","E","R","T","R","$","M","M","M","R","BOSS","M","?","?","?","M","R","M","R","T","E","?","?","M","$","R","BOSS","M","?","?","M","$","R","$","R","T","M","E","?","R","M","R","BOSS"],"build_version":"2019-01-23","purchased_purges":3,"victory":true,"max_hp_per_floor":[82,82,82,82,82,82,82,82,96,96,96,96,96,96,96,96,96,96,96,96,96,96,96,96,96,96,96,96,96,96,96,96,96,96,96,96,96,96,96,96,96,96,96,96,96,96,96,96,96,96],"card_choices":[{"not_picked":["Hello World","Redo"],"picked":"Glacier","floor":1},{"not_picked":["White Noise","Loop"],"picked":"Defragment","floor":4},{"not_picked":["Barrage","White Noise"],"picked":"Gash","floor":5},{"not_picked":["Redo","Leap"],"picked":"Barrage","floor":7},{"not_picked":["Double Energy","Go for the Eyes"],"picked":"Darkness","floor":12},{"not_picked":["Leap","Turbo"],"picked":"Seek","floor":13},{"not_picked":["Gash","Auto Shields"],"picked":"Conserve Battery","floor":14},{"not_picked":["Seek","Amplify"],"picked":"Fission","floor":16},{"not_picked":["Conserve Battery","Go for the Eyes+1"],"picked":"Capacitor","floor":18},{"not_picked":["Beam Cell","Sunder"],"picked":"Hologram","floor":21},{"not_picked":["Steam+1","Redo","Beam Cell"],"picked":"SKIP","floor":22},{"not_picked":["Darkness","Tempest"],"picked":"Defragment+1","floor":24},{"not_picked":["Leap","Redo"],"picked":"Coolheaded","floor":27},{"not_picked":["Steam","Ball Lightning"],"picked":"Heatsinks+1","floor":30},{"not_picked":["Amplify","Multi-Cast"],"picked":"Electrodynamics","floor":33},{"not_picked":["Cold Snap","Conserve Battery"],"picked":"Compile Driver","floor":35},{"not_picked":["Double Energy","Rebound"],"picked":"Barrage+1","floor":38},{"not_picked":["Compile Driver+1","Cold Snap+1"],"picked":"Loop","floor":44},{"not_picked":["Turbo+1","Ball Lightning+1"],"picked":"Undo+1","floor":45},{"not_picked":["Leap+1","Chill","Conserve Battery"],"picked":"SKIP","floor":46},{"not_picked":["Aggregate+1","Steam","Compile Driver"],"picked":"SKIP","floor":48}],"player_experience":60376,"relics_obtained":[{"floor":2,"key":"Regal Pillow"},{"floor":7,"key":"Kunai"},{"floor":9,"key":"Mango"},{"floor":26,"key":"Whetstone"},{"floor":27,"key":"Oddly Smooth Stone"},{"floor":43,"key":"War Paint"},{"floor":45,"key":"Gremlin Horn"}],"event_choices":[{"cards_removed":["Defend_B"],"damage_healed":0,"gold_gain":0,"player_choice":"Purged","damage_taken":0,"max_hp_gain":0,"max_hp_loss":0,"event_name":"Purifier","floor":3,"gold_loss":0},{"cards_removed":["Strike_B"],"damage_healed":0,"gold_gain":0,"player_choice":"Purged","damage_taken":0,"max_hp_gain":0,"max_hp_loss":0,"event_name":"Purifier","floor":20,"gold_loss":0},{"damage_healed":0,"gold_gain":99,"player_choice":"Stole From Cult","damage_taken":0,"max_hp_gain":0,"max_hp_loss":0,"event_name":"Nest","floor":28,"gold_loss":0},{"damage_healed":0,"gold_gain":0,"player_choice":"Ignored","damage_taken":0,"max_hp_gain":0,"max_hp_loss":0,"event_name":"Vampires","floor":29,"gold_loss":0},{"damage_healed":0,"gold_gain":0,"player_choice":"Ignored","damage_taken":0,"max_hp_gain":0,"max_hp_loss":0,"event_name":"Mysterious Sphere","floor":36,"gold_loss":0},{"damage_healed":0,"gold_gain":0,"player_choice":"Upgraded","damage_taken":0,"max_hp_gain":0,"max_hp_loss":0,"event_name":"Upgrade Shrine","floor":37,"gold_loss":0,"cards_upgraded":["Coolheaded"]}],"is_beta":false,"boss_relics":[{"not_picked":["White Beast Statue","Lizard Tail"],"picked":"Sozu"},{"not_picked":["Orrery","Black Star"],"picked":"FrozenCore"}],"items_purged_floors":[19,31,41],"is_endless":false,"potions_floor_spawned":[1,13,18,22,38,45,46,48],"ascension_level":3}