{"gold_per_floor":[118,118,137,150,163,196,196,221,291,11,30,42,42,62,62,165,165,151,61,61,80,7,7,42,54,54,80,94,111,121,140,140,239,239,257,41,52,106,125,125,0,10,10,10,30,30,7,25,25,25],"floor_reached":51,"playtime":4974,"items_purged":["Defend_G"],"score":1042,"play_id":"5ae56898-0cad-422f-b165-f69732d4063c","local_time":"20181011035912","is_ascension_mode":true,"campfire_choices":[{"floor":7.0,"key":"REST"},{"floor":13.0,"key":"REST"},{"floor":15.0,"key":"REST"},{"floor":23.0,"key":"DIG"},{"floor":32.0,"key":"REST"},{"floor":40,"key":"REST"},{"floor":44,"key":"DIG"},{"floor":46,"key":"DIG"},{"floor":49,"key":"REST"}],"neow_cost":"NONE","seed_source_timestamp":0,"circlet_count":0,"master_deck":["Defend_G","Defend_G","Defend_G","Defend_G+1","Strike_G","Strike_G","Strike_G","Strike_G","Strike_G","Survivor","Neutralize","Dash","Cloak And Dagger","Backflip+1","Deadly Poison","After Image","Malaise","Dodge and Roll","Cloak And Dagger","Backflip","Corpse Explosion","Dodge and Roll+1","Well Laid Plans","Backflip","Catalyst+1","PiercingWail+1","Cloak And Dagger+1","Deadly Poison+1","Terror+1","A Thousand Cuts","Deadly Poison+1","Panache","Well Laid Plans","Blur+1","Deadly Poison+1","Noxious Fumes","A Thousand Cuts","Backflip+1"],"special_seed":0,"relics":["Ring of the Snake","Omamori","Shovel","Mango","War Paint","Singing Bowl","Membership Card","Sozu","Lantern","Snake Skull","Prayer Wheel","Art of War","Centennial Puzzle","Toxic Egg 2","Fusion Hammer","TheAbacus","Torii","Red Mask","Boot","Oddly Smooth Stone","Anchor"],"potions_floor_usage":[33],"damage_taken":[{"damage":0.0,"enemies":"Cultist","floor":1.0,"turns":4.0},{"damage":0.0,"enemies":"Jaw Worm","floor":3.0,"turns":4.0},{"damage":2.0,"enemies":"Small Slimes","floor":4.0,"turns":4.0},{"damage":9.0,"enemies":"2 Fungi Beasts","floor":5.0,"turns":7.0},{"damage":25.0,"enemies":"3 Sentries","floor":6.0,"turns":12.0},{"damage":47.0,"enemies":"Gremlin Nob","floor":8.0,"turns":5.0},{"damage":8.0,"enemies":"3 Louse","floor":11.0,"turns":6.0},{"damage":3.0,"enemies":"Large Slime","floor":12.0,"turns":8.0},{"damage":9.0,"enemies":"Exordium Thugs","floor":14.0,"turns":8.0},{"damage":23.0,"enemies":"The Guardian","floor":16.0,"turns":13.0},{"damage":13.0,"enemies":"2 Thieves","floor":18.0,"turns":4.0},{"damage":0.0,"enemies":"Shell Parasite","floor":21.0,"turns":9.0},{"damage":17.0,"enemies":"Gremlin Leader","floor":24.0,"turns":8.0},{"damage":7.0,"enemies":"Snecko","floor":25.0,"turns":7.0},{"damage":0.0,"enemies":"Book of Stabbing","floor":27.0,"turns":9.0},{"damage":13.0,"enemies":"Shelled Parasite and Fungi","floor":28.0,"turns":6.0},{"damage":6.0,"enemies":"Centurion and Healer","floor":29.0,"turns":6.0},{"damage":0.0,"enemies":"Cultist and Chosen","floor":30.0,"turns":5.0},{"damage":16.0,"enemies":"Snecko","floor":31.0,"turns":8.0},{"damage":40,"enemies":"Collector","floor":33,"turns":13},{"damage":5,"enemies":"Orb Walker","floor":35,"turns":5},{"damage":0,"enemies":"3 Shapes","floor":37,"turns":5},{"damage":22,"enemies":"Mysterious Sphere","floor":38,"turns":5},{"damage":0,"enemies":"Transient","floor":39,"turns":5},{"damage":9,"enemies":"Reptomancer","floor":42,"turns":4},{"damage":6,"enemies":"Maw","floor":45,"turns":5},{"damage":21,"enemies":"Spire Growth","floor":48,"turns":4},{"damage":48,"enemies":"Awakened One","floor":50,"turns":12}],"seed_played":"263794871735375483","potions_obtained":[{"floor":3.0,"key":"SkillPotion"},{"floor":4.0,"key":"Regen Potion"},{"floor":12.0,"key":"SteroidPotion"},{"floor":14.0,"key":"PowerPotion"},{"floor":16.0,"key":"Block Potion"}],"is_trial":false,"path_per_floor":["M","?","M","M","M","E","R","E","T","$","M","M","R","M","R","B",null,"M","$","?","M","$","R","E","M","T","E","M","M","M","M","R","B",null,"M","$","M","?","M","R","?","M","T","R","M","R","$","M","R","B"],"character_chosen":"THE_SILENT","items_purchased":["Membership Card","Malaise","Dodge and Roll","Well Laid Plans","Backflip","Snake Skull","TheAbacus","Panache","Well Laid Plans","Backflip+1"],"campfire_rested":6,"item_purchase_floors":[10,10,10,19,19,22,36,36,36,47],"current_hp_per_floor":[63,45,45,43,34,38,63,16,16,16,10,7,32,23,48,25,71,58,58,58,60,60,60,45,42,42,42,29,23,27,15,45,5,78,75,75,77,55,59,92,92,85,85,85,81,81,81,64,99,51],"gold":25,"neow_bonus":"RANDOM_COMMON_RELIC","is_prod":false,"is_daily":false,"chose_seed":false,"campfire_upgraded":0,"win_rate":0,"timestamp":1539244752,"path_taken":["M","?","?","M","M","E","R","E","T","$","M","M","R","M","R","BOSS","M","$","?","M","$","R","E","?","T","E","M","M","M","M","R","BOSS","M","$","?","?","M","R","?","?","T","R","?","R","$","M","R","BOSS"],"build_version":"2018-10-04v2","purchased_purges":1,"victory":true,"max_hp_per_floor":[70,70,70,70,70,84,84,84,84,84,86,86,86,86,86,86,86,86,86,86,88,88,88,90,94,94,94,94,94,98,102,102,102,102,104,104,106,106,110,110,110,112,112,112,114,114,114,118,118,118],"card_choices":[{"not_picked":["Blade Dance","Tactician"],"picked":"Dash","floor":1.0},{"not_picked":["Slice","PiercingWail"],"picked":"Cloak And Dagger","floor":3.0},{"not_picked":["Quick Slash","Blade Dance"],"picked":"Backflip","floor":4.0},{"not_picked":["Wraith Form v2","Setup","Slice"],"picked":"SKIP","floor":5.0},{"not_picked":["Choke","Reflex"],"picked":"Deadly Poison","floor":6.0},{"not_picked":["Well Laid Plans","Bane"],"picked":"After Image","floor":8.0},{"not_picked":["Calculated Gamble","Cloak And Dagger","Dodge and Roll"],"picked":"Singing Bowl","floor":11.0},{"not_picked":["Outmaneuver","Reflex"],"picked":"Cloak And Dagger","floor":12.0},{"not_picked":["Blade Dance","Sucker Punch"],"picked":"Backflip","floor":14.0},{"not_picked":["Die Die Die","A Thousand Cuts"],"picked":"Corpse Explosion","floor":16.0},{"not_picked":["Eviscerate","Dagger Spray"],"picked":"Dodge and Roll+1","floor":18.0},{"not_picked":["Poisoned Stab","Bane","Calculated Gamble+1"],"picked":"Singing Bowl","floor":21.0},{"not_picked":["Caltrops","Infinite Blades","Dodge and Roll"],"picked":"Singing Bowl","floor":24.0},{"not_picked":["Underhanded Strike","Slice","Infinite Blades"],"picked":"Singing Bowl","floor":25.0},{"not_picked":["Cloak And Dagger","Skewer","Distraction"],"picked":"Singing Bowl","floor":25.0},{"not_picked":["Poisoned Stab","Calculated Gamble"],"picked":"Catalyst+1","floor":27.0},{"not_picked":["Wraith Form v2","Dagger Throw"],"picked":"PiercingWail+1","floor":28.0},{"not_picked":["Concentrate+1","Prepared+1"],"picked":"Cloak And Dagger+1","floor":28.0},{"not_picked":["Calculated Gamble+1","Dagger Spray"],"picked":"Deadly Poison+1","floor":29.0},{"not_picked":["Underhanded Strike","Infinite Blades+1"],"picked":"Terror+1","floor":29.0},{"not_picked":["Dagger Throw+1","Prepared+1","Envenom"],"picked":"Singing Bowl","floor":30.0},{"not_picked":["Expertise+1","Bane","Reflex+1"],"picked":"Singing Bowl","floor":30.0},{"not_picked":["Backflip+1","Endless Agony","PiercingWail+1"],"picked":"Singing Bowl","floor":31.0},{"not_picked":["Dodge and Roll+1","Cloak And Dagger+1","Slice+1"],"picked":"Singing Bowl","floor":31.0},{"not_picked":["Venomology+1","Envenom"],"picked":"A Thousand Cuts","floor":33},{"not_picked":["Acrobatics+1","Endless Agony","Caltrops+1"],"picked":"Singing Bowl","floor":35},{"not_picked":["Sucker Punch+1","Blade Dance+1"],"picked":"Deadly Poison+1","floor":35},{"not_picked":["Dagger Spray","Predator","Skewer+1"],"picked":"Singing Bowl","floor":37},{"not_picked":["Acrobatics+1","Tools of the Trade"],"picked":"Blur+1","floor":37},{"not_picked":["Blade Dance+1","Tactician+1"],"picked":"Deadly Poison+1","floor":38},{"not_picked":["Backstab","Outmaneuver+1","Setup+1"],"picked":"Singing Bowl","floor":39},{"not_picked":["Blade Dance+1","Acrobatics+1","Bane+1"],"picked":"Singing Bowl","floor":39},{"not_picked":["Quick Slash+1","Dagger Spray+1"],"picked":"Noxious Fumes","floor":42},{"not_picked":["Skewer+1","Acrobatics+1","Deflect+1"],"picked":"Singing Bowl","floor":42},{"not_picked":["Sucker Punch+1","Finisher"],"picked":"A Thousand Cuts","floor":45},{"not_picked":["Dagger Spray+1","Flying Knee+1","Dagger Throw"],"picked":"Singing Bowl","floor":45},{"not_picked":["Endless Agony","Sucker Punch","Flying Knee"],"picked":"Singing Bowl","floor":48},{"not_picked":["Slice+1","Concentrate+1","Cloak And Dagger+1"],"picked":"Singing Bowl","floor":48}],"player_experience":103534,"relics_obtained":[{"floor":6.0,"key":"Mango"},{"floor":8.0,"key":"War Paint"},{"floor":9.0,"key":"Singing Bowl"},{"floor":23.0,"key":"Prayer Wheel"},{"floor":24.0,"key":"Art of War"},{"floor":26.0,"key":"Centennial Puzzle"},{"floor":27.0,"key":"Toxic Egg 2"},{"floor":38,"key":"Torii"},{"floor":43,"key":"Boot"},{"floor":44,"key":"Oddly Smooth Stone"},{"floor":46,"key":"Anchor"}],"event_choices":[{"event_name":"Scrap Ooze","player_choice":"success","floor":2.0,"damage_taken":18.0},{"event_name":"The Mausoleum","player_choice":"Yes","floor":20.0,"damage_taken":0.0},{"event_name":"Mysterious Sphere","player_choice":"Fight","floor":38,"damage_taken":0},{"event_name":"Tomb of Lord Red Mask","player_choice":"Paid","floor":41,"damage_taken":0}],"is_beta":false,"boss_relics":[{"not_picked":["Busted Crown","Pandora\u0027s Box"],"picked":"Sozu"},{"not_picked":["Runic Pyramid","Tiny House"],"picked":"Fusion Hammer"}],"items_purged_floors":[19],"is_endless":false,"potions_floor_spawned":[3,4,12,14,16,18,24,27,28,29,33,35,39,42],"ascension_level":6}