{"gold_per_floor":[113,38,38,53,53,91,107,142,188,188],"floor_reached":10,"playtime":359,"items_purged":[],"score":192,"play_id":"3d084aa4-f0be-453b-8c79-2cdc73dd72d2","local_time":"20190628185415","is_ascension_mode":true,"campfire_choices":[],"neow_cost":"NONE","seed_source_timestamp":9390168038187,"circlet_count":0,"master_deck":["AscendersBane","Defend_G","Defend_G","Defend_G","Defend_G","Strike_G","Strike_G+1","Strike_G","Strike_G+1","Strike_G","Survivor","Neutralize","PiercingWail","Malaise","Dagger Spray"],"relics":["Ring of the Snake","NeowsBlessing","Golden Idol","Darkstone Periapt","Boot","Anchor"],"potions_floor_usage":[10,10],"damage_taken":[{"damage":0,"enemies":"2 Louse","floor":1,"turns":1},{"damage":0,"enemies":"Jaw Worm","floor":4,"turns":1},{"damage":0,"enemies":"Lagavulin","floor":6,"turns":1},{"damage":0,"enemies":"Cultist","floor":7,"turns":4},{"damage":39,"enemies":"3 Sentries","floor":8,"turns":11},{"damage":14,"enemies":"Lagavulin","floor":10,"turns":6}],"seed_played":"1881705263161198203","potions_obtained":[{"floor":7,"key":"GhostInAJar"},{"floor":8,"key":"LiquidBronze"}],"is_trial":false,"path_per_floor":["M","?","?","M","?","E","M","E","T","E"],"character_chosen":"THE_SILENT","items_purchased":[],"campfire_rested":0,"item_purchase_floors":[],"current_hp_per_floor":[59,59,59,59,41,41,41,2,2,0],"gold":188,"neow_bonus":"THREE_ENEMY_KILL","is_prod":false,"is_daily":false,"chose_seed":false,"campfire_upgraded":0,"win_rate":0,"timestamp":1561766055,"path_taken":["M","?","?","M","?","E","M","E","T","E"],"build_version":"2019-01-23","purchased_purges":0,"victory":false,"max_hp_per_floor":[66,66,60,60,60,60,60,60,60,60],"card_choices":[{"not_picked":["Deflect","Flying Knee"],"picked":"PiercingWail","floor":1},{"not_picked":["Dodge and Roll","Catalyst"],"picked":"Malaise","floor":4},{"not_picked":["Heel Hook","Blade Dance"],"picked":"Dagger Spray","floor":6},{"not_picked":["Acrobatics","Eviscerate","Infinite Blades"],"picked":"SKIP","floor":7},{"not_picked":["Expertise","Bane","Dagger Spray"],"picked":"SKIP","floor":8}],"player_experience":674279,"relics_obtained":[{"floor":6,"key":"Darkstone Periapt"},{"floor":8,"key":"Boot"},{"floor":9,"key":"Anchor"}],"event_choices":[{"cards_removed":["Defend_G"],"damage_healed":0,"gold_gain":0,"player_choice":"Card Removal","damage_taken":0,"max_hp_gain":0,"max_hp_loss":0,"event_name":"The Cleric","floor":2,"gold_loss":75},{"damage_healed":0,"gold_gain":0,"player_choice":"Lose Max HP","damage_taken":0,"relics_obtained":["Golden Idol"],"max_hp_gain":0,"max_hp_loss":6,"event_name":"Golden Idol","floor":3,"gold_loss":0},{"damage_healed":0,"gold_gain":0,"player_choice":"Entered Light","damage_taken":18,"max_hp_gain":0,"max_hp_loss":0,"event_name":"Shining Light","floor":5,"gold_loss":0,"cards_upgraded":["Strike_G","Strike_G"]}],"is_beta":false,"boss_relics":[],"items_purged_floors":[],"is_endless":false,"potions_floor_spawned":[7,8],"killed_by":"Lagavulin","ascension_level":18}