{"gold_per_floor":[211,224,270,281,296,322,322,292,292,292,64,81,92,117,117,219,219,201,201,300,316,331,331,256,256,279,279,312,312,312,329,329,329],"floor_reached":33,"playtime":1909,"items_purged":["Strike_R"],"score":300,"play_id":"d364b54f-bd12-484b-84c7-b6526d7997ea","local_time":"20181125225851","is_ascension_mode":false,"campfire_choices":[{"data":"Whirlwind","floor":7,"key":"SMITH"},{"data":"Shrug It Off","floor":10,"key":"SMITH"},{"floor":15,"key":"REST"},{"floor":23,"key":"REST"},{"data":"Rage","floor":25,"key":"SMITH"},{"floor":27,"key":"REST"},{"data":"Anger","floor":32,"key":"SMITH"}],"neow_cost":"NONE","seed_source_timestamp":1041682727500771,"circlet_count":0,"master_deck":["Defend_R+1","Defend_R+1","Defend_R+1","Defend_R+1","Bash+1","Shrug It Off+1","Thunderclap","Twin Strike","Anger+1","Whirlwind+1","Whirlwind","Impervious","Seeing Red","Feed","Rage+1","True Grit+1","Twin Strike+1","Immolate","Bite","Bite","Bite","Bite","Bite","Battle Trance"],"relics":["Burning Blood","PreservedInsect","Bag of Marbles","Question Card","Whetstone","Kunai","Empty Cage","Pen Nib","Smiling Mask"],"potions_floor_usage":[6,16,16,16],"damage_taken":[{"damage":12,"enemies":"Cultist","floor":1,"turns":5},{"damage":3,"enemies":"Jaw Worm","floor":2,"turns":5},{"damage":0,"enemies":"Small Slimes","floor":4,"turns":2},{"damage":12,"enemies":"Looter","floor":5,"turns":4},{"damage":29,"enemies":"Lagavulin","floor":6,"turns":7},{"damage":0,"enemies":"3 Louse","floor":12,"turns":2},{"damage":14,"enemies":"Large Slime","floor":13,"turns":3},{"damage":14,"enemies":"Gremlin Nob","floor":14,"turns":3},{"damage":41,"enemies":"Hexaghost","floor":16,"turns":13},{"damage":25,"enemies":"2 Thieves","floor":18,"turns":4},{"damage":28,"enemies":"Chosen","floor":21,"turns":10},{"damage":27,"enemies":"Snake Plant","floor":22,"turns":6},{"damage":7,"enemies":"Slavers","floor":28,"turns":4},{"damage":10,"enemies":"Snecko","floor":31,"turns":5},{"damage":95,"enemies":"Automaton","floor":33,"turns":12}],"seed_played":"-6701115216358862568","potions_obtained":[{"floor":1,"key":"Fire Potion"},{"floor":2,"key":"GamblersBrew"},{"floor":8,"key":"EssenceOfSteel"},{"floor":8,"key":"Regen Potion"}],"is_trial":false,"path_per_floor":["M","M","T","M","M","E","R","?","T","R","$","M","M","E","R","B",null,"M","?","?","M","M","R","?","R","T","R","E","?","?","M","R","B"],"character_chosen":"IRONCLAD","items_purchased":["Whetstone"],"campfire_rested":3,"item_purchase_floors":[11],"current_hp_per_floor":[74,77,77,80,74,51,51,51,51,51,51,57,49,41,65,45,80,61,61,61,39,18,42,42,42,42,66,68,58,58,58,58,0],"gold":329,"neow_bonus":"HUNDRED_GOLD","is_prod":false,"is_daily":false,"chose_seed":false,"campfire_upgraded":4,"win_rate":0,"timestamp":1543208331,"path_taken":["M","?","?","M","?","E","R","?","T","R","$","M","?","E","R","BOSS","M","?","?","M","M","R","?","R","T","R","E","?","?","M","R","BOSS"],"build_version":"2018-11-15","purchased_purges":1,"victory":false,"max_hp_per_floor":[80,80,80,80,80,80,80,80,80,80,80,80,80,80,80,80,80,80,80,80,80,80,80,80,80,80,80,83,58,58,58,58,58],"card_choices":[{"not_picked":["Second Wind","Anger"],"picked":"Shrug It Off","floor":1},{"not_picked":["Infernal Blade","True Grit"],"picked":"Thunderclap","floor":2},{"not_picked":["Heavy Blade","Feel No Pain"],"picked":"Twin Strike","floor":4},{"not_picked":["Dual Wield","Wild Strike"],"picked":"Anger","floor":5},{"not_picked":["Warcry","Iron Wave"],"picked":"Whirlwind","floor":6},{"not_picked":["Twin Strike","Perfected Strike","Burning Pact"],"picked":"Whirlwind","floor":12},{"not_picked":["Disarm","Heavy Blade","Power Through"],"picked":"Impervious","floor":13},{"not_picked":["Infernal Blade","Wild Strike","Entrench"],"picked":"Seeing Red","floor":14},{"not_picked":["Exhume","Dark Embrace","Juggernaut"],"picked":"Feed","floor":16},{"not_picked":["Power Through","Anger","Dual Wield","Iron Wave"],"picked":"SKIP","floor":18},{"not_picked":["Cleave","Heavy Blade+1","Iron Wave"],"picked":"True Grit+1","floor":21},{"not_picked":["Clash","Second Wind","Power Through"],"picked":"Twin Strike+1","floor":22},{"not_picked":["Sentinel","Rupture","Ghostly Armor+1"],"picked":"Immolate","floor":28},{"not_picked":["Warcry+1","Intimidate","Rupture"],"picked":"Battle Trance","floor":31}],"player_experience":111837,"relics_obtained":[{"floor":3,"key":"PreservedInsect"},{"floor":6,"key":"Bag of Marbles"},{"floor":9,"key":"Question Card"},{"floor":14,"key":"Kunai"},{"floor":26,"key":"Pen Nib"},{"floor":28,"key":"Smiling Mask"}],"event_choices":[{"damage_healed":0,"gold_gain":0,"player_choice":"Bought 2 Potions","damage_taken":0,"max_hp_gain":0,"max_hp_loss":0,"event_name":"The Woman in Blue","floor":8,"gold_loss":0},{"damage_healed":0,"gold_gain":0,"player_choice":"Read","damage_taken":0,"max_hp_gain":0,"max_hp_loss":0,"event_name":"The Library","floor":19,"gold_loss":0,"cards_obtained":["Rage"]},{"damage_healed":0,"gold_gain":99,"player_choice":"Stole From Cult","damage_taken":0,"max_hp_gain":0,"max_hp_loss":0,"event_name":"Nest","floor":20,"gold_loss":0},{"cards_removed":["Strike_R"],"damage_healed":0,"gold_gain":0,"player_choice":"Gave Gold","damage_taken":0,"max_hp_gain":0,"max_hp_loss":0,"event_name":"Beggar","floor":24,"gold_loss":75},{"damage_healed":0,"gold_gain":0,"player_choice":"Became a vampire","damage_taken":0,"max_hp_gain":0,"max_hp_loss":25,"event_name":"Vampires","floor":29,"gold_loss":0,"cards_obtained":["Bite","Bite","Bite","Bite","Bite"]},{"damage_healed":0,"gold_gain":0,"player_choice":"Simplicity","damage_taken":0,"max_hp_gain":0,"max_hp_loss":0,"event_name":"Back to Basics","floor":30,"gold_loss":0,"cards_upgraded":["Defend_R","Defend_R","Defend_R","Defend_R"]}],"is_beta":false,"boss_relics":[{"not_picked":["Runic Cube","Coffee Dripper"],"picked":"Empty Cage"}],"items_purged_floors":[11],"is_endless":false,"potions_floor_spawned":[1,2,13],"killed_by":"Automaton","ascension_level":0}