{"gold_per_floor":[113,125,152,164,175,175,77,107,107,135,147,147,161,178,178,274,274,284,284,108,108,121,148,148,175,175,202,202,202,221,233,233,335,335,349,366,366,366,382,382,394,425,449,15,26,51,51,65,65,65],"floor_reached":51,"playtime":4705,"items_purged":["Strike_B","Strike_B","Turbo"],"score":1166,"play_id":"96b3111f-ff5d-470d-b0bb-d51c42663b52","local_time":"20191008163824","is_ascension_mode":true,"campfire_choices":[{"data":"Zap","floor":6.0,"key":"SMITH"},{"data":"Coolheaded","floor":15.0,"key":"SMITH"},{"data":"Seek","floor":24.0,"key":"SMITH"},{"data":"Loop","floor":28.0,"key":"SMITH"},{"data":"FTL","floor":32.0,"key":"SMITH"},{"data":"Buffer","floor":40,"key":"SMITH"},{"data":"Loop","floor":49,"key":"SMITH"}],"neow_cost":"NONE","seed_source_timestamp":0,"circlet_count":0,"master_deck":["Strike_B+1","Strike_B+1","Defend_B+1","Defend_B+1","Defend_B+1","Zap+1","Dualcast","Cold Snap","Compile Driver","Genetic Algorithm","FTL+1","Cold Snap","Biased Cognition","Ball Lightning","Coolheaded+1","Seek+1","Loop+1","Compile Driver+1","Coolheaded+1","Self Repair","Buffer+1","Redo+1","Consume","Loop+1","Go for the Eyes+1"],"special_seed":0,"relics":["Cracked Core","Vajra","Anchor","InkBottle","Toy Ornithopter","SlaversCollar","Enchiridion","Ornamental Fan","Ginger","StoneCalendar","Question Card","Philosopher\u0027s Stone","Art of War","Blood Vial","Prayer Wheel","Thread and Needle"],"potions_floor_usage":[39,46,50,50,50],"damage_taken":[{"damage":1.0,"enemies":"Cultist","floor":1.0,"turns":3.0},{"damage":7.0,"enemies":"Jaw Worm","floor":2.0,"turns":3.0},{"damage":0.0,"enemies":"Small Slimes","floor":4.0,"turns":2.0},{"damage":5.0,"enemies":"2 Fungi Beasts","floor":5.0,"turns":3.0},{"damage":6.0,"enemies":"Lagavulin","floor":8.0,"turns":7.0},{"damage":12.0,"enemies":"Gremlin Nob","floor":10.0,"turns":4.0},{"damage":0.0,"enemies":"Exordium Wildlife","floor":11.0,"turns":3.0},{"damage":0.0,"enemies":"Red Slaver","floor":13.0,"turns":2.0},{"damage":0.0,"enemies":"Looter","floor":14.0,"turns":2.0},{"damage":3.0,"enemies":"Slime Boss","floor":16.0,"turns":7.0},{"damage":2.0,"enemies":"Shell Parasite","floor":18.0,"turns":4.0},{"damage":0.0,"enemies":"3 Byrds","floor":22.0,"turns":4.0},{"damage":0.0,"enemies":"Gremlin Leader","floor":23.0,"turns":6.0},{"damage":2.0,"enemies":"Slavers","floor":25.0,"turns":4.0},{"damage":0.0,"enemies":"Gremlin Leader","floor":27.0,"turns":6.0},{"damage":0.0,"enemies":"3 Cultists","floor":30.0,"turns":2.0},{"damage":0.0,"enemies":"Shelled Parasite and Fungi","floor":31.0,"turns":5.0},{"damage":29.0,"enemies":"Champ","floor":33.0,"turns":10.0},{"damage":18.0,"enemies":"3 Darklings","floor":35.0,"turns":7.0},{"damage":0.0,"enemies":"Orb Walker","floor":36.0,"turns":3.0},{"damage":10,"enemies":"Jaw Worm Horde","floor":39,"turns":4},{"damage":0,"enemies":"Sphere and 2 Shapes","floor":41,"turns":4},{"damage":37,"enemies":"Reptomancer","floor":42,"turns":7},{"damage":0,"enemies":"3 Darklings","floor":45,"turns":7},{"damage":0,"enemies":"Giant Head","floor":46,"turns":8},{"damage":0,"enemies":"4 Shapes","floor":48,"turns":4},{"damage":19,"enemies":"Time Eater","floor":50,"turns":15}],"seed_played":"1300985827751116593","potions_obtained":[{"floor":0.0,"key":"Weak Potion"},{"floor":0.0,"key":"EssenceOfDarkness"},{"floor":0.0,"key":"Regen Potion"},{"floor":1.0,"key":"Fire Potion"},{"floor":8.0,"key":"Ancient Potion"},{"floor":11.0,"key":"FearPotion"},{"floor":14.0,"key":"Energy Potion"},{"floor":18.0,"key":"PowerPotion"},{"floor":25.0,"key":"Weak Potion"},{"floor":27.0,"key":"Swift Potion"},{"floor":36.0,"key":"Strength Potion"},{"floor":38.0,"key":"Dexterity Potion"},{"floor":42,"key":"Block Potion"},{"floor":46,"key":"Block Potion"}],"is_trial":false,"path_per_floor":["M","M","T","M","M","R","$","E","T","E","M","?","M","M","R","B",null,"M","?","$","?","M","E","R","E","T","E","R","$","M","M","R","B",null,"M","M","?","?","M","R","M","E","T","$","M","E","$","M","R","B",null],"character_chosen":"DEFECT","items_purchased":["Cold Snap","Loop","Prayer Wheel"],"campfire_rested":0,"item_purchase_floors":[7,20,44],"current_hp_per_floor":[67,60,60,60,55,55,55,61,61,49,49,34,34,34,34,36,65,63,47,47,47,47,47,47,45,45,55,55,55,55,55,55,33,65,54,61,61,61,63,63,70,40,40,40,56,70,70,72,72,73],"gold":65,"neow_bonus":"THREE_SMALL_POTIONS","is_prod":false,"is_daily":false,"chose_seed":false,"campfire_upgraded":7,"win_rate":0,"timestamp":1570570704,"path_taken":["M","M","?","M","?","R","$","E","T","E","M","?","M","M","R","BOSS","M","?","$","?","M","E","R","E","T","E","R","?","M","?","R","BOSS","M","M","?","?","?","R","M","E","T","$","M","E","$","M","R","BOSS"],"build_version":"2019-10-08","purchased_purges":3,"victory":true,"max_hp_per_floor":[75,75,75,75,75,75,75,75,75,75,75,75,75,75,75,75,75,75,75,75,75,75,75,75,75,75,75,75,75,75,75,75,75,75,75,75,75,75,75,75,75,75,75,75,75,75,75,75,75,75],"card_choices":[{"not_picked":["Leap","BootSequence"],"picked":"Cold Snap","floor":1.0},{"not_picked":["Gash","Sweeping Beam"],"picked":"Compile Driver","floor":2.0},{"not_picked":["Skim","Go for the Eyes"],"picked":"Genetic Algorithm","floor":4.0},{"not_picked":["Multi-Cast","Leap"],"picked":"FTL","floor":5.0},{"not_picked":["Stack","Steam","Tempest"],"picked":"SKIP","floor":8.0},{"not_picked":["Compile Driver","Static Discharge"],"picked":"Biased Cognition","floor":10.0},{"not_picked":["Coolheaded","Gash"],"picked":"Ball Lightning","floor":11.0},{"not_picked":["Double Energy","Gash","Rebound"],"picked":"SKIP","floor":13.0},{"not_picked":["Streamline","Reinforced Body"],"picked":"Coolheaded","floor":14.0},{"not_picked":["Thunder Strike","Amplify"],"picked":"Seek","floor":16.0},{"not_picked":["Rip and Tear+1","Sunder"],"picked":"Turbo","floor":18.0},{"not_picked":["Sweeping Beam","Turbo+1","Stack+1"],"picked":"SKIP","floor":22.0},{"not_picked":["Machine Learning","Auto Shields"],"picked":"Compile Driver+1","floor":23.0},{"not_picked":["Machine Learning","Hologram","Rebound+1"],"picked":"SKIP","floor":25.0},{"not_picked":["Coolheaded","Gash","Scrape"],"picked":"SKIP","floor":27.0},{"not_picked":["Hello World","Force Field","Conserve Battery"],"picked":"Coolheaded+1","floor":30.0},{"not_picked":["Static Discharge","Steam","Blizzard"],"picked":"Self Repair","floor":31.0},{"not_picked":["Seek","Hyperbeam","Rainbow"],"picked":"Buffer","floor":33.0},{"not_picked":["Heatsinks","Recycle","Gash"],"picked":"Redo+1","floor":35.0},{"not_picked":["FTL+1","Streamline+1","Rebound+1","Beam Cell+1"],"picked":"SKIP","floor":36.0},{"not_picked":["Compile Driver","Chaos","Ball Lightning","Beam Cell+1"],"picked":"SKIP","floor":39},{"not_picked":["Compile Driver+1","Redo+1","Aggregate","Melter"],"picked":"SKIP","floor":41},{"not_picked":["Tempest","Hyperbeam","Lockon+1","Conserve Battery+1"],"picked":"SKIP","floor":42},{"not_picked":["Storm+1","Undo+1","Rebound+1"],"picked":"Consume","floor":45},{"not_picked":["Redo","Rebound+1","FTL+1","Turbo"],"picked":"SKIP","floor":45},{"not_picked":["Gash","Steam","Steam Power+1","Redo"],"picked":"SKIP","floor":46},{"not_picked":["Redo","Cold Snap+1","Hologram"],"picked":"Loop","floor":48},{"not_picked":["Undo","Gash","Rip and Tear+1"],"picked":"Go for the Eyes+1","floor":48}],"player_experience":187620,"relics_obtained":[{"floor":3.0,"key":"Vajra"},{"floor":8.0,"key":"Anchor"},{"floor":9.0,"key":"InkBottle"},{"floor":10.0,"key":"Toy Ornithopter"},{"floor":19.0,"key":"Enchiridion"},{"floor":23.0,"key":"Ornamental Fan"},{"floor":25.0,"key":"Ginger"},{"floor":26.0,"key":"StoneCalendar"},{"floor":27.0,"key":"Question Card"},{"floor":42,"key":"Art of War"},{"floor":43,"key":"Blood Vial"},{"floor":46,"key":"Thread and Needle"}],"event_choices":[{"damage_healed":0.0,"max_hp_gain":0.0,"max_hp_loss":0.0,"gold_gain":0.0,"event_name":"Shining Light","player_choice":"Entered Light","floor":12.0,"gold_loss":0.0,"damage_taken":15.0,"cards_upgraded":["Defend_B","Defend_B"]},{"damage_healed":0.0,"max_hp_gain":0.0,"max_hp_loss":0.0,"gold_gain":0.0,"event_name":"Cursed Tome","player_choice":"Obtained Book","floor":19.0,"gold_loss":0.0,"damage_taken":16.0},{"damage_healed":0.0,"max_hp_gain":0.0,"max_hp_loss":0.0,"gold_gain":0.0,"event_name":"Back to Basics","player_choice":"Simplicity","floor":21.0,"gold_loss":0.0,"damage_taken":0.0,"cards_upgraded":["Strike_B","Strike_B","Defend_B","Defend_B"]},{"cards_removed":["Defend_B"],"damage_healed":0.0,"max_hp_gain":0.0,"max_hp_loss":0.0,"gold_gain":0.0,"event_name":"Falling","player_choice":"Removed Skill","floor":37.0,"gold_loss":0.0,"damage_taken":0.0},{"damage_healed":0.0,"max_hp_gain":0.0,"max_hp_loss":0.0,"gold_gain":0.0,"event_name":"Lab","player_choice":"Got Potions","floor":38.0,"gold_loss":0.0,"damage_taken":0.0}],"is_beta":true,"boss_relics":[{"not_picked":["Pandora\u0027s Box","SacredBark"],"picked":"SlaversCollar"},{"not_picked":["Runic Pyramid","Snecko Eye"],"picked":"Philosopher\u0027s Stone"}],"items_purged_floors":[7,20,44],"is_endless":false,"potions_floor_spawned":[1,8,11,14,18,25,27,36,42,46,48],"ascension_level":9}