{"gold_per_floor":[210,227,227,327,338,338,355,355,355,386,386,59,59,59,59,162,162,172,204,204,204,190,190],"floor_reached":23,"playtime":909,"items_purged":[],"score":234,"play_id":"4927420c-69a2-4a37-b46b-1f7e8b39d83c","local_time":"20190101133643","is_ascension_mode":true,"campfire_choices":[{"data":"Streamline","floor":6,"key":"SMITH"},{"data":"Capacitor","floor":13,"key":"SMITH"},{"floor":15,"key":"REST"}],"neow_cost":"NONE","seed_source_timestamp":1062746398990206,"circlet_count":0,"master_deck":["Strike_B","Strike_B","Defend_B","Defend_B","Defend_B","Zap","Dualcast","Streamline+1","Conserve Battery","Undo","Ball Lightning","Seek","Capacitor+1","Echo Form","Turbo","Force Field","Lockon+1","Go for the Eyes+1"],"relics":["Cracked Core","Kunai","Happy Flower","WingedGreaves","Molten Egg 2","Strawberry","Velvet Choker","Red Mask"],"potions_floor_usage":[10,19,22],"damage_taken":[{"damage":6,"enemies":"2 Louse","floor":1,"turns":2},{"damage":0,"enemies":"Jaw Worm","floor":2,"turns":3},{"damage":0,"enemies":"Cultist","floor":5,"turns":4},{"damage":13,"enemies":"Exordium Thugs","floor":7,"turns":5},{"damage":21,"enemies":"3 Sentries","floor":10,"turns":7},{"damage":20,"enemies":"Slime Boss","floor":16,"turns":9},{"damage":19,"enemies":"3 Byrds","floor":18,"turns":6},{"damage":37,"enemies":"Masked Bandits","floor":19,"turns":6},{"damage":6,"enemies":"2 Thieves","floor":22,"turns":4},{"damage":0,"enemies":"Book of Stabbing","floor":23,"turns":1}],"seed_played":"4286131938173034401","potions_obtained":[{"floor":2,"key":"Swift Potion"},{"floor":5,"key":"Block Potion"},{"floor":16,"key":"Weak Potion"}],"is_trial":false,"path_per_floor":["M","M","?","?","M","R","M","T","T","E","?","$","R","?","R","B",null,"M","?","?","?","M","E"],"character_chosen":"DEFECT","items_purchased":["Molten Egg 2","Capacitor"],"campfire_rested":1,"item_purchase_floors":[12,12],"current_hp_per_floor":[69,69,69,69,69,69,56,56,56,35,28,28,28,28,52,32,70,51,14,14,14,8,8],"gold":190,"neow_bonus":"HUNDRED_GOLD","is_prod":false,"is_daily":false,"chose_seed":false,"campfire_upgraded":2,"win_rate":0,"timestamp":1546371403,"path_taken":["M","M","?","?","?","R","M","?","T","E","?","?","R","?","R","BOSS","M","?","?","?","M","E"],"build_version":"2018-12-20","purchased_purges":0,"victory":false,"max_hp_per_floor":[75,75,75,75,75,75,75,75,75,75,75,75,75,82,82,82,82,82,82,82,82,82,82],"card_choices":[{"not_picked":["Reinforced Body","Darkness"],"picked":"Streamline","floor":1},{"not_picked":["Cold Snap","Leap"],"picked":"Conserve Battery","floor":2},{"not_picked":["Redo","Turbo"],"picked":"Undo","floor":5},{"not_picked":["Hologram","Tempest"],"picked":"Ball Lightning","floor":7},{"not_picked":["Hello World","Redo"],"picked":"Seek","floor":10},{"not_picked":["Buffer","Core Surge+1"],"picked":"Echo Form","floor":16},{"not_picked":["Steam Power+1","Reprogram+1","Steam"],"picked":"SKIP","floor":18},{"not_picked":["Genetic Algorithm","Cold Snap+1"],"picked":"Turbo","floor":19},{"not_picked":["Leap","Heatsinks+1"],"picked":"Go for the Eyes+1","floor":22}],"player_experience":352663,"relics_obtained":[{"floor":8,"key":"Kunai"},{"floor":9,"key":"Happy Flower"},{"floor":10,"key":"WingedGreaves"},{"floor":19,"key":"Red Mask"}],"event_choices":[{"damage_healed":0,"gold_gain":0,"player_choice":"Ignored","damage_taken":0,"max_hp_gain":0,"max_hp_loss":0,"event_name":"Liars Game","floor":3,"gold_loss":0},{"damage_healed":0,"gold_gain":100,"player_choice":"Pray","damage_taken":0,"max_hp_gain":0,"max_hp_loss":0,"event_name":"Golden Shrine","floor":4,"gold_loss":0},{"cards_removed":["Strike_B"],"damage_healed":0,"gold_gain":0,"player_choice":"Card Removal","damage_taken":7,"max_hp_gain":0,"max_hp_loss":0,"event_name":"Golden Wing","floor":11,"gold_loss":0},{"damage_healed":0,"gold_gain":0,"player_choice":"Success","damage_taken":7,"relics_obtained":["Strawberry"],"max_hp_gain":0,"max_hp_loss":0,"event_name":"Scrap Ooze","floor":14,"gold_loss":0},{"damage_healed":0,"gold_gain":0,"player_choice":"Fought Bandits","damage_taken":0,"max_hp_gain":0,"max_hp_loss":0,"event_name":"Masked Bandits","floor":19,"gold_loss":0},{"damage_healed":0,"gold_gain":0,"player_choice":"Ignored","damage_taken":0,"max_hp_gain":0,"max_hp_loss":0,"event_name":"Cursed Tome","floor":20,"gold_loss":0},{"damage_healed":0,"gold_gain":0,"cards_transformed":["Strike_B","Defend_B"],"player_choice":"Became Test Subject","damage_taken":0,"max_hp_gain":0,"max_hp_loss":0,"event_name":"Drug Dealer","floor":21,"gold_loss":0,"cards_obtained":["Force Field","Lockon"]}],"is_beta":false,"boss_relics":[{"not_picked":["White Beast Statue","Black Star"],"picked":"Velvet Choker"}],"items_purged_floors":[],"is_endless":false,"potions_floor_spawned":[2,5,16],"killed_by":"Book of Stabbing","ascension_level":5}