{"gold_per_floor":[119,133,150,165,180,180,195,195,195,205,222,257,267,306,306,417,417,439,82,89,109,120,120,140,140,167,181,233,233],"floor_reached":29,"playtime":1384,"items_purged":["Strike_P"],"score":337,"play_id":"0ed5ac77-0e38-403d-bcd6-32bc6c1f04aa","local_time":"20190928172409","is_ascension_mode":true,"campfire_choices":[{"data":"Eruption","floor":6.0,"key":"SMITH"},{"data":"Vigilance","floor":8.0,"key":"SMITH"},{"data":"Alpha","floor":15.0,"key":"SMITH"},{"floor":23.0,"key":"REST"}],"neow_cost":"NONE","seed_source_timestamp":0,"circlet_count":0,"master_deck":["Strike_P","Defend_P","Defend_P","Defend_P","Defend_P","Eruption+1","Vigilance+1","CarveReality","Protect","Crescendo","EmptyFist","ClearTheMind","Vault","Alpha+1","Alpha","CutThroughFate","TalkToTheHand","Wireheading","CutThroughFate","Protect+1","FearNoEvil","JustLucky"],"special_seed":0,"relics":["VioletLotus","Bottled Lightning","CeramicFish","Art of War","Sozu","PreservedInsect","Oddly Smooth Stone","Bag of Preparation"],"potions_floor_usage":[29,29,29],"damage_taken":[{"damage":0.0,"enemies":"Cultist","floor":1.0,"turns":3.0},{"damage":7.0,"enemies":"Jaw Worm","floor":2.0,"turns":3.0},{"damage":8.0,"enemies":"Small Slimes","floor":3.0,"turns":3.0},{"damage":6.0,"enemies":"Looter","floor":4.0,"turns":3.0},{"damage":1.0,"enemies":"Blue Slaver","floor":5.0,"turns":4.0},{"damage":1.0,"enemies":"2 Fungi Beasts","floor":7.0,"turns":2.0},{"damage":0.0,"enemies":"Red Slaver","floor":10.0,"turns":5.0},{"damage":0.0,"enemies":"Large Slime","floor":11.0,"turns":5.0},{"damage":2.0,"enemies":"3 Sentries","floor":12.0,"turns":4.0},{"damage":6.0,"enemies":"Exordium Wildlife","floor":13.0,"turns":4.0},{"damage":17.0,"enemies":"Lagavulin","floor":14.0,"turns":7.0},{"damage":8.0,"enemies":"The Guardian","floor":16.0,"turns":7.0},{"damage":9.0,"enemies":"2 Thieves","floor":18.0,"turns":4.0},{"damage":9.0,"enemies":"Shell Parasite","floor":21.0,"turns":5.0},{"damage":34.0,"enemies":"Snake Plant","floor":22.0,"turns":6.0},{"damage":10.0,"enemies":"Sentry and Sphere","floor":24.0,"turns":4.0},{"damage":8,"enemies":"Gremlin Leader","floor":29,"turns":3}],"seed_played":"-8061736275943684174","potions_obtained":[{"floor":1.0,"key":"Energy Potion"},{"floor":3.0,"key":"Dexterity Potion"},{"floor":5.0,"key":"DuplicationPotion"},{"floor":12.0,"key":"Strength Potion"},{"floor":14.0,"key":"PowerPotion"}],"is_trial":false,"path_per_floor":["M","M","M","M","M","R","M","R","T","M","M","E","M","E","R","B",null,"M","$","?","M","M","R","M","?","T","?","T","E"],"character_chosen":"WATCHER","items_purchased":["PreservedInsect","TalkToTheHand","Wireheading"],"campfire_rested":1,"item_purchase_floors":[19,19,19],"current_hp_per_floor":[65,58,50,44,43,43,42,42,42,42,42,40,34,17,17,9,56,47,47,47,38,4,25,15,2,2,2,2,0],"gold":233,"neow_bonus":"BOSS_RELIC","is_prod":false,"is_daily":false,"chose_seed":false,"campfire_upgraded":3,"win_rate":0,"timestamp":1569709449,"path_taken":["M","M","M","M","M","R","M","R","T","?","M","E","M","E","R","BOSS","M","$","?","M","M","R","M","?","T","?","?","E"],"build_version":"2019-09-27","purchased_purges":1,"victory":false,"max_hp_per_floor":[72,72,72,72,72,72,72,72,72,72,72,72,72,72,72,72,72,72,72,72,72,72,72,72,77,77,77,77,77],"card_choices":[{"not_picked":["DeceiveReality","EmptyFist"],"picked":"CarveReality","floor":1.0},{"not_picked":["MentalFortress","JustLucky","FlowState"],"picked":"SKIP","floor":2.0},{"not_picked":["Swivel","CrushJoints"],"picked":"Protect","floor":3.0},{"not_picked":["BowlingBash","Prostrate"],"picked":"Crescendo","floor":4.0},{"not_picked":["InnerPeace","Scrawl"],"picked":"EmptyFist","floor":5.0},{"not_picked":["Protect","JustLucky"],"picked":"ClearTheMind","floor":7.0},{"not_picked":["MasterReality","WaveOfTheHand","Sanctity"],"picked":"SKIP","floor":10.0},{"not_picked":["FlyingSleeves","Indignation"],"picked":"Vault","floor":11.0},{"not_picked":["DevaForm","FollowUp","CrushJoints"],"picked":"SKIP","floor":12.0},{"not_picked":["EmptyFist","InnerPeace","PathToVictory"],"picked":"SKIP","floor":13.0},{"not_picked":["ClearTheMind","ThirdEye"],"picked":"Alpha","floor":14.0},{"not_picked":["Ragnarok","LessonLearned"],"picked":"Alpha","floor":16.0},{"not_picked":["FlyingSleeves+1","ThirdEye"],"picked":"CutThroughFate","floor":18.0},{"not_picked":["BowlingBash","Weave","FlowState"],"picked":"SKIP","floor":21.0},{"not_picked":["FlurryOfBlows","MasterReality","Weave"],"picked":"SKIP","floor":22.0},{"not_picked":["Sanctity","Prostrate"],"picked":"Protect+1","floor":24.0}],"player_experience":164431,"relics_obtained":[{"floor":9.0,"key":"Bottled Lightning"},{"floor":12.0,"key":"CeramicFish"},{"floor":14.0,"key":"Art of War"},{"floor":26.0,"key":"Oddly Smooth Stone"},{"floor":28.0,"key":"Bag of Preparation"}],"event_choices":[{"damage_healed":0.0,"max_hp_gain":0.0,"max_hp_loss":0.0,"gold_gain":0.0,"event_name":"The Library","player_choice":"Read","floor":20.0,"gold_loss":0.0,"damage_taken":0.0,"cards_obtained":["CutThroughFate"]},{"damage_healed":0.0,"max_hp_gain":5.0,"max_hp_loss":0.0,"gold_gain":0.0,"event_name":"Forgotten Altar","player_choice":"Shed Blood","floor":25.0,"gold_loss":0.0,"damage_taken":18.0},{"damage_healed":0.0,"max_hp_gain":0.0,"max_hp_loss":0.0,"gold_gain":0.0,"cards_transformed":["Strike_P","Strike_P"],"event_name":"Drug Dealer","player_choice":"Became Test Subject","floor":27.0,"gold_loss":0.0,"damage_taken":0.0,"cards_obtained":["FearNoEvil","JustLucky"]}],"is_beta":true,"boss_relics":[{"not_picked":["Cursed Key","Coffee Dripper"],"picked":"Sozu"}],"items_purged_floors":[19],"is_endless":false,"potions_floor_spawned":[1,3,5,12,14,22],"killed_by":"Gremlin Leader","ascension_level":8}