{"gold_per_floor":[117,133,24,43,118,118,143,143,143,143,22,22,34,58,70,179,191,215,227,254,280,319,331,343],"floor_reached":24,"playtime":1220,"items_purged":["Strike_B"],"score":233,"play_id":"99d3b5c6-79cc-4d09-b842-ae4ba38fabb0","local_time":"20190131111829","is_ascension_mode":true,"campfire_choices":[{"data":"Compile Driver","floor":6,"key":"SMITH"},{"data":"Coolheaded","floor":8,"key":"SMITH"},{"data":"Zap","floor":10,"key":"SMITH"},{"data":"Capacitor","floor":15,"key":"SMITH"}],"neow_cost":"NONE","seed_source_timestamp":591225083318749,"circlet_count":0,"master_deck":["Strike_B","Strike_B","Defend_B","Defend_B","Defend_B","Defend_B","Zap+1","Dualcast+1","Sweeping Beam","Self Repair","Compile Driver+1","Coolheaded+1","Capacitor+1","Ball Lightning","Coolheaded","Seek","Genetic Algorithm","Hologram","Coolheaded","Gash","Leap","Barrage","Biased Cognition"],"relics":["Cracked Core","Ornamental Fan","Cables","MawBank","Bag of Preparation","Orrery","Happy Flower"],"potions_floor_usage":[7,16,16,24],"damage_taken":[{"damage":8,"enemies":"Small Slimes","floor":1,"turns":3},{"damage":2,"enemies":"2 Louse","floor":2,"turns":2},{"damage":7,"enemies":"Jaw Worm","floor":4,"turns":3},{"damage":18,"enemies":"Gremlin Nob","floor":7,"turns":3},{"damage":1,"enemies":"2 Fungi Beasts","floor":14,"turns":2},{"damage":6,"enemies":"Hexaghost","floor":16,"turns":8},{"damage":16,"enemies":"Shell Parasite","floor":18,"turns":7},{"damage":11,"enemies":"3 Byrds","floor":20,"turns":4},{"damage":25,"enemies":"Centurion and Healer","floor":21,"turns":8},{"damage":40,"enemies":"Snecko","floor":24,"turns":5}],"seed_played":"-7156771371755068408","potions_obtained":[{"floor":4,"key":"AttackPotion"},{"floor":7,"key":"Strength Potion"},{"floor":14,"key":"LiquidBronze"},{"floor":21,"key":"SkillPotion"}],"is_trial":false,"path_per_floor":["M","M","$","M","?","R","E","R","T","R","$","?","T","M","R","B",null,"M","?","M","M","T","?","M"],"character_chosen":"DEFECT","items_purchased":["Self Repair","Capacitor","Ball Lightning"],"campfire_rested":0,"item_purchase_floors":[3,11,11],"current_hp_per_floor":[67,65,65,65,54,54,43,43,43,43,43,25,25,31,31,32,75,66,66,55,37,37,37,0],"gold":343,"neow_bonus":"UPGRADE_CARD","is_prod":false,"is_daily":false,"chose_seed":false,"campfire_upgraded":4,"win_rate":1,"timestamp":1548955109,"path_taken":["M","M","$","M","?","R","E","R","T","R","$","?","?","M","R","BOSS","M","?","M","?","?","?","M"],"build_version":"2019-01-23","purchased_purges":1,"victory":false,"max_hp_per_floor":[75,75,75,75,75,75,75,75,75,75,75,75,75,75,75,75,75,75,75,75,75,75,75,75],"card_choices":[{"not_picked":["Beam Cell","Gash"],"picked":"Sweeping Beam","floor":1},{"not_picked":["Reprogram","Rebound","Blizzard"],"picked":"SKIP","floor":2},{"not_picked":["Barrage","Sunder"],"picked":"Compile Driver","floor":4},{"not_picked":["Rainbow","Chaos"],"picked":"Coolheaded","floor":7},{"not_picked":["Rebound","Cold Snap"],"picked":"Coolheaded","floor":14},{"not_picked":["Reboot","Amplify"],"picked":"Seek","floor":16},{"not_picked":["BootSequence","Compile Driver"],"picked":"Genetic Algorithm","floor":17},{"not_picked":["Compile Driver","Cold Snap"],"picked":"Hologram","floor":17},{"not_picked":["Rebound","Go for the Eyes"],"picked":"Coolheaded","floor":17},{"not_picked":["Scrape","Compile Driver"],"picked":"Gash","floor":17},{"not_picked":["Tempest","Melter"],"picked":"Leap","floor":17},{"not_picked":["Turbo+1","Go for the Eyes+1"],"picked":"Barrage","floor":18},{"not_picked":["Sweeping Beam+1","Gash","Steam"],"picked":"SKIP","floor":20},{"not_picked":["BootSequence","Leap+1"],"picked":"Biased Cognition","floor":21}],"player_experience":64674,"relics_obtained":[{"floor":7,"key":"Ornamental Fan"},{"floor":9,"key":"Cables"},{"floor":13,"key":"Bag of Preparation"},{"floor":22,"key":"Happy Flower"}],"event_choices":[{"damage_healed":0,"gold_gain":75,"player_choice":"Gather Gold","damage_taken":11,"max_hp_gain":0,"max_hp_loss":0,"event_name":"World of Goop","floor":5,"gold_loss":0},{"damage_healed":0,"gold_gain":0,"player_choice":"Success","damage_taken":18,"relics_obtained":["MawBank"],"max_hp_gain":0,"max_hp_loss":0,"event_name":"Scrap Ooze","floor":12,"gold_loss":0},{"cards_removed":["Strike_B"],"damage_healed":0,"gold_gain":0,"player_choice":"Offered Basic","damage_taken":0,"max_hp_gain":0,"max_hp_loss":0,"event_name":"Bonfire Elementals","floor":19,"gold_loss":0},{"damage_healed":0,"gold_gain":0,"player_choice":"Leave","damage_taken":0,"max_hp_gain":0,"max_hp_loss":0,"event_name":"FaceTrader","floor":23,"gold_loss":0}],"is_beta":false,"boss_relics":[{"not_picked":["Fusion Hammer","Pandora\u0027s Box"],"picked":"Orrery"}],"items_purged_floors":[3],"is_endless":false,"potions_floor_spawned":[4,7,14,21],"killed_by":"Snecko","ascension_level":4}