{"gold_per_floor":[115,45,220,238,238,238,266,341,412,430,430,67,99,110,110,213,213,224,236,236,236,286,286,311,328,328,328,357,357,385,90,90,194,194,207,82,96,96,96,96,116,149,149,174,24,24,24,24,24,24,24,24,24,56,56],"floor_reached":55,"playtime":3125,"items_purged":["Dualcast","Doubt","Defend_B","Strike_B"],"score":880,"play_id":"2805f5d2-f57e-4db3-8dc7-685405370aad","local_time":"20181210193822","is_ascension_mode":true,"campfire_choices":[{"data":"Scrape","floor":6,"key":"SMITH"},{"data":"Beam Cell","floor":11,"key":"SMITH"},{"floor":15,"key":"REST"},{"floor":23,"key":"REST"},{"floor":27,"key":"REST"},{"floor":29,"key":"REST"},{"floor":32,"key":"REST"},{"floor":40,"key":"RECALL"},{"floor":47,"key":"REST"},{"floor":49,"key":"REST"},{"floor":52,"key":"REST"}],"neow_cost":"NONE","seed_source_timestamp":2323987271951388,"circlet_count":0,"master_deck":["Defend_B+1","Defend_B+1","Defend_B+1","Zap+1","Gash+1","Scrape+1","Beam Cell+1","FTL+1","Hologram+1","Seek+1","Coolheaded+1","Barrage+1","Steam+1","BootSequence+1","The Bomb+1"],"relics":["Cracked Core","NeowsBlessing","Letter Opener","Pocketwatch","Blue Candle","Turnip","Boot","Astrolabe","Singing Bowl","Kunai","Centennial Puzzle","Happy Flower","TheAbacus","Fusion Hammer","Blood Vial","DataDisk","Art of War","Mark of the Bloom","StoneCalendar"],"potions_floor_usage":[24,24,25,44,54,55],"damage_taken":[{"damage":0,"enemies":"Cultist","floor":1,"turns":1},{"damage":0,"enemies":"Jaw Worm","floor":4,"turns":1},{"damage":0,"enemies":"Lagavulin","floor":7,"turns":1},{"damage":3,"enemies":"Small Slimes","floor":10,"turns":2},{"damage":14,"enemies":"Gremlin Nob","floor":13,"turns":3},{"damage":12,"enemies":"Exordium Wildlife","floor":14,"turns":3},{"damage":9,"enemies":"Slime Boss","floor":16,"turns":8},{"damage":6,"enemies":"Chosen","floor":18,"turns":3},{"damage":6,"enemies":"Spheric Guardian","floor":19,"turns":3},{"damage":61,"enemies":"Book of Stabbing","floor":24,"turns":6},{"damage":5,"enemies":"Shelled Parasite and Fungi","floor":25,"turns":4},{"damage":20,"enemies":"Slavers","floor":28,"turns":5},{"damage":18,"enemies":"Gremlin Leader","floor":30,"turns":6},{"damage":10,"enemies":"Champ","floor":33,"turns":10},{"damage":0,"enemies":"3 Darklings","floor":35,"turns":6},{"damage":5,"enemies":"3 Shapes","floor":37,"turns":3},{"damage":0,"enemies":"Jaw Worm Horde","floor":41,"turns":4},{"damage":1,"enemies":"Giant Head","floor":42,"turns":9},{"damage":22,"enemies":"Reptomancer","floor":44,"turns":7},{"damage":3,"enemies":"Awakened One","floor":50,"turns":12},{"damage":12,"enemies":"Shield and Spear","floor":54,"turns":5},{"damage":86,"enemies":"The Heart","floor":55,"turns":6}],"seed_played":"3258283530166907457","potions_obtained":[{"floor":1,"key":"SkillPotion"},{"floor":4,"key":"SneckoOil"},{"floor":13,"key":"Energy Potion"},{"floor":24,"key":"Strength Potion"},{"floor":35,"key":"Weak Potion"},{"floor":41,"key":"Weak Potion"},{"floor":44,"key":"Dexterity Potion"},{"floor":54,"key":"SpeedPotion"}],"is_trial":false,"path_per_floor":["M","$","?","M","T","R","E","?","T","M","R","$","E","M","R","B",null,"M","M","?","?","?","R","E","M","T","R","E","R","E","$","R","B",null,"M","$","M","?","$","R","M","E","T","E","$","?","R","?","R","B",null,"R","$","E","B"],"character_chosen":"DEFECT","items_purchased":["Scrape","Turnip","TheAbacus"],"campfire_rested":8,"item_purchase_floors":[2,12,31],"current_hp_per_floor":[75,75,75,75,75,75,75,64,64,61,61,61,47,35,57,48,75,69,63,63,49,49,73,12,7,7,31,13,37,21,21,46,38,86,88,88,85,85,85,85,89,92,92,74,74,74,96,96,96,93,93,93,93,81,0],"gold":56,"neow_bonus":"THREE_ENEMY_KILL","is_prod":false,"is_daily":false,"chose_seed":false,"campfire_upgraded":2,"win_rate":0,"timestamp":1544492302,"path_taken":["M","$","?","M","?","R","E","?","T","M","R","$","E","M","R","BOSS","M","M","?","?","?","R","E","?","T","R","E","R","E","?","R","BOSS","M","$","M","?","$","R","M","E","T","E","$","?","R","?","R","BOSS","R","$","E","BOSS"],"build_version":"2018-12-06","purchased_purges":4,"victory":false,"max_hp_per_floor":[75,75,75,75,75,75,75,75,75,75,75,75,75,75,75,75,75,75,75,75,80,80,80,80,80,80,80,82,82,84,84,84,86,86,88,88,90,90,90,90,92,94,94,96,96,96,96,96,96,96,96,96,96,98,98],"card_choices":[{"not_picked":["Undo","Stack"],"picked":"Gash","floor":1},{"not_picked":["Doom and Gloom","Streamline","Storm"],"picked":"SKIP","floor":4},{"not_picked":["Barrage","Ball Lightning","Doom and Gloom"],"picked":"SKIP","floor":7},{"not_picked":["Blizzard","Chill"],"picked":"Beam Cell","floor":10},{"not_picked":["Sweeping Beam","Chill"],"picked":"FTL","floor":13},{"not_picked":["Barrage","Melter"],"picked":"Hologram","floor":14},{"not_picked":["All For One","Rainbow"],"picked":"Seek","floor":16},{"not_picked":["Stack+1","Hello World+1","Skim+1"],"picked":"SKIP","floor":18},{"not_picked":["Compile Driver","Redo+1","Cold Snap"],"picked":"SKIP","floor":19},{"not_picked":["Tempest+1","Glacier"],"picked":"Steam+1","floor":24},{"not_picked":["Skim+1","Hologram"],"picked":"BootSequence","floor":25},{"not_picked":["Undo","Turbo+1","Steam"],"picked":"Singing Bowl","floor":28},{"not_picked":["Steam+1","Reboot","Turbo"],"picked":"Singing Bowl","floor":30},{"not_picked":["Creative AI","Multi-Cast","Electrodynamics"],"picked":"Singing Bowl","floor":33},{"not_picked":["Reinforced Body","Turbo+1","Conserve Battery"],"picked":"Singing Bowl","floor":35},{"not_picked":["Storm","Reinforced Body","Cold Snap"],"picked":"Singing Bowl","floor":37},{"not_picked":["Cold Snap+1","Steam","Rebound+1"],"picked":"Singing Bowl","floor":41},{"not_picked":["Static Discharge+1","Undo","Auto Shields"],"picked":"Singing Bowl","floor":42},{"not_picked":["Go for the Eyes","Lockon+1","Leap+1"],"picked":"Singing Bowl","floor":44},{"not_picked":["Bandage Up","Dark Shackles"],"picked":"The Bomb","floor":46},{"not_picked":["Compile Driver+1","Self Repair+1","Glacier+1"],"picked":"Singing Bowl","floor":54}],"player_experience":252251,"relics_obtained":[{"floor":5,"key":"Letter Opener"},{"floor":7,"key":"Pocketwatch"},{"floor":9,"key":"Blue Candle"},{"floor":13,"key":"Boot"},{"floor":24,"key":"Singing Bowl"},{"floor":26,"key":"Kunai"},{"floor":28,"key":"Centennial Puzzle"},{"floor":30,"key":"Happy Flower"},{"floor":42,"key":"DataDisk"},{"floor":44,"key":"Art of War"},{"floor":54,"key":"StoneCalendar"}],"event_choices":[{"damage_healed":0,"gold_gain":175,"player_choice":"AGREE","damage_taken":0,"max_hp_gain":0,"max_hp_loss":0,"event_name":"Liars Game","floor":3,"gold_loss":0,"cards_obtained":["Doubt"]},{"damage_healed":0,"gold_gain":75,"player_choice":"Gather Gold","damage_taken":11,"max_hp_gain":0,"max_hp_loss":0,"event_name":"World of Goop","floor":8,"gold_loss":0},{"cards_removed":["Capacitor"],"damage_healed":0,"gold_gain":0,"player_choice":"Elegance","damage_taken":0,"max_hp_gain":0,"max_hp_loss":0,"event_name":"Back to Basics","floor":20,"gold_loss":0},{"damage_healed":0,"gold_gain":0,"player_choice":"Shed Blood","damage_taken":19,"max_hp_gain":5,"max_hp_loss":0,"event_name":"Forgotten Altar","floor":21,"gold_loss":0},{"damage_healed":0,"gold_gain":100,"player_choice":"Bet on Murderer","damage_taken":0,"max_hp_gain":0,"max_hp_loss":0,"event_name":"The Joust","floor":22,"gold_loss":50},{"damage_healed":0,"gold_gain":0,"player_choice":"Gave Potion","damage_taken":0,"relics_obtained":["Blood Vial"],"max_hp_gain":0,"max_hp_loss":0,"event_name":"WeMeetAgain","floor":38,"gold_loss":0},{"damage_healed":0,"gold_gain":0,"player_choice":"Memory 1","damage_taken":0,"max_hp_gain":0,"max_hp_loss":0,"event_name":"SensoryStone","floor":46,"gold_loss":0},{"damage_healed":0,"gold_gain":0,"player_choice":"Upgrade","damage_taken":0,"relics_obtained":["Mark of the Bloom"],"max_hp_gain":0,"max_hp_loss":0,"event_name":"MindBloom","floor":48,"gold_loss":0,"cards_upgraded":["Defend_B","Defend_B","Defend_B","Zap","Gash","FTL","Hologram","Seek","BootSequence","The Bomb"]}],"is_beta":false,"boss_relics":[{"not_picked":["Cursed Key","Philosopher\u0027s Stone"],"picked":"Astrolabe"},{"not_picked":["Velvet Choker","Coffee Dripper"],"picked":"Fusion Hammer"}],"items_purged_floors":[12,31,36,45],"is_endless":false,"potions_floor_spawned":[1,4,13,18,19,24,35,41,44,54],"killed_by":"The Heart","ascension_level":1}