{"gold_per_floor":[217,61,81,100,375,400,415,415,438,450,52,0,0,31,31,105,105,123,173,193,39,39,39,39,55,82,82,82,108,118,130,130,204,204,216,216,236,255,269,269,304,304,349,360,360,27,47,62,62,62],"floor_reached":51,"playtime":5897,"items_purged":["Regret","Spot Weakness"],"score":1362,"play_id":"4cd88c03-1aa2-4ec4-9719-14495fceb8aa","local_time":"20190628175338","is_ascension_mode":true,"campfire_choices":[{"data":"Inflame","floor":8,"key":"SMITH"},{"floor":13,"key":"REST"},{"data":"Combust","floor":15,"key":"SMITH"},{"data":"Metallicize","floor":23,"key":"SMITH"},{"data":"Flame Barrier","floor":27,"key":"SMITH"},{"floor":32,"key":"REST"},{"floor":40,"key":"REST"},{"floor":42,"key":"REST"},{"floor":49,"key":"REST"}],"neow_cost":"NONE","seed_source_timestamp":195608924549,"circlet_count":0,"master_deck":["AscendersBane","Strike_R+1","Strike_R+1","Strike_R+1","Defend_R+1","Defend_R+1","Defend_R+1","Defend_R+1","Inflame+1","Flash of Steel","Flame Barrier+1","Combust+1","Sword Boomerang","Headbutt","Metallicize+1","Shrug It Off+1","Spot Weakness+1","Warcry+1","Whirlwind+1","Corruption+1","Heavy Blade+1","Shrug It Off","Feed","Shrug It Off","Shrug It Off","Shockwave","Dark Shackles","Dark Shackles","Inflame","Clothesline"],"relics":["Burning Blood","Pen Nib","Ancient Tea Set","Ice Cream","Anchor","Astrolabe","MutagenicStrength","Lantern","Calipers","Fusion Hammer","Thread and Needle","Orichalcum","Pocketwatch"],"potions_floor_usage":[6,6,16,29,30,33,35,38,39,50,50],"damage_taken":[{"damage":7,"enemies":"2 Louse","floor":1,"turns":4},{"damage":1,"enemies":"Cultist","floor":3,"turns":3},{"damage":2,"enemies":"Jaw Worm","floor":4,"turns":3},{"damage":22,"enemies":"Lagavulin","floor":6,"turns":6},{"damage":15,"enemies":"Large Slime","floor":7,"turns":5},{"damage":20,"enemies":"Exordium Thugs","floor":10,"turns":4},{"damage":19,"enemies":"3 Sentries","floor":14,"turns":6},{"damage":17,"enemies":"The Guardian","floor":16,"turns":11},{"damage":10,"enemies":"3 Byrds","floor":18,"turns":4},{"damage":13,"enemies":"2 Thieves","floor":20,"turns":3},{"damage":0,"enemies":"Centurion and Healer","floor":25,"turns":3},{"damage":0,"enemies":"Book of Stabbing","floor":29,"turns":2},{"damage":30,"enemies":"Snake Plant","floor":30,"turns":5},{"damage":14,"enemies":"Cultist and Chosen","floor":31,"turns":7},{"damage":13,"enemies":"Champ","floor":33,"turns":10},{"damage":20,"enemies":"3 Shapes","floor":35,"turns":8},{"damage":0,"enemies":"Orb Walker","floor":37,"turns":3},{"damage":33,"enemies":"Spire Growth","floor":38,"turns":5},{"damage":8,"enemies":"4 Shapes","floor":39,"turns":9},{"damage":29,"enemies":"Giant Head","floor":41,"turns":7},{"damage":5,"enemies":"Sphere and 2 Shapes","floor":44,"turns":3},{"damage":0,"enemies":"Jaw Worm Horde","floor":47,"turns":2},{"damage":0,"enemies":"3 Darklings","floor":48,"turns":2},{"damage":13,"enemies":"Awakened One","floor":50,"turns":16}],"seed_played":"-1427990973450612977","potions_obtained":[{"floor":1,"key":"SkillPotion"},{"floor":4,"key":"AttackPotion"},{"floor":10,"key":"Block Potion"},{"floor":25,"key":"Block Potion"},{"floor":29,"key":"Strength Potion"},{"floor":30,"key":"Dexterity Potion"},{"floor":33,"key":"Fruit Juice"},{"floor":35,"key":"Explosive Potion"},{"floor":38,"key":"LiquidBronze"},{"floor":39,"key":"Poison Potion"},{"floor":47,"key":"Block Potion"}],"is_trial":false,"path_per_floor":["M","$","M","M","?","E","M","R","T","M","$","?","R","E","R","B",null,"M","?","M","$","?","R","$","M","T","R","?","E","M","M","R","B",null,"M","?","M","M","M","R","E","R","T","M","?","$","M","M","R","B",null],"character_chosen":"IRONCLAD","items_purchased":["Flash of Steel","Fire Potion","Ice Cream","PowerPotion","Pocketwatch"],"campfire_rested":5,"item_purchase_floors":[2,2,11,21,46],"current_hp_per_floor":[67,67,72,75,75,59,50,50,50,36,36,36,58,45,45,34,65,61,54,47,47,47,47,47,53,53,53,53,59,35,27,49,42,67,56,56,65,43,44,70,47,73,73,74,64,64,70,76,89,85],"gold":62,"neow_bonus":"HUNDRED_GOLD","is_prod":false,"is_daily":false,"chose_seed":false,"campfire_upgraded":4,"win_rate":0,"timestamp":1561762418,"path_taken":["M","$","M","M","?","E","M","R","T","?","$","?","R","E","R","BOSS","M","?","M","$","?","R","$","M","T","R","?","E","M","M","R","BOSS","M","?","M","M","M","R","E","R","T","?","?","?","M","?","R","BOSS"],"build_version":"2019-01-23","purchased_purges":2,"victory":true,"max_hp_per_floor":[75,75,75,75,75,75,75,75,75,75,75,75,75,75,75,75,75,75,75,75,75,75,75,75,75,75,75,75,75,75,75,75,75,75,78,78,81,86,89,89,89,89,89,89,89,89,89,89,89,92],"card_choices":[{"not_picked":["Iron Wave","Twin Strike"],"picked":"Inflame","floor":1},{"not_picked":["Wild Strike","Feel No Pain"],"picked":"Spot Weakness","floor":3},{"not_picked":["Wild Strike","Heavy Blade"],"picked":"Flame Barrier","floor":4},{"not_picked":["Pommel Strike","Barricade"],"picked":"Combust","floor":6},{"not_picked":["Wild Strike","Heavy Blade"],"picked":"Sword Boomerang","floor":7},{"not_picked":["Flex","Sword Boomerang"],"picked":"Headbutt","floor":10},{"not_picked":["Blood for Blood","Pommel Strike"],"picked":"Metallicize","floor":14},{"not_picked":["Thunderclap","Fire Breathing"],"picked":"Whirlwind+1","floor":18},{"not_picked":["Second Wind","Sword Boomerang","Rampage"],"picked":"SKIP","floor":20},{"not_picked":["Infernal Blade","Cleave","Entrench"],"picked":"SKIP","floor":25},{"not_picked":["Heavy Blade","Sword Boomerang"],"picked":"Corruption+1","floor":29},{"not_picked":["Body Slam","Entrench"],"picked":"Heavy Blade","floor":30},{"not_picked":["Cleave","Body Slam"],"picked":"Shrug It Off","floor":31},{"not_picked":["Berserk","Double Tap"],"picked":"Feed","floor":33},{"not_picked":["Feel No Pain","Pommel Strike","Flex"],"picked":"SKIP","floor":35},{"not_picked":["Reckless Charge","Infernal Blade","Thunderclap"],"picked":"SKIP","floor":37},{"not_picked":["Blood for Blood+1","Body Slam"],"picked":"Shrug It Off","floor":38},{"not_picked":["Cleave","Heavy Blade"],"picked":"Shrug It Off","floor":39},{"not_picked":["Fiend Fire","Twin Strike+1"],"picked":"Shockwave","floor":41},{"not_picked":["Warcry","Flex","Iron Wave+1"],"picked":"SKIP","floor":44},{"not_picked":["Warcry","Flex","Iron Wave+1"],"picked":"SKIP","floor":44},{"not_picked":["Forethought","Violence"],"picked":"Dark Shackles","floor":45},{"not_picked":["Good Instincts","Finesse"],"picked":"Dark Shackles","floor":45},{"not_picked":["Intimidate","Blood for Blood"],"picked":"Inflame","floor":47},{"not_picked":["Flex","Heavy Blade"],"picked":"Clothesline","floor":48}],"player_experience":665335,"relics_obtained":[{"floor":6,"key":"Pen Nib"},{"floor":9,"key":"Ancient Tea Set"},{"floor":14,"key":"Anchor"},{"floor":26,"key":"Lantern"},{"floor":29,"key":"Calipers"},{"floor":41,"key":"Thread and Needle"},{"floor":43,"key":"Orichalcum"}],"event_choices":[{"damage_healed":0,"gold_gain":275,"player_choice":"Desecrate","damage_taken":0,"max_hp_gain":0,"max_hp_loss":0,"event_name":"Golden Shrine","floor":5,"gold_loss":0,"cards_obtained":["Regret"]},{"damage_healed":0,"gold_gain":0,"player_choice":"Left Gold","damage_taken":0,"max_hp_gain":0,"max_hp_loss":0,"event_name":"World of Goop","floor":12,"gold_loss":52},{"damage_healed":0,"gold_gain":50,"player_choice":"Touch","damage_taken":7,"max_hp_gain":0,"max_hp_loss":0,"event_name":"FaceTrader","floor":19,"gold_loss":0},{"damage_healed":0,"gold_gain":0,"player_choice":"Inject Mutagens","damage_taken":0,"relics_obtained":["MutagenicStrength"],"max_hp_gain":0,"max_hp_loss":0,"event_name":"Drug Dealer","floor":22,"gold_loss":0},{"damage_healed":0,"gold_gain":0,"player_choice":"Simplicity","damage_taken":0,"max_hp_gain":0,"max_hp_loss":0,"event_name":"Back to Basics","floor":28,"gold_loss":0,"cards_upgraded":["Strike_R","Strike_R","Strike_R","Defend_R","Defend_R","Defend_R","Defend_R"]},{"damage_healed":0,"gold_gain":0,"player_choice":"Forge","damage_taken":0,"max_hp_gain":0,"max_hp_loss":0,"event_name":"Accursed Blacksmith","floor":36,"gold_loss":0,"cards_upgraded":["Heavy Blade"]},{"damage_healed":0,"gold_gain":0,"player_choice":"Memory 3","damage_taken":10,"max_hp_gain":0,"max_hp_loss":0,"event_name":"SensoryStone","floor":45,"gold_loss":0}],"is_beta":false,"boss_relics":[{"not_picked":["Black Blood","Tiny House"],"picked":"Astrolabe"},{"not_picked":["Mark of Pain","Calling Bell"],"picked":"Fusion Hammer"}],"items_purged_floors":[11,21],"is_endless":false,"potions_floor_spawned":[1,4,10,25,29,30,33,35,38,39,47],"ascension_level":17}