{"gold_per_floor":[114,129,139,154,170,170,170,170,196,196,214,224,224,259,259,355,355,369,388,388],"floor_reached":20,"playtime":2252,"items_purged":[],"score":178,"play_id":"469a3330-6328-43f0-ab3b-849ae2288b6a","local_time":"20181122132842","is_ascension_mode":false,"campfire_choices":[{"data":"Hello World","floor":6,"key":"SMITH"},{"data":"Zap","floor":8,"key":"SMITH"},{"data":"Dualcast","floor":10,"key":"SMITH"},{"data":"Rebound","floor":15,"key":"SMITH"}],"neow_cost":"NONE","seed_source_timestamp":747929937096559,"circlet_count":0,"master_deck":["Strike_B","Strike_B","Strike_B","Strike_B","Defend_B","Defend_B","Defend_B","Zap+1","Dualcast+1","Leap","Leap","Hello World+1","Skim","Rebound+1","Doom and Gloom","Steam","Parasite","Ball Lightning","Electrodynamics","Ball Lightning","Chill"],"relics":["Cracked Core","Dream Catcher","Regal Pillow","Inserter"],"potions_floor_usage":[14,20,20,20],"damage_taken":[{"damage":12,"enemies":"Small Slimes","floor":1,"turns":4},{"damage":0,"enemies":"2 Louse","floor":2,"turns":2},{"damage":0,"enemies":"Jaw Worm","floor":3,"turns":4},{"damage":7,"enemies":"Exordium Wildlife","floor":4,"turns":6},{"damage":0,"enemies":"Large Slime","floor":5,"turns":5},{"damage":4,"enemies":"Lots of Slimes","floor":11,"turns":4},{"damage":0,"enemies":"Exordium Wildlife","floor":12,"turns":3},{"damage":7,"enemies":"Gremlin Nob","floor":14,"turns":5},{"damage":23,"enemies":"The Guardian","floor":16,"turns":9},{"damage":5,"enemies":"3 Byrds","floor":18,"turns":2},{"damage":1,"enemies":"Chosen","floor":19,"turns":4},{"damage":25,"enemies":"Colosseum Slavers","floor":20,"turns":4},{"damage":51,"enemies":"Colosseum Nobs","floor":20,"turns":3}],"seed_played":"6565433944093695858","potions_obtained":[{"floor":4,"key":"PowerPotion"},{"floor":5,"key":"Weak Potion"},{"floor":14,"key":"FocusPotion"},{"floor":19,"key":"SteroidPotion"}],"is_trial":false,"path_per_floor":["M","M","M","M","M","R","?","R","T","R","M","M","?","E","R","B",null,"M","M","?"],"character_chosen":"DEFECT","items_purchased":[],"campfire_rested":0,"item_purchase_floors":[],"current_hp_per_floor":[63,63,63,56,56,56,61,61,61,61,57,57,77,70,70,47,80,75,74,0],"gold":388,"neow_bonus":"REMOVE_CARD","is_prod":false,"is_daily":false,"chose_seed":false,"campfire_upgraded":4,"win_rate":0.0,"timestamp":1542914922,"path_taken":["M","M","M","M","M","R","?","R","T","R","M","M","?","E","R","BOSS","M","M","?"],"build_version":"2018-11-15","purchased_purges":0,"victory":false,"max_hp_per_floor":[75,75,75,75,75,75,80,80,80,80,80,80,80,80,80,80,80,80,80,80],"card_choices":[{"not_picked":["Steam","Hologram"],"picked":"Leap","floor":1},{"not_picked":["White Noise","Stack"],"picked":"Leap","floor":2},{"not_picked":["Compile Driver","Go for the Eyes"],"picked":"Hello World","floor":3},{"not_picked":["Cold Snap","Beam Cell"],"picked":"Skim","floor":4},{"not_picked":["Leap","Fission"],"picked":"Rebound","floor":5},{"not_picked":["Stack","Barrage"],"picked":"Doom and Gloom","floor":11},{"not_picked":["Cold Snap","Hologram"],"picked":"Steam","floor":12},{"not_picked":["Steam","Steam Power"],"picked":"Ball Lightning","floor":14},{"not_picked":["Machine Learning","Creative AI"],"picked":"Electrodynamics","floor":16},{"not_picked":["Compile Driver","White Noise"],"picked":"Ball Lightning","floor":18},{"not_picked":["Go for the Eyes","Double Energy"],"picked":"Chill","floor":19}],"player_experience":15269,"relics_obtained":[{"floor":9,"key":"Dream Catcher"},{"floor":14,"key":"Regal Pillow"}],"event_choices":[{"damage_healed":0,"gold_gain":0,"player_choice":"Donut","damage_taken":0,"max_hp_gain":5,"max_hp_loss":0,"event_name":"Big Fish","floor":7,"gold_loss":0},{"damage_healed":20,"gold_gain":0,"player_choice":"Healed and dodged fight","damage_taken":0,"max_hp_gain":0,"max_hp_loss":0,"event_name":"Mushrooms","floor":13,"gold_loss":0,"cards_obtained":["Parasite"]},{"damage_healed":0,"gold_gain":0,"player_choice":"Fight","damage_taken":0,"max_hp_gain":0,"max_hp_loss":0,"event_name":"Colosseum","floor":20,"gold_loss":0},{"damage_healed":0,"gold_gain":0,"player_choice":"Fought Nobs","damage_taken":0,"max_hp_gain":0,"max_hp_loss":0,"event_name":"Colosseum","floor":20,"gold_loss":0}],"is_beta":false,"boss_relics":[{"not_picked":["Black Star","Runic Pyramid"],"picked":"Inserter"}],"items_purged_floors":[],"is_endless":false,"potions_floor_spawned":[4,5,14,19,20],"killed_by":"Colosseum Nobs","ascension_level":0}