{"gold_per_floor":[119,44,44,44,57,86,103,103,103,135,152,152,170,37,37,108,108,128,128,140,190,190,25,36,36,36,68,68],"floor_reached":28,"playtime":1669,"items_purged":[],"score":542,"play_id":"22c7d7ec-e3a3-4b64-84c2-02ce431bed22","local_time":"20191003203312","is_ascension_mode":true,"campfire_choices":[{"data":"Venomology","floor":12,"key":"SMITH"},{"data":"Footwork","floor":15,"key":"SMITH"},{"floor":25,"key":"REST"}],"neow_cost":"NONE","seed_source_timestamp":1147846379032198,"circlet_count":0,"master_deck":["AscendersBane","Strike_G+1","Defend_G+1","Defend_G+1","Defend_G+1","Defend_G+1","Defend_G+1","Survivor","Neutralize","Slice","Footwork","Venomology+1","Cloak And Dagger","Footwork+1","Escape Plan","Blur","Choke","Prepared","Malaise","Deflect"],"relics":["Ring of the Snake","NeowsBlessing","Dead Branch","TungstenRod","CloakClasp","Empty Cage","TwistedFunnel","Lizard Tail","Lantern"],"potions_floor_usage":[11,16,18,24,24,27,27],"damage_taken":[{"damage":0,"enemies":"Cultist","floor":1,"turns":1},{"damage":0,"enemies":"Jaw Worm","floor":5,"turns":1},{"damage":0,"enemies":"Lagavulin","floor":6,"turns":1},{"damage":0,"enemies":"Small Slimes","floor":7,"turns":6},{"damage":19,"enemies":"3 Sentries","floor":10,"turns":4},{"damage":0,"enemies":"Looter","floor":11,"turns":4},{"damage":0,"enemies":"2 Fungi Beasts","floor":13,"turns":6},{"damage":29,"enemies":"Hexaghost","floor":16,"turns":15},{"damage":4,"enemies":"Shell Parasite","floor":18,"turns":8},{"damage":0,"enemies":"Spheric Guardian","floor":20,"turns":13},{"damage":6,"enemies":"Snake Plant","floor":24,"turns":6},{"damage":70,"enemies":"Slavers","floor":27,"turns":11},{"damage":45,"enemies":"3 Cultists","floor":28,"turns":6}],"seed_played":"5176599840236137041","potions_obtained":[{"floor":5,"key":"Poison Potion"},{"floor":27,"key":"Ancient Potion"}],"is_trial":false,"path_per_floor":["M","?","$","?","M","E","M","?","T","E","M","R","M","$","R","B",null,"M","?","M","?","?","$","M","R","T","E","M"],"character_chosen":"THE_SILENT","items_purchased":["Choke","Prepared","TwistedFunnel"],"campfire_rested":1,"item_purchase_floors":[14,14,23],"current_hp_per_floor":[59,59,59,59,59,59,59,59,59,40,40,40,40,40,40,11,52,48,48,48,48,48,48,42,61,61,33,0],"gold":68,"neow_bonus":"THREE_ENEMY_KILL","is_prod":false,"is_daily":false,"chose_seed":false,"campfire_upgraded":2,"win_rate":0,"timestamp":1570152792,"path_taken":["M","?","$","?","M","E","M","?","T","E","M","R","?","$","R","BOSS","M","?","M","?","?","$","M","R","T","E","M"],"build_version":"2019-10-03","purchased_purges":0,"victory":false,"max_hp_per_floor":[66,66,66,66,66,66,66,66,66,66,66,66,66,66,66,66,66,66,66,66,66,66,66,66,66,66,66,66],"card_choices":[{"not_picked":["Deflect","PiercingWail"],"picked":"Slice","floor":1},{"not_picked":["Catalyst","Reflex"],"picked":"Footwork","floor":5},{"not_picked":["Sucker Punch","Tactician"],"picked":"Venomology","floor":6},{"not_picked":["Bane","Prepared"],"picked":"Cloak And Dagger","floor":7},{"not_picked":["Dodge and Roll","Sucker Punch"],"picked":"Footwork","floor":10},{"not_picked":["Riddle With Holes","Dash"],"picked":"Escape Plan","floor":11},{"not_picked":["Flying Knee","Underhanded Strike"],"picked":"Blur","floor":13},{"not_picked":["Venomology","Burst"],"picked":"Malaise","floor":16},{"not_picked":["Flechettes","Flying Knee","Sucker Punch"],"picked":"SKIP","floor":18},{"not_picked":["Poisoned Stab+1","PiercingWail"],"picked":"Deflect","floor":20},{"not_picked":["Infinite Blades","Sucker Punch","Acrobatics"],"picked":"SKIP","floor":24},{"not_picked":["Sucker Punch","Unload","Poisoned Stab"],"picked":"SKIP","floor":27}],"player_experience":778687,"relics_obtained":[{"floor":6,"key":"Dead Branch"},{"floor":9,"key":"TungstenRod"},{"floor":10,"key":"CloakClasp"},{"floor":26,"key":"Lizard Tail"},{"floor":27,"key":"Lantern"}],"event_choices":[{"cards_removed":["Strike_G"],"damage_healed":0,"gold_gain":0,"player_choice":"Card Removal","damage_taken":0,"max_hp_gain":0,"max_hp_loss":0,"event_name":"The Cleric","floor":2,"gold_loss":75},{"damage_healed":0,"gold_gain":0,"player_choice":"Ignored","damage_taken":0,"max_hp_gain":0,"max_hp_loss":0,"event_name":"Liars Game","floor":4,"gold_loss":0},{"cards_removed":["Strike_G"],"damage_healed":0,"gold_gain":0,"player_choice":"Purged","damage_taken":0,"max_hp_gain":0,"max_hp_loss":0,"event_name":"Purifier","floor":8,"gold_loss":0},{"damage_healed":0,"gold_gain":0,"player_choice":"Ignored","damage_taken":0,"max_hp_gain":0,"max_hp_loss":0,"event_name":"Ghosts","floor":19,"gold_loss":0},{"damage_healed":0,"gold_gain":50,"player_choice":"Stole From Cult","damage_taken":0,"max_hp_gain":0,"max_hp_loss":0,"event_name":"Nest","floor":21,"gold_loss":0},{"damage_healed":0,"gold_gain":0,"player_choice":"Simplicity","damage_taken":0,"max_hp_gain":0,"max_hp_loss":0,"event_name":"Back to Basics","floor":22,"gold_loss":0,"cards_upgraded":["Strike_G","Defend_G","Defend_G","Defend_G","Defend_G","Defend_G"]}],"is_beta":true,"boss_relics":[{"not_picked":["Sozu","Fusion Hammer"],"picked":"Empty Cage"}],"items_purged_floors":[],"is_endless":false,"potions_floor_spawned":[5,7,13,16,27],"killed_by":"3 Cultists","ascension_level":20}