{"gold_per_floor":[116,116,116,116,136,150,150,189,189,233,233,253,276,297,297,426,426,442,457,303,228,244,244,280,280,304,304,154,487,487,511,511,631,631,647,13,38,38,59,59,125,169,194,194,219,242,41,41],"floor_reached":48,"playtime":4704,"items_purged":["Strike_R","Defend_R","Bash+1","Inflame"],"score":614,"play_id":"a01d1d82-05eb-4ee6-9afe-37ef97a7dc8e","local_time":"20181202101713","is_ascension_mode":true,"campfire_choices":[{"data":"Iron Wave","floor":7,"key":"SMITH"},{"floor":11,"key":"REST"},{"floor":15,"key":"REST"},{"data":"True Grit","floor":23,"key":"SMITH"},{"data":"True Grit","floor":25,"key":"SMITH"},{"floor":30,"key":"REST"},{"floor":32,"key":"REST"},{"data":"Barricade","floor":40,"key":"SMITH"},{"data":"Power Through","floor":44,"key":"SMITH"}],"neow_cost":"NONE","seed_source_timestamp":1597992154500037,"circlet_count":0,"master_deck":["Strike_R","Defend_R","Defend_R","Defend_R","Iron Wave+1","Anger","Power Through+1","True Grit+1","Wild Strike","Immolate","Ghostly Armor","True Grit+1","Evolve","Flex","Shrug It Off","Barricade+1","Body Slam+1","Second Wind+1","Shrug It Off","Shrug It Off","Entrench+1","True Grit+1"],"relics":["Black Blood","Golden Idol","Art of War","Question Card","Pear","Empty Cage","Orichalcum","Pen Nib","Old Coin","ClockworkSouvenir","Molten Egg 2","SsserpentHead","Gremlin Horn","Anchor"],"potions_floor_usage":[10,14,22,24,24,24,31,41,46,48,48,48],"damage_taken":[{"damage":3,"enemies":"Jaw Worm","floor":1,"turns":5},{"damage":12,"enemies":"Small Slimes","floor":5,"turns":5},{"damage":1,"enemies":"Cultist","floor":6,"turns":3},{"damage":36,"enemies":"Gremlin Nob","floor":8,"turns":5},{"damage":37,"enemies":"Lagavulin","floor":10,"turns":8},{"damage":5,"enemies":"Lots of Slimes","floor":12,"turns":8},{"damage":2,"enemies":"Blue Slaver","floor":13,"turns":5},{"damage":5,"enemies":"3 Louse","floor":14,"turns":3},{"damage":61,"enemies":"Slime Boss","floor":16,"turns":14},{"damage":19,"enemies":"Chosen","floor":18,"turns":6},{"damage":13,"enemies":"3 Byrds","floor":19,"turns":7},{"damage":27,"enemies":"Snecko","floor":22,"turns":7},{"damage":29,"enemies":"Slavers","floor":24,"turns":4},{"damage":58,"enemies":"Gremlin Leader","floor":29,"turns":9},{"damage":5,"enemies":"Centurion and Healer","floor":31,"turns":5},{"damage":77,"enemies":"Collector","floor":33,"turns":16},{"damage":0,"enemies":"3 Shapes","floor":35,"turns":4},{"damage":11,"enemies":"Orb Walker","floor":37,"turns":6},{"damage":70,"enemies":"Maw","floor":39,"turns":13},{"damage":0,"enemies":"Spire Growth","floor":41,"turns":7},{"damage":34,"enemies":"Giant Head","floor":42,"turns":11},{"damage":0,"enemies":"Sphere and 2 Shapes","floor":45,"turns":7},{"damage":23,"enemies":"3 Darklings","floor":46,"turns":10},{"damage":27,"enemies":"Nemesis","floor":48,"turns":18}],"seed_played":"-4615801122189156771","potions_obtained":[{"floor":1,"key":"Swift Potion"},{"floor":5,"key":"Strength Potion"},{"floor":8,"key":"SmokeBomb"},{"floor":13,"key":"AttackPotion"},{"floor":18,"key":"AttackPotion"},{"floor":19,"key":"Energy Potion"},{"floor":22,"key":"Strength Potion"},{"floor":24,"key":"EssenceOfSteel"},{"floor":33,"key":"Dexterity Potion"},{"floor":42,"key":"SteroidPotion"},{"floor":45,"key":"Block Potion"}],"is_trial":false,"path_per_floor":["M","?","?","?","M","M","R","E","T","E","R","M","M","M","R","B",null,"M","M","$","?","M","R","E","R","T","?","$","E","R","M","R","B",null,"M","$","M","?","M","R","M","E","T","R","M","M","$","E"],"character_chosen":"IRONCLAD","items_purchased":["Evolve","Flex","ClockworkSouvenir","Molten Egg 2","Body Slam+1","Dexterity Potion","Swift Potion"],"campfire_rested":4,"item_purchase_floors":[20,28,36,36,36,47,47],"current_hp_per_floor":[88,88,66,71,65,70,70,40,40,19,49,50,54,55,85,30,103,90,83,83,83,62,62,39,39,39,73,73,21,51,52,82,11,103,103,103,102,102,42,42,52,28,28,28,38,25,25,0],"gold":41,"neow_bonus":"TEN_PERCENT_HP_BONUS","is_prod":false,"is_daily":false,"chose_seed":false,"campfire_upgraded":5,"win_rate":0,"timestamp":1543767433,"path_taken":["M","?","?","?","?","M","R","E","T","E","R","M","M","M","R","BOSS","M","M","$","?","M","R","E","R","T","?","$","E","R","M","R","BOSS","M","$","M","?","M","R","?","E","T","R","M","M","?","E"],"build_version":"2018-11-15","purchased_purges":4,"victory":false,"max_hp_per_floor":[88,88,88,93,93,93,93,93,93,103,103,103,103,103,103,103,103,103,103,103,103,103,103,103,103,103,103,103,103,103,103,103,103,103,103,103,103,103,103,103,103,103,103,103,103,103,103,103],"card_choices":[{"not_picked":["Rage","Perfected Strike","True Grit"],"picked":"SKIP","floor":1},{"not_picked":["True Grit","Heavy Blade"],"picked":"Iron Wave","floor":5},{"not_picked":["Body Slam","Wild Strike","Havoc"],"picked":"SKIP","floor":6},{"not_picked":["Dual Wield","Bloodletting"],"picked":"Anger","floor":8},{"not_picked":["Reaper","Sever Soul","Bludgeon"],"picked":"Power Through","floor":10},{"not_picked":["Heavy Blade","Perfected Strike","Inflame"],"picked":"True Grit","floor":12},{"not_picked":["Corruption","Havoc","Dropkick","Heavy Blade"],"picked":"SKIP","floor":13},{"not_picked":["Perfected Strike","Seeing Red","Infernal Blade"],"picked":"Wild Strike","floor":14},{"not_picked":["Feed","Reaper","Offering"],"picked":"Immolate","floor":16},{"not_picked":["Wild Strike","Combust","Heavy Blade+1"],"picked":"Ghostly Armor","floor":18},{"not_picked":["Shrug It Off","Entrench","Evolve"],"picked":"True Grit","floor":19},{"not_picked":["Pommel Strike","Perfected Strike","Iron Wave","Heavy Blade"],"picked":"SKIP","floor":22},{"not_picked":["Searing Blow","Feed","Havoc","Uppercut+1"],"picked":"SKIP","floor":24},{"not_picked":["Bloodletting","Spot Weakness","Body Slam"],"picked":"Shrug It Off","floor":29},{"not_picked":["Perfected Strike","Dual Wield","Cleave+1"],"picked":"Inflame","floor":31},{"not_picked":["Exhume","Reaper","Impervious"],"picked":"Barricade","floor":33},{"not_picked":["Perfected Strike+1","Clothesline+1","Heavy Blade","Twin Strike"],"picked":"SKIP","floor":35},{"not_picked":["Sword Boomerang+1","Flex","Evolve+1"],"picked":"Second Wind+1","floor":37},{"not_picked":["Havoc","Hemokinesis+1","Blood for Blood+1"],"picked":"Shrug It Off","floor":39},{"not_picked":["Sword Boomerang+1","Wild Strike+1","Thunderclap+1"],"picked":"Shrug It Off","floor":41},{"not_picked":["Iron Wave+1","Pommel Strike+1","Inflame"],"picked":"Entrench+1","floor":42},{"not_picked":["Heavy Blade+1","Berserk","Twin Strike+1","Headbutt+1"],"picked":"SKIP","floor":45},{"not_picked":["Pummel+1","Iron Wave+1","Perfected Strike+1"],"picked":"True Grit+1","floor":46}],"player_experience":160567,"relics_obtained":[{"floor":8,"key":"Art of War"},{"floor":9,"key":"Question Card"},{"floor":10,"key":"Pear"},{"floor":24,"key":"Orichalcum"},{"floor":26,"key":"Pen Nib"},{"floor":29,"key":"Old Coin"},{"floor":42,"key":"Gremlin Horn"},{"floor":43,"key":"Anchor"}],"event_choices":[{"damage_healed":0,"gold_gain":0,"player_choice":"Grow","damage_taken":0,"max_hp_gain":0,"max_hp_loss":0,"event_name":"Living Wall","floor":2,"gold_loss":0,"cards_upgraded":["Bash"]},{"damage_healed":0,"gold_gain":0,"player_choice":"Take Damage","damage_taken":22,"relics_obtained":["Golden Idol"],"max_hp_gain":0,"max_hp_loss":0,"event_name":"Golden Idol","floor":3,"gold_loss":0},{"damage_healed":0,"gold_gain":0,"player_choice":"Donut","damage_taken":0,"max_hp_gain":5,"max_hp_loss":0,"event_name":"Big Fish","floor":4,"gold_loss":0},{"cards_removed":["Strike_R"],"damage_healed":0,"gold_gain":0,"player_choice":"Gave Gold","damage_taken":0,"max_hp_gain":0,"max_hp_loss":0,"event_name":"Beggar","floor":21,"gold_loss":75},{"damage_healed":34,"gold_gain":0,"player_choice":"Heal","damage_taken":0,"max_hp_gain":0,"max_hp_loss":0,"event_name":"The Library","floor":27,"gold_loss":0},{"damage_healed":0,"gold_gain":0,"player_choice":"Trade","damage_taken":0,"relics_obtained":["SsserpentHead"],"max_hp_gain":0,"max_hp_loss":0,"event_name":"FaceTrader","floor":38,"gold_loss":0}],"is_beta":false,"boss_relics":[{"not_picked":["Mark of Pain","Philosopher\u0027s Stone"],"picked":"Empty Cage"},{"not_picked":["Calling Bell","Astrolabe"],"picked":"Black Blood"}],"items_purged_floors":[20,28,36,47],"is_endless":false,"potions_floor_spawned":[1,5,8,13,18,19,22,24,33,42,45],"killed_by":"Nemesis","ascension_level":1}