{"gold_per_floor":[18,33,33,48,59,79,92,142,142,13,13,28,28,18,18,18],"floor_reached":16,"playtime":1802,"items_purged":["Strike_G"],"score":182,"play_id":"badaac8c-6df9-4c08-80ed-b5eb4ce98eaa","local_time":"20190628182700","is_ascension_mode":true,"campfire_choices":[{"floor":11,"key":"REST"},{"data":"Neutralize","floor":15,"key":"SMITH"}],"neow_cost":"NO_GOLD","seed_source_timestamp":6311806603716,"circlet_count":0,"master_deck":["AscendersBane","Defend_G","Defend_G","Defend_G","Defend_G","Defend_G","Strike_G","Strike_G","Strike_G","Strike_G","Survivor","Neutralize+1","A Thousand Cuts","Backflip","Flying Knee","Poisoned Stab","Deadly Poison"],"relics":["Ring of the Snake","Bronze Scales","Golden Idol"],"potions_floor_usage":[7,14],"damage_taken":[{"damage":1,"enemies":"Cultist","floor":1,"turns":4},{"damage":12,"enemies":"Jaw Worm","floor":2,"turns":5},{"damage":1,"enemies":"Small Slimes","floor":4,"turns":5},{"damage":18,"enemies":"2 Fungi Beasts","floor":5,"turns":4},{"damage":2,"enemies":"Red Slaver","floor":6,"turns":5},{"damage":1,"enemies":"3 Louse","floor":7,"turns":3},{"damage":3,"enemies":"Blue Slaver","floor":12,"turns":3},{"damage":10,"enemies":"Exordium Thugs","floor":14,"turns":5},{"damage":25,"enemies":"Hexaghost","floor":16,"turns":9}],"seed_played":"-4304120158088344967","potions_obtained":[{"floor":4,"key":"Ancient Potion"},{"floor":5,"key":"Fire Potion"},{"floor":7,"key":"Energy Potion"}],"is_trial":false,"path_per_floor":["M","M","$","M","M","M","M","?","T","$","R","M","?","M","R","B"],"character_chosen":"THE_SILENT","items_purchased":["Deadly Poison"],"campfire_rested":1,"item_purchase_floors":[10],"current_hp_per_floor":[58,46,46,45,27,25,24,18,18,18,37,34,34,24,24,0],"gold":18,"neow_bonus":"THREE_RARE_CARDS","is_prod":false,"is_daily":false,"chose_seed":false,"campfire_upgraded":1,"win_rate":0,"timestamp":1561764420,"path_taken":["M","M","?","M","M","M","M","?","T","$","R","?","?","M","R","BOSS"],"build_version":"2019-01-23","purchased_purges":1,"victory":false,"max_hp_per_floor":[66,66,66,66,66,66,66,66,66,66,66,66,60,60,60,60],"card_choices":[{"not_picked":["Wraith Form v2","Doppelganger"],"picked":"A Thousand Cuts","floor":0},{"not_picked":["Outmaneuver","Deflect"],"picked":"Backflip","floor":1},{"not_picked":["Setup","Underhanded Strike","Heel Hook"],"picked":"SKIP","floor":2},{"not_picked":["Predator","Bane"],"picked":"Flying Knee","floor":4},{"not_picked":["Distraction","Dagger Throw"],"picked":"Poisoned Stab","floor":5},{"not_picked":["Underhanded Strike","Choke","Dagger Spray"],"picked":"SKIP","floor":6},{"not_picked":["Distraction","Quick Slash","Setup"],"picked":"SKIP","floor":7},{"not_picked":["Tools of the Trade","Blade Dance","Prepared"],"picked":"SKIP","floor":12},{"not_picked":["Sucker Punch","Flying Knee","Bane"],"picked":"SKIP","floor":14}],"player_experience":671232,"relics_obtained":[{"floor":9,"key":"Bronze Scales"}],"event_choices":[{"damage_healed":0,"gold_gain":50,"player_choice":"Touch","damage_taken":6,"max_hp_gain":0,"max_hp_loss":0,"event_name":"FaceTrader","floor":8,"gold_loss":0},{"damage_healed":0,"gold_gain":0,"player_choice":"Lose Max HP","damage_taken":0,"relics_obtained":["Golden Idol"],"max_hp_gain":0,"max_hp_loss":6,"event_name":"Golden Idol","floor":13,"gold_loss":0}],"is_beta":false,"boss_relics":[],"items_purged_floors":[10],"is_endless":false,"potions_floor_spawned":[4,5,7],"killed_by":"Hexaghost","ascension_level":18}