{"gold_per_floor":[114,114,28,39,39,74,74,99,99,99,174,174,184,212,212,285,285,297,297,313,330,345,375,392,160,212,212],"floor_reached":27,"playtime":1145,"items_purged":["Strike_R"],"score":511,"play_id":"54f4c6ec-0243-4e80-8086-1ddac3d2d518","local_time":"20190621234302","is_ascension_mode":true,"campfire_choices":[{"data":"Disarm","floor":7,"key":"SMITH"},{"data":"Carnage","floor":10,"key":"SMITH"},{"data":"Metallicize","floor":15,"key":"SMITH"}],"neow_cost":"NONE","seed_source_timestamp":557203193336505,"circlet_count":0,"master_deck":["AscendersBane","Strike_R","Strike_R+1","Strike_R","Defend_R","Defend_R","Defend_R","Defend_R","Bash","Disarm+1","Rampage+1","Carnage+1","Anger","Metallicize+1","Reaper","Spot Weakness","RitualDagger","Corruption+1","Headbutt+1"],"relics":["Burning Blood","NeowsBlessing","StoneCalendar","Meat on the Bone","Self Forming Clay","Dream Catcher","Fusion Hammer","Molten Egg 2","PreservedInsect","Anchor"],"potions_floor_usage":[8,14,23,23,27,27],"damage_taken":[{"damage":0,"enemies":"Cultist","floor":1,"turns":1},{"damage":0,"enemies":"2 Louse","floor":4,"turns":2},{"damage":0,"enemies":"3 Sentries","floor":6,"turns":1},{"damage":26,"enemies":"Gremlin Nob","floor":8,"turns":4},{"damage":4,"enemies":"Jaw Worm","floor":13,"turns":2},{"damage":10,"enemies":"Lagavulin","floor":14,"turns":5},{"damage":7,"enemies":"The Guardian","floor":16,"turns":10},{"damage":11,"enemies":"3 Byrds","floor":18,"turns":7},{"damage":13,"enemies":"Shell Parasite","floor":20,"turns":4},{"damage":13,"enemies":"Snake Plant","floor":21,"turns":5},{"damage":55,"enemies":"3 Cultists","floor":22,"turns":7},{"damage":27,"enemies":"Book of Stabbing","floor":23,"turns":6},{"damage":43,"enemies":"Shelled Parasite and Fungi","floor":24,"turns":3},{"damage":25,"enemies":"Chosen and Byrds","floor":27,"turns":3}],"seed_played":"131360205114062134","potions_obtained":[{"floor":1,"key":"AttackPotion"},{"floor":6,"key":"Energy Potion"},{"floor":8,"key":"BloodPotion"},{"floor":13,"key":"SteroidPotion"},{"floor":20,"key":"SteroidPotion"},{"floor":23,"key":"SteroidPotion"},{"floor":24,"key":"Fire Potion"}],"is_trial":false,"path_per_floor":["M","?","$","M","?","E","R","E","T","R","?","?","M","E","R","B",null,"M","?","M","M","M","E","M","$","T","M"],"character_chosen":"IRONCLAD","items_purchased":["Rampage","PreservedInsect"],"campfire_rested":0,"item_purchase_floors":[3,25],"current_hp_per_floor":[74,79,79,80,56,62,62,42,42,42,31,31,45,53,53,52,73,74,68,76,71,41,50,25,25,25,0],"gold":212,"neow_bonus":"THREE_ENEMY_KILL","is_prod":false,"is_daily":false,"chose_seed":false,"campfire_upgraded":3,"win_rate":0,"timestamp":1561178582,"path_taken":["M","?","$","M","?","E","R","E","T","R","?","?","M","E","R","BOSS","M","?","M","M","M","E","M","$","T","M"],"build_version":"2019-01-23","purchased_purges":1,"victory":false,"max_hp_per_floor":[75,80,80,80,80,80,80,80,80,80,80,80,80,80,80,80,80,80,80,80,80,80,80,80,80,80,80],"card_choices":[{"not_picked":["Burning Pact","Shrug It Off"],"picked":"Disarm","floor":1},{"not_picked":["Warcry","Infernal Blade","Flex"],"picked":"SKIP","floor":4},{"not_picked":["Rampage","Perfected Strike"],"picked":"Carnage","floor":6},{"not_picked":["Carnage","Sword Boomerang"],"picked":"Anger","floor":8},{"not_picked":["Wild Strike","Warcry"],"picked":"Metallicize","floor":13},{"not_picked":["Thunderclap","Anger","Havoc"],"picked":"SKIP","floor":14},{"not_picked":["Feed","Brutality"],"picked":"Reaper","floor":16},{"not_picked":["Pommel Strike","Sword Boomerang"],"picked":"Spot Weakness","floor":18},{"not_picked":["Cleave","Flex","Havoc"],"picked":"SKIP","floor":20},{"not_picked":["Searing Blow","Corruption","Flex"],"picked":"SKIP","floor":21},{"not_picked":["Fire Breathing","Sword Boomerang"],"picked":"Corruption+1","floor":22},{"not_picked":["Corruption","Brutality"],"picked":"Headbutt","floor":23},{"not_picked":["Armaments","Headbutt+1","Rupture"],"picked":"SKIP","floor":24}],"player_experience":629146,"relics_obtained":[{"floor":6,"key":"StoneCalendar"},{"floor":8,"key":"Meat on the Bone"},{"floor":9,"key":"Self Forming Clay"},{"floor":14,"key":"Dream Catcher"},{"floor":23,"key":"Molten Egg 2"},{"floor":26,"key":"Anchor"}],"event_choices":[{"damage_healed":0,"gold_gain":0,"player_choice":"Donut","damage_taken":0,"max_hp_gain":5,"max_hp_loss":0,"event_name":"Big Fish","floor":2,"gold_loss":0},{"damage_healed":0,"gold_gain":0,"player_choice":"Entered Light","damage_taken":24,"max_hp_gain":0,"max_hp_loss":0,"event_name":"Shining Light","floor":5,"gold_loss":0,"cards_upgraded":["Rampage","Strike_R"]},{"damage_healed":0,"gold_gain":75,"player_choice":"Gather Gold","damage_taken":11,"max_hp_gain":0,"max_hp_loss":0,"event_name":"World of Goop","floor":11,"gold_loss":0},{"cards_removed":["Strike_R"],"damage_healed":0,"gold_gain":0,"player_choice":"Offered Basic","damage_taken":0,"max_hp_gain":0,"max_hp_loss":0,"event_name":"Bonfire Elementals","floor":12,"gold_loss":0},{"damage_healed":0,"gold_gain":0,"player_choice":"Joined the Cult","damage_taken":6,"max_hp_gain":0,"max_hp_loss":0,"event_name":"Nest","floor":19,"gold_loss":0,"cards_obtained":["RitualDagger"]}],"is_beta":false,"boss_relics":[{"not_picked":["Mark of Pain","Busted Crown"],"picked":"Fusion Hammer"}],"items_purged_floors":[25],"is_endless":false,"potions_floor_spawned":[1,6,8,13,20,21,23,24],"killed_by":"Chosen and Byrds","ascension_level":17}