{"gold_per_floor":[113,213,231,156,169,169,169,184,184,184,199,218,218,238,238,238],"floor_reached":16,"playtime":701,"items_purged":["Defend_B"],"score":99,"play_id":"e0ded699-b3c8-4ea9-84b4-2462843561f5","local_time":"20181211171050","is_ascension_mode":true,"campfire_choices":[{"data":"Strike_B","floor":7,"key":"SMITH"},{"data":"Fusion","floor":10,"key":"SMITH"},{"data":"Sweeping Beam","floor":13,"key":"SMITH"},{"floor":15,"key":"REST"}],"neow_cost":"NONE","seed_source_timestamp":2404416362427664,"circlet_count":0,"master_deck":["Strike_B+1","Strike_B","Strike_B","Strike_B","Defend_B","Defend_B","Defend_B","Reinforced Body+1","Fusion+1","Sweeping Beam+1","Genetic Algorithm"],"relics":["Empty Cage","Letter Opener"],"potions_floor_usage":[16,16],"damage_taken":[{"damage":7,"enemies":"Cultist","floor":1,"turns":5},{"damage":6,"enemies":"Jaw Worm","floor":3,"turns":4},{"damage":0,"enemies":"2 Louse","floor":5,"turns":5},{"damage":5,"enemies":"2 Fungi Beasts","floor":8,"turns":4},{"damage":11,"enemies":"Exordium Wildlife","floor":11,"turns":5},{"damage":0,"enemies":"3 Louse","floor":12,"turns":4},{"damage":1,"enemies":"2 Fungi Beasts","floor":14,"turns":3},{"damage":74,"enemies":"Hexaghost","floor":16,"turns":14}],"seed_played":"6435864447790373389","potions_obtained":[{"floor":3,"key":"Weak Potion"},{"floor":11,"key":"Block Potion"},{"floor":14,"key":"Explosive Potion"}],"is_trial":false,"path_per_floor":["M","?","M","$","M","?","R","M","T","R","M","M","R","M","R","B"],"character_chosen":"DEFECT","items_purchased":[],"campfire_rested":1,"item_purchase_floors":[],"current_hp_per_floor":[68,68,62,62,62,62,62,57,57,57,46,46,46,45,67,0],"gold":238,"neow_bonus":"BOSS_RELIC","is_prod":false,"is_daily":false,"chose_seed":false,"campfire_upgraded":3,"win_rate":0,"timestamp":1544569850,"path_taken":["M","?","?","$","M","?","R","?","T","R","M","M","R","M","R","BOSS"],"build_version":"2018-12-06","purchased_purges":1,"victory":false,"max_hp_per_floor":[75,75,75,75,75,75,75,75,75,75,75,75,75,75,75,75],"card_choices":[{"not_picked":["Compile Driver","Stack"],"picked":"Reinforced Body","floor":1},{"not_picked":["Consume","Darkness","Barrage"],"picked":"SKIP","floor":3},{"not_picked":["Beam Cell","Turbo","Ball Lightning"],"picked":"SKIP","floor":5},{"not_picked":["Go for the Eyes","Darkness"],"picked":"Fusion","floor":8},{"not_picked":["Redo","Storm","Barrage"],"picked":"SKIP","floor":11},{"not_picked":["Aggregate","Cold Snap"],"picked":"Sweeping Beam","floor":12},{"not_picked":["Capacitor","Steam Power"],"picked":"Genetic Algorithm","floor":14}],"player_experience":263148,"relics_obtained":[{"floor":9,"key":"Letter Opener"}],"event_choices":[{"damage_healed":0,"gold_gain":100,"player_choice":"Pray","damage_taken":0,"max_hp_gain":0,"max_hp_loss":0,"event_name":"Golden Shrine","floor":2,"gold_loss":0},{"damage_healed":0,"gold_gain":0,"player_choice":"Upgraded","damage_taken":0,"max_hp_gain":0,"max_hp_loss":0,"event_name":"Upgrade Shrine","floor":6,"gold_loss":0,"cards_upgraded":["Reinforced Body"]}],"is_beta":false,"boss_relics":[],"items_purged_floors":[4],"is_endless":false,"potions_floor_spawned":[3,11,14],"killed_by":"Hexaghost","ascension_level":1}