{"gold_per_floor":[119,132,152,152,31,31,65,76,101,51,68,82,82,112,112,217,217,229,229,239,255,255,255,255,283,283,337,354,365,365,10,10,112,112,129,481,481,492,509,509,519,531,581,599,599,599,611,630,630,630],"floor_reached":51,"playtime":6149,"items_purged":["Defend_P"],"score":804,"play_id":"955aa8c8-4507-41c5-8fed-41182c481514","local_time":"20190925230800","is_ascension_mode":true,"campfire_choices":[{"data":"Eruption","floor":6,"key":"SMITH"},{"data":"SashWhip","floor":13,"key":"SMITH"},{"data":"SashWhip","floor":15,"key":"SMITH"},{"data":"CrushJoints","floor":23,"key":"SMITH"},{"floor":32,"key":"REST"},{"data":"Nirvana","floor":40,"key":"SMITH"},{"data":"Indignation","floor":46,"key":"SMITH"},{"data":"Dark Shackles","floor":49,"key":"SMITH"}],"neow_cost":"NONE","seed_source_timestamp":1222169525162242,"circlet_count":0,"master_deck":["Strike_P+1","Strike_P+1","Strike_P+1","Strike_P+1","Eruption+1","Vigilance","Perseverance","DeceiveReality","CutThroughFate","SashWhip+1","Indignation+1","Perseverance","Protect","SashWhip+1","CutThroughFate","DeusExMachina","CrushJoints+1","DeceiveReality","CutThroughFate","FollowUp+1","RitualDagger","CutThroughFate+1","FlyingSleeves+1","Nirvana+1","DeceiveReality+1","Vault","EmptyFist+1","ThirdEye+1","Dark Shackles+1","WindmillStrike+1","Tantrum","Clumsy"],"relics":["Cursed Key","Orichalcum","Boot","Omamori","Empty Cage","Thread and Needle","White Beast Statue","Dream Catcher","Dead Branch","SacredBark","Old Coin","Potion Belt"],"potions_floor_usage":[21,25,30,33,33,33,36,36,48,50,50,50,50,50,50,50,50,50,50],"damage_taken":[{"damage":1,"enemies":"2 Louse","floor":1,"turns":2},{"damage":0,"enemies":"Cultist","floor":2,"turns":3},{"damage":0,"enemies":"Small Slimes","floor":3,"turns":5},{"damage":15,"enemies":"Lagavulin","floor":7,"turns":4},{"damage":6,"enemies":"Red Slaver","floor":8,"turns":6},{"damage":0,"enemies":"2 Fungi Beasts","floor":11,"turns":2},{"damage":0,"enemies":"Large Slime","floor":12,"turns":4},{"damage":1,"enemies":"3 Sentries","floor":14,"turns":8},{"damage":1,"enemies":"Hexaghost","floor":16,"turns":8},{"damage":6,"enemies":"Chosen","floor":18,"turns":5},{"damage":0,"enemies":"Spheric Guardian","floor":20,"turns":2},{"damage":13,"enemies":"3 Cultists","floor":21,"turns":5},{"damage":8,"enemies":"Book of Stabbing","floor":25,"turns":4},{"damage":10,"enemies":"Shelled Parasite and Fungi","floor":28,"turns":4},{"damage":2,"enemies":"Snecko","floor":29,"turns":3},{"damage":0,"enemies":"Centurion and Healer","floor":30,"turns":2},{"damage":0,"enemies":"Champ","floor":33,"turns":5},{"damage":0,"enemies":"3 Shapes","floor":35,"turns":11},{"damage":0,"enemies":"2 Orb Walkers","floor":36,"turns":3},{"damage":0,"enemies":"Orb Walker","floor":38,"turns":2},{"damage":0,"enemies":"Jaw Worm Horde","floor":39,"turns":2},{"damage":0,"enemies":"Transient","floor":41,"turns":5},{"damage":8,"enemies":"Writhing Mass","floor":42,"turns":5},{"damage":0,"enemies":"4 Shapes","floor":44,"turns":6},{"damage":7,"enemies":"Jaw Worm Horde","floor":47,"turns":2},{"damage":2,"enemies":"Transient","floor":48,"turns":5},{"damage":37,"enemies":"Time Eater","floor":50,"turns":6}],"seed_played":"-422338184145802730","potions_obtained":[{"floor":1,"key":"Strength Potion"},{"floor":2,"key":"PowerPotion"},{"floor":7,"key":"SteroidPotion"},{"floor":28,"key":"Strength Potion"},{"floor":29,"key":"SmokeBomb"},{"floor":33,"key":"Dexterity Potion"},{"floor":35,"key":"Fire Potion"},{"floor":36,"key":"LiquidBronze"},{"floor":38,"key":"Swift Potion"},{"floor":39,"key":"AttackPotion"},{"floor":41,"key":"PowerPotion"},{"floor":44,"key":"Energy Potion"},{"floor":47,"key":"Regen Potion"},{"floor":48,"key":"EntropicBrew"}],"is_trial":false,"path_per_floor":["M","M","M","?","$","R","E","M","T","?","M","M","R","E","R","B",null,"M","?","M","M","?","R","?","E","T","T","M","M","M","$","R","B",null,"M","?","?","M","M","R","M","M","T","M","T","R","M","M","R","B",null],"character_chosen":"WATCHER","items_purchased":["SashWhip","Dead Branch","Strength Potion"],"campfire_rested":1,"item_purchase_floors":[5,31,31],"current_hp_per_floor":[64,64,64,64,64,64,49,43,43,43,43,43,43,42,42,41,65,59,59,59,46,46,46,40,32,32,32,22,20,20,20,39,39,65,65,65,65,65,65,65,65,57,57,57,57,57,50,65,65,28],"gold":630,"neow_bonus":"BOSS_RELIC","is_prod":false,"is_daily":false,"chose_seed":false,"campfire_upgraded":7,"win_rate":1,"timestamp":1569470880,"path_taken":["M","M","M","?","$","R","E","?","T","?","M","M","R","E","R","BOSS","M","?","M","?","?","R","?","E","T","?","M","M","?","?","R","BOSS","M","?","?","?","M","R","M","M","T","M","?","R","M","M","R","BOSS"],"build_version":"2019-09-25","purchased_purges":1,"victory":true,"max_hp_per_floor":[65,65,65,65,65,65,65,65,65,65,65,65,65,65,65,65,65,65,65,65,65,65,65,65,65,65,65,65,65,65,65,65,65,65,65,65,65,65,65,65,65,65,65,65,65,65,65,65,65,65],"card_choices":[{"not_picked":["Vengeance","Evaluate"],"picked":"Perseverance","floor":1},{"not_picked":["ClearTheMind","PathToVictory","Halt"],"picked":"SKIP","floor":2},{"not_picked":["Meditate","ThirdEye"],"picked":"DeceiveReality","floor":3},{"not_picked":["ThirdEye","Fasting"],"picked":"Indignation","floor":7},{"not_picked":["Weave","JustLucky"],"picked":"Perseverance","floor":8},{"not_picked":["Prostrate","SignatureMove"],"picked":"Protect","floor":11},{"not_picked":["BowlingBash","Protect"],"picked":"SashWhip","floor":12},{"not_picked":["EmptyBody","FearNoEvil"],"picked":"CutThroughFate","floor":14},{"not_picked":["Blasphemy","Unraveling"],"picked":"DeusExMachina","floor":16},{"not_picked":["Fasting+1","BowlingBash"],"picked":"CrushJoints","floor":18},{"not_picked":["WheelKick","Weave+1"],"picked":"CutThroughFate","floor":20},{"not_picked":["ClearTheMind","Halt"],"picked":"FollowUp+1","floor":21},{"not_picked":["Crescendo","SandsOfTime"],"picked":"CutThroughFate+1","floor":25},{"not_picked":["ClearTheMind","BowlingBash"],"picked":"FlyingSleeves+1","floor":28},{"not_picked":["WheelKick+1","JustLucky"],"picked":"Nirvana","floor":29},{"not_picked":["SashWhip+1","BowlingBash"],"picked":"DeceiveReality+1","floor":32},{"not_picked":["DevaForm","Adaptation"],"picked":"Vault","floor":33},{"not_picked":["Swivel+1","Protect"],"picked":"EmptyFist+1","floor":35},{"not_picked":["EmptyFist+1","Consecrate+1"],"picked":"ThirdEye+1","floor":36},{"not_picked":["Impatience","Good Instincts"],"picked":"Dark Shackles","floor":37},{"not_picked":["Devotion","SashWhip+1","JustLucky"],"picked":"SKIP","floor":38},{"not_picked":["MentalFortress+1","SandsOfTime","Perseverance"],"picked":"SKIP","floor":39},{"not_picked":["ClearTheMind","EmptyFist"],"picked":"WindmillStrike+1","floor":41},{"not_picked":["MentalFortress","ClearTheMind"],"picked":"Tantrum","floor":42},{"not_picked":["Worship","Prostrate","Tantrum"],"picked":"SKIP","floor":44},{"not_picked":["SandsOfTime+1","Halt","MentalFortress+1"],"picked":"SKIP","floor":47},{"not_picked":["FlurryOfBlows","EmptyBody+1","Protect"],"picked":"SKIP","floor":48}],"player_experience":140591,"relics_obtained":[{"floor":7,"key":"Orichalcum"},{"floor":9,"key":"Boot"},{"floor":14,"key":"Omamori"},{"floor":25,"key":"Thread and Needle"},{"floor":26,"key":"White Beast Statue"},{"floor":27,"key":"Dream Catcher"},{"floor":36,"key":"Old Coin"},{"floor":43,"key":"Potion Belt"}],"event_choices":[{"damage_healed":0,"gold_gain":0,"player_choice":"1 cards matched","damage_taken":0,"max_hp_gain":0,"max_hp_loss":0,"event_name":"Match and Keep!","floor":4,"gold_loss":0,"cards_obtained":["CutThroughFate"]},{"cards_removed":["Pain"],"damage_healed":0,"gold_gain":0,"player_choice":"Card Removal","damage_taken":0,"max_hp_gain":0,"max_hp_loss":0,"event_name":"The Cleric","floor":10,"gold_loss":50},{"damage_healed":0,"gold_gain":0,"cards_transformed":["Defend_P"],"player_choice":"Transformed","damage_taken":0,"max_hp_gain":0,"max_hp_loss":0,"event_name":"Transmorgrifier","floor":19,"gold_loss":0,"cards_obtained":["DeceiveReality"]},{"damage_healed":0,"gold_gain":0,"player_choice":"Simplicity","damage_taken":0,"max_hp_gain":0,"max_hp_loss":0,"event_name":"Back to Basics","floor":22,"gold_loss":0,"cards_upgraded":["Strike_P","Strike_P","Strike_P","Strike_P"]},{"damage_healed":0,"gold_gain":0,"player_choice":"Joined the Cult","damage_taken":6,"max_hp_gain":0,"max_hp_loss":0,"event_name":"Nest","floor":24,"gold_loss":0,"cards_obtained":["RitualDagger"]},{"damage_healed":0,"gold_gain":0,"player_choice":"Fight","damage_taken":0,"max_hp_gain":0,"max_hp_loss":0,"event_name":"Mysterious Sphere","floor":36,"gold_loss":0},{"damage_healed":0,"gold_gain":0,"player_choice":"Memory 1","damage_taken":0,"max_hp_gain":0,"max_hp_loss":0,"event_name":"SensoryStone","floor":37,"gold_loss":0}],"is_beta":true,"boss_relics":[{"not_picked":["Runic Dome","Coffee Dripper"],"picked":"Empty Cage"},{"not_picked":["SlaversCollar","Black Star"],"picked":"SacredBark"}],"items_purged_floors":[5],"is_endless":false,"potions_floor_spawned":[1,2,7,18,28,29,30,33,35,36,38,39,41,42,44,47,48],"ascension_level":2}