{"gold_per_floor":[111,34,49,69,69,103,115,149,172,203,203,214,214,227,227,302,302,302,34,53,53,66,66,66,101,152,152,152,152,152,163,163,240,240,259,45,61,61,61,86,86,102,102,130,142,154,181,224,236,248],"floor_reached":50,"playtime":3034,"items_purged":["Writhe"],"score":1024,"play_id":"99a52395-e49a-4c10-adb6-5c4ab5cfb1cc","local_time":"20190622230946","is_ascension_mode":true,"campfire_choices":[{"floor":11.0,"key":"REST"},{"floor":13.0,"key":"REST"},{"data":"Spot Weakness","floor":15.0,"key":"SMITH"},{"floor":23.0,"key":"REST"},{"floor":27.0,"key":"REST"},{"floor":32.0,"key":"REST"},{"floor":41.0,"key":"REST"},{"floor":45.0,"key":"REST"},{"floor":49,"key":"REST"}],"neow_cost":"NONE","seed_source_timestamp":638905279839308,"circlet_count":0,"master_deck":["AscendersBane","Strike_R+1","Strike_R+1","Strike_R+1","Strike_R+1","Strike_R+1","Defend_R+1","Defend_R+1","Defend_R+1","Defend_R+1","Bash","Iron Wave","Inflame","Reckless Charge","Iron Wave","Metallicize","Spot Weakness+1","Shrug It Off","Sword Boomerang","Thunderclap","Demon Form","Master of Strategy","Anger","Seeing Red+1","Armaments+1","Shrug It Off","Iron Wave+1","Sword Boomerang","Offering+1","Sword Boomerang","Disarm+1","Inflame","Heavy Blade","Second Wind+1","Ghostly Armor","Shrug It Off"],"special_seed":0,"relics":["Burning Blood","NeowsBlessing","Omamori","Strawberry","Regal Pillow","Dream Catcher","Juzu Bracelet","Calling Bell","Art of War","Mummified Hand","Champion Belt","Anchor","Happy Flower","Velvet Choker","PreservedInsect","War Paint","MawBank","Smiling Mask"],"potions_floor_usage":[48,48,50],"damage_taken":[{"damage":0.0,"enemies":"Jaw Worm","floor":1.0,"turns":1.0},{"damage":0.0,"enemies":"Small Slimes","floor":3.0,"turns":1.0},{"damage":0.0,"enemies":"Cultist","floor":4.0,"turns":1.0},{"damage":30.0,"enemies":"3 Sentries","floor":6.0,"turns":9.0},{"damage":3.0,"enemies":"2 Fungi Beasts","floor":7.0,"turns":4.0},{"damage":37.0,"enemies":"Lagavulin","floor":8.0,"turns":10.0},{"damage":24.0,"enemies":"Gremlin Nob","floor":10.0,"turns":4.0},{"damage":19.0,"enemies":"Exordium Thugs","floor":12.0,"turns":5.0},{"damage":12.0,"enemies":"Lots of Slimes","floor":14.0,"turns":4.0},{"damage":45.0,"enemies":"The Guardian","floor":16.0,"turns":13.0},{"damage":11.0,"enemies":"Spheric Guardian","floor":18.0,"turns":3.0},{"damage":28.0,"enemies":"Chosen","floor":20.0,"turns":7.0},{"damage":26.0,"enemies":"Snecko","floor":22.0,"turns":7.0},{"damage":49.0,"enemies":"Book of Stabbing","floor":25.0,"turns":6.0},{"damage":9.0,"enemies":"Centurion and Healer","floor":31.0,"turns":5.0},{"damage":63.0,"enemies":"Collector","floor":33.0,"turns":7.0},{"damage":22.0,"enemies":"3 Darklings","floor":35.0,"turns":6.0},{"damage":7.0,"enemies":"3 Shapes","floor":37.0,"turns":7.0},{"damage":36.0,"enemies":"Giant Head","floor":40.0,"turns":6.0},{"damage":49.0,"enemies":"Sphere and 2 Shapes","floor":42.0,"turns":7.0},{"damage":7.0,"enemies":"Writhing Mass","floor":44.0,"turns":6.0},{"damage":38.0,"enemies":"Spire Growth","floor":47.0,"turns":5.0},{"damage":15,"enemies":"Nemesis","floor":48,"turns":5},{"damage":46,"enemies":"Awakened One","floor":50,"turns":3}],"seed_played":"1805121591076323634","potions_obtained":[{"floor":4.0,"key":"SkillPotion"},{"floor":8.0,"key":"FearPotion"},{"floor":10.0,"key":"SteroidPotion"},{"floor":12.0,"key":"GamblersBrew"},{"floor":14.0,"key":"SmokeBomb"},{"floor":21.0,"key":"SkillPotion"},{"floor":21.0,"key":"GamblersBrew"},{"floor":31.0,"key":"Ancient Potion"},{"floor":33.0,"key":"PowerPotion"},{"floor":47.0,"key":"FearPotion"},{"floor":48,"key":"Energy Potion"}],"is_trial":false,"path_per_floor":["M","$","M","M","?","E","M","E","T","E","R","M","R","M","R","B",null,"M","$","M","?","M","R","$","E","T","R","?","?","?","M","R","B",null,"M","$","M","?","?","E","R","M","T","M","R","?","M","E","R","B"],"character_chosen":"IRONCLAD","items_purchased":["Inflame","Master of Strategy","PreservedInsect","Energy Potion"],"campfire_rested":8,"item_purchase_floors":[2,19,36,36],"current_hp_per_floor":[74,74,75,75,70,53,56,25,25,7,46,33,72,66,66,27,68,63,63,41,41,21,60,60,17,17,56,56,56,56,53,82,25,68,52,52,51,51,46,16,54,11,11,10,48,48,16,7,44,0],"gold":248,"neow_bonus":"THREE_ENEMY_KILL","is_prod":false,"is_daily":false,"chose_seed":false,"campfire_upgraded":1,"win_rate":0,"timestamp":1561262986,"path_taken":["M","$","M","M","?","E","M","E","T","E","R","M","R","M","R","BOSS","M","$","M","?","M","R","$","E","T","R","?","?","?","M","R","BOSS","M","$","M","?","?","E","R","M","T","M","R","?","M","E","R","BOSS"],"build_version":"2019-01-23","purchased_purges":1,"victory":false,"max_hp_per_floor":[75,75,75,75,75,82,82,82,82,82,82,82,82,82,82,82,82,82,82,82,82,82,82,82,82,82,82,82,82,82,82,82,82,82,82,82,82,78,78,78,78,78,78,78,78,75,75,75,75,75],"card_choices":[{"not_picked":["Armaments","Body Slam"],"picked":"Iron Wave","floor":1.0},{"not_picked":["Warcry","Seeing Red"],"picked":"Reckless Charge","floor":3.0},{"not_picked":["Flex","Body Slam"],"picked":"Iron Wave","floor":4.0},{"not_picked":["Body Slam","Clothesline"],"picked":"Metallicize","floor":6.0},{"not_picked":["Perfected Strike","Metallicize"],"picked":"Spot Weakness","floor":7.0},{"not_picked":["Metallicize","Whirlwind"],"picked":"Shrug It Off","floor":8.0},{"not_picked":["Evolve","Feel No Pain"],"picked":"Sword Boomerang","floor":10.0},{"not_picked":["Rage","Entrench"],"picked":"Thunderclap","floor":11.0},{"not_picked":["Cleave","Pommel Strike","Thunderclap"],"picked":"SKIP","floor":12.0},{"not_picked":["Sever Soul","Brutality","Sword Boomerang"],"picked":"SKIP","floor":14.0},{"not_picked":["Barricade","Double Tap"],"picked":"Demon Form","floor":16.0},{"not_picked":["Twin Strike","Shrug It Off"],"picked":"Anger","floor":20.0},{"not_picked":["Fire Breathing","Havoc"],"picked":"Seeing Red+1","floor":22.0},{"not_picked":["Perfected Strike","Searing Blow"],"picked":"Armaments","floor":23.0},{"not_picked":["Bludgeon","Limit Break"],"picked":"Shrug It Off","floor":25.0},{"not_picked":["Searing Blow","Body Slam"],"picked":"Iron Wave+1","floor":27.0},{"not_picked":["Carnage","Flame Barrier"],"picked":"Sword Boomerang","floor":31.0},{"not_picked":["Exhume","Limit Break"],"picked":"Offering","floor":33.0},{"not_picked":["Entrench","Dual Wield","Armaments+1"],"picked":"SKIP","floor":35.0},{"not_picked":["Cleave","Warcry"],"picked":"Sword Boomerang","floor":37.0},{"not_picked":["Flex","Heavy Blade+1"],"picked":"Disarm+1","floor":40.0},{"not_picked":["Headbutt+1","Flex"],"picked":"Inflame","floor":41.0},{"not_picked":["Thunderclap+1","Havoc"],"picked":"Heavy Blade","floor":42.0},{"not_picked":["Iron Wave","Thunderclap+1"],"picked":"Second Wind+1","floor":44.0},{"not_picked":["Havoc+1","Pummel+1"],"picked":"Ghostly Armor","floor":45.0},{"not_picked":["Entrench","True Grit"],"picked":"Shrug It Off","floor":47.0},{"not_picked":["Heavy Blade","Clothesline","Demon Form"],"picked":"SKIP","floor":48}],"player_experience":641072,"relics_obtained":[{"floor":6.0,"key":"Strawberry"},{"floor":8.0,"key":"Regal Pillow"},{"floor":9.0,"key":"Dream Catcher"},{"floor":10.0,"key":"Juzu Bracelet"},{"floor":17.0,"key":"Art of War"},{"floor":17.0,"key":"Mummified Hand"},{"floor":17.0,"key":"Champion Belt"},{"floor":25.0,"key":"Anchor"},{"floor":26.0,"key":"Happy Flower"},{"floor":40.0,"key":"War Paint"},{"floor":43.0,"key":"MawBank"},{"floor":48,"key":"Smiling Mask"}],"event_choices":[{"damage_healed":0.0,"max_hp_gain":0.0,"max_hp_loss":0.0,"gold_gain":0.0,"event_name":"Scrap Ooze","player_choice":"Success","floor":5.0,"gold_loss":0.0,"damage_taken":5.0,"relics_obtained":["Omamori"]},{"damage_healed":0.0,"max_hp_gain":0.0,"max_hp_loss":0.0,"gold_gain":0.0,"event_name":"Lab","player_choice":"Got Potions","floor":21.0,"gold_loss":0.0,"damage_taken":0.0},{"damage_healed":0.0,"max_hp_gain":0.0,"max_hp_loss":0.0,"gold_gain":0.0,"event_name":"Back to Basics","player_choice":"Simplicity","floor":28.0,"gold_loss":0.0,"damage_taken":0.0,"cards_upgraded":["Strike_R","Strike_R","Strike_R","Strike_R","Strike_R","Defend_R","Defend_R","Defend_R","Defend_R"]},{"damage_healed":0.0,"max_hp_gain":0.0,"max_hp_loss":0.0,"gold_gain":0.0,"event_name":"Wheel of Change","player_choice":"Cursed","floor":29.0,"gold_loss":0.0,"damage_taken":0.0,"cards_obtained":["Decay"]},{"damage_healed":0.0,"max_hp_gain":0.0,"max_hp_loss":0.0,"gold_gain":0.0,"event_name":"Match and Keep!","player_choice":"0 cards matched","floor":30.0,"gold_loss":0.0,"damage_taken":0.0,"cards_obtained":[]},{"damage_healed":0.0,"max_hp_gain":0.0,"max_hp_loss":4.0,"gold_gain":0.0,"event_name":"Winding Halls","player_choice":"Max HP","floor":38.0,"gold_loss":0.0,"damage_taken":0.0},{"damage_healed":0.0,"max_hp_gain":0.0,"max_hp_loss":0.0,"gold_gain":0.0,"event_name":"SensoryStone","player_choice":"Memory 2","floor":39.0,"gold_loss":0.0,"damage_taken":5.0},{"cards_removed":["Parasite","Decay"],"damage_healed":0.0,"max_hp_gain":0.0,"max_hp_loss":0.0,"gold_gain":0.0,"event_name":"Fountain of Cleansing","player_choice":"Removed Curses","floor":46.0,"gold_loss":0.0,"damage_taken":0.0}],"is_beta":false,"boss_relics":[{"not_picked":["Tiny House","Busted Crown"],"picked":"Calling Bell"},{"not_picked":["Astrolabe","Pandora\u0027s Box"],"picked":"Velvet Choker"}],"items_purged_floors":[19],"is_endless":false,"potions_floor_spawned":[4,8,10,12,14,22,31,33,37,47,48],"killed_by":"Awakened One","ascension_level":17}