{"gold_per_floor":[215,231,99,113,188,188,222,237,317,343,61,71,71,101,101,175,175,190,201,201,149,64,64,91,91,115,115,127,138,149,149,149,225,225,236,236,253,266,278,278],"floor_reached":40,"playtime":3046,"items_purged":["Strike_G"],"score":749,"play_id":"6d3d3745-4634-4066-a1c4-c4ffd84c9214","local_time":"20190614200848","is_ascension_mode":true,"campfire_choices":[{"floor":6,"key":"REST"},{"floor":13,"key":"REST"},{"data":"Footwork","floor":15,"key":"SMITH"},{"data":"Envenom","floor":23,"key":"SMITH"},{"data":"Neutralize","floor":25,"key":"SMITH"},{"floor":32,"key":"REST"}],"neow_cost":"NONE","seed_source_timestamp":18164252108001,"circlet_count":0,"master_deck":["AscendersBane","Defend_G","Defend_G","Defend_G","Defend_G","Defend_G","Strike_G","Strike_G","Strike_G","Strike_G","Survivor","Neutralize+1","Backflip","Quick Slash","Noxious Fumes","Footwork+1","Backflip","Deadly Poison","PiercingWail","Bane","Envenom+1","Escape Plan","Catalyst","Concentrate","Backstab","Poisoned Stab","Corpse Explosion","PiercingWail"],"relics":["Ring of the Snake","Mango","Letter Opener","Art of War","TwistedFunnel","Oddly Smooth Stone","Runic Pyramid","Ice Cream","Ancient Tea Set","PreservedInsect","Cursed Key"],"potions_floor_usage":[7,10,14,28],"damage_taken":[{"damage":3,"enemies":"Jaw Worm","floor":1,"turns":6},{"damage":5,"enemies":"Small Slimes","floor":2,"turns":7},{"damage":1,"enemies":"Cultist","floor":4,"turns":4},{"damage":28,"enemies":"Gremlin Nob","floor":7,"turns":6},{"damage":6,"enemies":"3 Louse","floor":8,"turns":5},{"damage":9,"enemies":"Lagavulin","floor":10,"turns":9},{"damage":1,"enemies":"Exordium Thugs","floor":12,"turns":4},{"damage":26,"enemies":"Gremlin Nob","floor":14,"turns":5},{"damage":3,"enemies":"Hexaghost","floor":16,"turns":11},{"damage":0,"enemies":"Chosen","floor":18,"turns":6},{"damage":1,"enemies":"Spheric Guardian","floor":19,"turns":6},{"damage":4,"enemies":"Gremlin Leader","floor":24,"turns":7},{"damage":2,"enemies":"Snake Plant","floor":28,"turns":4},{"damage":9,"enemies":"Centurion and Healer","floor":29,"turns":6},{"damage":0,"enemies":"Cultist and Chosen","floor":30,"turns":6},{"damage":29,"enemies":"Collector","floor":33,"turns":10},{"damage":0,"enemies":"Orb Walker","floor":35,"turns":4},{"damage":7,"enemies":"3 Darklings","floor":37,"turns":3},{"damage":0,"enemies":"Maw","floor":38,"turns":8},{"damage":21,"enemies":"Spire Growth","floor":39,"turns":6},{"damage":56,"enemies":"Nemesis","floor":40,"turns":8}],"seed_played":"-3214369945924498208","potions_obtained":[{"floor":2,"key":"FearPotion"},{"floor":7,"key":"GhostInAJar"},{"floor":10,"key":"SkillPotion"},{"floor":14,"key":"EssenceOfSteel"},{"floor":29,"key":"FearPotion"},{"floor":36,"key":"Energy Potion"}],"is_trial":false,"path_per_floor":["M","M","$","M","?","R","E","M","T","E","$","M","R","E","R","B",null,"M","M","?","$","?","R","E","R","T","?","M","M","M","?","R","B",null,"M","?","M","M","M","E"],"character_chosen":"THE_SILENT","items_purchased":["Noxious Fumes","Block Potion","TwistedFunnel","SpeedPotion"],"campfire_rested":3,"item_purchase_floors":[3,3,11,21],"current_hp_per_floor":[56,51,51,50,39,58,44,38,38,29,29,28,52,26,26,23,66,66,65,65,65,65,65,61,61,61,61,59,50,50,50,74,45,71,71,71,64,64,43,0],"gold":278,"neow_bonus":"HUNDRED_GOLD","is_prod":false,"is_daily":false,"chose_seed":false,"campfire_upgraded":3,"win_rate":0,"timestamp":1560560928,"path_taken":["M","M","$","M","?","R","E","M","T","E","$","M","R","E","R","BOSS","M","M","?","$","?","R","E","R","T","?","M","M","M","?","R","BOSS","M","?","M","?","M","E"],"build_version":"2019-01-23","purchased_purges":1,"victory":false,"max_hp_per_floor":[66,66,66,66,66,66,80,80,80,80,80,80,80,80,80,80,80,80,80,80,80,80,80,80,80,80,80,80,80,80,80,80,80,80,80,80,80,80,80,80],"card_choices":[{"not_picked":["Reflex","All Out Attack"],"picked":"Backflip","floor":1},{"not_picked":["Acrobatics","Catalyst"],"picked":"Quick Slash","floor":2},{"not_picked":["Accuracy","Blur"],"picked":"Footwork","floor":4},{"not_picked":["Infinite Blades","Predator"],"picked":"Backflip","floor":7},{"not_picked":["Quick Slash","Slice","Flying Knee"],"picked":"SKIP","floor":8},{"not_picked":["Prepared","Blade Dance"],"picked":"Deadly Poison","floor":10},{"not_picked":["Poisoned Stab","Blur"],"picked":"PiercingWail","floor":12},{"not_picked":["Infinite Blades","Storm of Steel"],"picked":"Bane","floor":14},{"not_picked":["Storm of Steel","After Image"],"picked":"Envenom","floor":16},{"not_picked":["Deadly Poison","Quick Slash"],"picked":"Escape Plan","floor":18},{"not_picked":["Backflip+1","Dagger Throw"],"picked":"Catalyst","floor":19},{"not_picked":["Leg Sweep","Night Terror"],"picked":"Backstab","floor":24},{"not_picked":["Concentrate","Slice"],"picked":"Poisoned Stab","floor":28},{"not_picked":["Flechettes+1","Acrobatics","Dagger Throw"],"picked":"SKIP","floor":29},{"not_picked":["Dagger Spray","Well Laid Plans","Riddle With Holes"],"picked":"SKIP","floor":30},{"not_picked":["Glass Knife","Die Die Die"],"picked":"Corpse Explosion","floor":33},{"not_picked":["Eviscerate","Blade Dance"],"picked":"PiercingWail","floor":35},{"not_picked":["Outmaneuver","Prepared+1","Dagger Spray"],"picked":"SKIP","floor":37},{"not_picked":["Choke","Finisher+1","Riddle With Holes"],"picked":"SKIP","floor":38},{"not_picked":["Dodge and Roll","Acrobatics","Caltrops"],"picked":"SKIP","floor":39}],"player_experience":564799,"relics_obtained":[{"floor":7,"key":"Mango"},{"floor":9,"key":"Letter Opener"},{"floor":10,"key":"Art of War"},{"floor":14,"key":"Oddly Smooth Stone"},{"floor":24,"key":"Ancient Tea Set"},{"floor":26,"key":"PreservedInsect"}],"event_choices":[{"damage_healed":0,"gold_gain":75,"player_choice":"Gather Gold","damage_taken":11,"max_hp_gain":0,"max_hp_loss":0,"event_name":"World of Goop","floor":5,"gold_loss":0},{"damage_healed":0,"gold_gain":0,"player_choice":"Read","damage_taken":0,"max_hp_gain":0,"max_hp_loss":0,"event_name":"The Library","floor":20,"gold_loss":0,"cards_obtained":["Concentrate"]},{"damage_healed":0,"gold_gain":0,"player_choice":"Obtained Relic","damage_taken":0,"relics_obtained":["Ice Cream"],"max_hp_gain":0,"max_hp_loss":0,"event_name":"Addict","floor":22,"gold_loss":85},{"damage_healed":0,"gold_gain":0,"player_choice":"Ignored","damage_taken":0,"max_hp_gain":0,"max_hp_loss":0,"event_name":"The Mausoleum","floor":27,"gold_loss":0},{"damage_healed":0,"gold_gain":0,"player_choice":"Ignored","damage_taken":0,"max_hp_gain":0,"max_hp_loss":0,"event_name":"Ghosts","floor":31,"gold_loss":0},{"damage_healed":0,"gold_gain":0,"player_choice":"Got Potions","damage_taken":0,"max_hp_gain":0,"max_hp_loss":0,"event_name":"Lab","floor":36,"gold_loss":0}],"is_beta":false,"boss_relics":[{"not_picked":["Busted Crown","Black Star"],"picked":"Runic Pyramid"},{"not_picked":["Coffee Dripper","Snecko Eye"],"picked":"Cursed Key"}],"items_purged_floors":[11],"is_endless":false,"potions_floor_spawned":[2,7,10,14,29,30,33,35],"killed_by":"Nemesis","ascension_level":15}