{"gold_per_floor":[119,135,146,146,159,184,184,198,198,228,239,92,92,123,123,228,228,244,257,257,267,280,280,305,320,320,335,434,468,468,494,494,596,596,615,615,615,629,280,299,332,332,332,360,12,39,39,50,50,50],"floor_reached":50,"playtime":3829,"items_purged":["Strike_R","Strike_R","Strike_R"],"score":687,"play_id":"64935e9e-7510-4261-a532-89e161b31f6d","local_time":"20190618212621","is_ascension_mode":false,"campfire_choices":[{"floor":7.0,"key":"REST"},{"data":"Disarm","floor":13.0,"key":"SMITH"},{"data":"Bash","floor":15.0,"key":"SMITH"},{"floor":23.0,"key":"REST"},{"floor":30.0,"key":"REST"},{"floor":32.0,"key":"REST"},{"floor":42.0,"key":"REST"},{"floor":49,"key":"RECALL"}],"neow_cost":"NONE","seed_source_timestamp":286945769684258,"circlet_count":0,"master_deck":["Strike_R","Defend_R","Defend_R","Defend_R","Defend_R","Bash+1","Twin Strike","Hemokinesis","Flame Barrier","Pain","Disarm+1","Combust","Cleave","Shrug It Off","Bandage Up","Ghostly Armor","Feed","Shrug It Off","Whirlwind","Rupture","Limit Break","Inflame+1","Shrug It Off","Fire Breathing"],"special_seed":0,"relics":["Burning Blood","Juzu Bracelet","WarpedTongs","Dodecahedron","Bag of Preparation","Smiling Mask","Blue Candle","Black Star","Happy Flower","Self Forming Clay","Kunai","Red Skull","Singing Bowl","Omamori","Vajra","Lizard Tail","GremlinMask","PreservedInsect","Centennial Puzzle","Ginger","Pen Nib","Paper Frog","Art of War","Blood Vial","Orichalcum"],"potions_floor_usage":[48,48,50],"damage_taken":[{"damage":2.0,"enemies":"Small Slimes","floor":1.0,"turns":5.0},{"damage":1.0,"enemies":"Cultist","floor":2.0,"turns":3.0},{"damage":3.0,"enemies":"2 Louse","floor":3.0,"turns":3.0},{"damage":6.0,"enemies":"2 Fungi Beasts","floor":5.0,"turns":3.0},{"damage":54.0,"enemies":"Lagavulin","floor":6.0,"turns":8.0},{"damage":4.0,"enemies":"Looter","floor":8.0,"turns":3.0},{"damage":25.0,"enemies":"3 Sentries","floor":10.0,"turns":4.0},{"damage":14.0,"enemies":"Red Slaver","floor":11.0,"turns":4.0},{"damage":29.0,"enemies":"Gremlin Nob","floor":14.0,"turns":4.0},{"damage":31.0,"enemies":"The Guardian","floor":16.0,"turns":15.0},{"damage":15.0,"enemies":"Chosen","floor":18.0,"turns":6.0},{"damage":37.0,"enemies":"2 Thieves","floor":19.0,"turns":5.0},{"damage":33.0,"enemies":"3 Cultists","floor":21.0,"turns":7.0},{"damage":17.0,"enemies":"Shelled Parasite and Fungi","floor":22.0,"turns":11.0},{"damage":24.0,"enemies":"Book of Stabbing","floor":24.0,"turns":11.0},{"damage":17.0,"enemies":"Cultist and Chosen","floor":25.0,"turns":11.0},{"damage":16.0,"enemies":"Centurion and Healer","floor":27.0,"turns":8.0},{"damage":15.0,"enemies":"Gremlin Leader","floor":29.0,"turns":8.0},{"damage":36.0,"enemies":"Slavers","floor":31.0,"turns":7.0},{"damage":58.0,"enemies":"Champ","floor":33.0,"turns":12.0},{"damage":9.0,"enemies":"Orb Walker","floor":35.0,"turns":4.0},{"damage":27.0,"enemies":"3 Darklings","floor":38.0,"turns":6.0},{"damage":17.0,"enemies":"Transient","floor":40.0,"turns":5.0},{"damage":59.0,"enemies":"Reptomancer","floor":41.0,"turns":5.0},{"damage":46.0,"enemies":"Giant Head","floor":44.0,"turns":9.0},{"damage":52.0,"enemies":"Nemesis","floor":46.0,"turns":5.0},{"damage":32,"enemies":"Jaw Worm Horde","floor":48,"turns":5},{"damage":67,"enemies":"Awakened One","floor":50,"turns":14}],"seed_played":"-3656590881426175761","potions_obtained":[{"floor":3.0,"key":"Ancient Potion"},{"floor":6.0,"key":"Regen Potion"},{"floor":8.0,"key":"Energy Potion"},{"floor":10.0,"key":"BloodPotion"},{"floor":11.0,"key":"EssenceOfSteel"},{"floor":16.0,"key":"Poison Potion"},{"floor":18.0,"key":"Dexterity Potion"},{"floor":22.0,"key":"SpeedPotion"},{"floor":27.0,"key":"EssenceOfSteel"},{"floor":29.0,"key":"Dexterity Potion"},{"floor":35.0,"key":"Explosive Potion"},{"floor":40.0,"key":"Block Potion"},{"floor":46.0,"key":"AttackPotion"},{"floor":48,"key":"Strength Potion"}],"is_trial":false,"path_per_floor":["M","M","M","?","M","E","R","M","T","E","M","$","R","E","R","B",null,"M","M","?","M","M","R","E","M","T","M","?","E","R","E","R","B",null,"M","?","?","M","$","M","E","R","T","E","$","E","?","M","R","B"],"character_chosen":"IRONCLAD","items_purchased":["Bandage Up","PreservedInsect","FairyPotion","SteroidPotion","FairyPotion","Art of War","FearPotion"],"campfire_rested":5,"item_purchase_floors":[12,39,39,39,45,45,45],"current_hp_per_floor":[80,80,80,80,80,32,56,58,58,51,43,43,43,32,32,11,80,79,52,52,32,28,55,41,37,37,31,31,28,55,35,64,16,99,101,96,96,81,81,76,29,59,59,23,23,18,18,59,59,0],"gold":50,"neow_bonus":"RANDOM_COMMON_RELIC","is_prod":false,"is_daily":false,"chose_seed":false,"campfire_upgraded":2,"win_rate":0,"timestamp":1560911181,"path_taken":["M","M","M","?","M","E","R","M","T","E","M","?","R","E","R","BOSS","M","M","?","M","M","R","E","M","T","M","?","E","R","E","R","BOSS","M","?","?","M","$","M","E","R","T","E","$","E","?","M","R","BOSS"],"build_version":"2019-01-23","purchased_purges":3,"victory":false,"max_hp_per_floor":[80,80,80,80,80,80,80,80,80,80,80,80,80,80,80,80,80,84,84,84,87,90,90,90,93,93,93,93,93,93,99,99,99,99,101,96,96,96,96,98,100,100,100,100,100,102,102,104,104,104],"card_choices":[{"not_picked":["Seeing Red","Body Slam"],"picked":"Twin Strike","floor":1.0},{"not_picked":["Twin Strike","Iron Wave"],"picked":"Hemokinesis","floor":2.0},{"not_picked":["Anger","Armaments"],"picked":"Flame Barrier","floor":3.0},{"not_picked":["Perfected Strike","Twin Strike"],"picked":"Disarm","floor":5.0},{"not_picked":["Corruption","Brutality"],"picked":"Combust","floor":6.0},{"not_picked":["Twin Strike","Intimidate"],"picked":"Cleave","floor":8.0},{"not_picked":["Clash","Infernal Blade","Dual Wield"],"picked":"SKIP","floor":10.0},{"not_picked":["Headbutt","Rampage"],"picked":"Shrug It Off","floor":11.0},{"not_picked":["Perfected Strike","Sword Boomerang"],"picked":"Ghostly Armor","floor":14.0},{"not_picked":["Juggernaut","Dark Embrace"],"picked":"Feed","floor":16.0},{"not_picked":["Rampage","Clash","Cleave+1"],"picked":"SKIP","floor":18.0},{"not_picked":["Anger","Blood for Blood","Pummel"],"picked":"SKIP","floor":19.0},{"not_picked":["Whirlwind+1","Warcry+1","Fire Breathing+1"],"picked":"SKIP","floor":21.0},{"not_picked":["Feel No Pain","Dropkick","True Grit"],"picked":"SKIP","floor":22.0},{"not_picked":["Dark Embrace","Feel No Pain","Havoc+1"],"picked":"SKIP","floor":24.0},{"not_picked":["Headbutt","Sword Boomerang","Anger"],"picked":"SKIP","floor":25.0},{"not_picked":["Sword Boomerang","Second Wind+1"],"picked":"Whirlwind","floor":27.0},{"not_picked":["Dual Wield+1","Second Wind"],"picked":"Rupture","floor":29.0},{"not_picked":["Immolate","Searing Blow","Twin Strike"],"picked":"Singing Bowl","floor":31.0},{"not_picked":["Juggernaut","Barricade"],"picked":"Limit Break","floor":33.0},{"not_picked":["Pummel","Burning Pact+1","Ghostly Armor"],"picked":"Singing Bowl","floor":35.0},{"not_picked":["Twin Strike+1","Pummel+1"],"picked":"Inflame+1","floor":38.0},{"not_picked":["Rampage","Flex","Perfected Strike+1"],"picked":"Singing Bowl","floor":40.0},{"not_picked":["Reckless Charge+1","Heavy Blade+1","Sword Boomerang"],"picked":"Singing Bowl","floor":41.0},{"not_picked":["Iron Wave+1","Twin Strike+1"],"picked":"Shrug It Off","floor":44.0},{"not_picked":["Feel No Pain","Flex","Anger+1"],"picked":"Singing Bowl","floor":46.0},{"not_picked":["Havoc","Spot Weakness+1","Armaments"],"picked":"Singing Bowl","floor":48}],"player_experience":602746,"relics_obtained":[{"floor":6.0,"key":"Dodecahedron"},{"floor":9.0,"key":"Bag of Preparation"},{"floor":10.0,"key":"Smiling Mask"},{"floor":14.0,"key":"Blue Candle"},{"floor":24.0,"key":"Happy Flower"},{"floor":24.0,"key":"Self Forming Clay"},{"floor":26.0,"key":"Kunai"},{"floor":29.0,"key":"Red Skull"},{"floor":29.0,"key":"Singing Bowl"},{"floor":31.0,"key":"Omamori"},{"floor":31.0,"key":"Vajra"},{"floor":41.0,"key":"Centennial Puzzle"},{"floor":41.0,"key":"Ginger"},{"floor":44.0,"key":"Pen Nib"},{"floor":44.0,"key":"Paper Frog"},{"floor":46.0,"key":"Blood Vial"},{"floor":46.0,"key":"Orichalcum"}],"event_choices":[{"damage_healed":0.0,"max_hp_gain":0.0,"max_hp_loss":0.0,"gold_gain":0.0,"event_name":"Accursed Blacksmith","player_choice":"Rummage","floor":4.0,"gold_loss":0.0,"damage_taken":0.0,"relics_obtained":["WarpedTongs"],"cards_obtained":["Pain"]},{"damage_healed":0.0,"max_hp_gain":0.0,"max_hp_loss":0.0,"gold_gain":0.0,"event_name":"The Library","player_choice":"Read","floor":20.0,"gold_loss":0.0,"damage_taken":0.0,"cards_obtained":["Shrug It Off"]},{"damage_healed":0.0,"max_hp_gain":0.0,"max_hp_loss":0.0,"gold_gain":99.0,"event_name":"Nest","player_choice":"Stole From Cult","floor":28.0,"gold_loss":0.0,"damage_taken":0.0},{"damage_healed":0.0,"max_hp_gain":0.0,"max_hp_loss":5.0,"gold_gain":0.0,"event_name":"Winding Halls","player_choice":"Max HP","floor":36.0,"gold_loss":0.0,"damage_taken":0.0},{"damage_healed":0.0,"max_hp_gain":0.0,"max_hp_loss":0.0,"gold_gain":0.0,"event_name":"FaceTrader","player_choice":"Trade","floor":37.0,"gold_loss":0.0,"damage_taken":0.0,"relics_obtained":["GremlinMask"]},{"damage_healed":0.0,"max_hp_gain":0.0,"max_hp_loss":0.0,"gold_gain":0.0,"cards_transformed":["Strike_R"],"event_name":"Transmorgrifier","player_choice":"Transformed","floor":47.0,"gold_loss":0.0,"damage_taken":0.0,"cards_obtained":["Fire Breathing"]}],"is_beta":false,"boss_relics":[{"not_picked":["Black Blood","Tiny House"],"picked":"Black Star"},{"not_picked":["Astrolabe","Empty Cage"],"picked":"Lizard Tail"}],"items_purged_floors":[12,39,45],"is_endless":false,"potions_floor_spawned":[3,6,8,10,11,16,18,22,27,29,35,40,46,48],"killed_by":"Awakened One","ascension_level":0}