{"gold_per_floor":[111,111,134,134,59,100,100,124,124,148,186,186,186,209,209,328,328,343,268,69,69,94,94,113,113,113,133,33,58,91,109,109,229,229,247,266,599,599,329,329,342,342,342,370,390,390,420,420,420,420,420,420,13,42,42],"floor_reached":55,"playtime":3363,"items_purged":["Dualcast","Strike_B","Strike_B","Strike_B"],"score":898,"play_id":"e2dff251-b668-486e-ac82-b65ac75d813c","local_time":"20181205183829","is_ascension_mode":true,"campfire_choices":[{"data":"Go for the Eyes","floor":7.0,"key":"SMITH"},{"floor":13.0,"key":"REST"},{"floor":15.0,"key":"REST"},{"data":"Leap","floor":23.0,"key":"SMITH"},{"floor":25.0,"key":"REST"},{"floor":32.0,"key":"REST"},{"floor":40.0,"key":"REST"},{"floor":42.0,"key":"RECALL"},{"floor":46.0,"key":"REST"},{"data":"Leap","floor":49.0,"key":"SMITH"},{"data":"Echo Form","floor":52.0,"key":"SMITH"}],"neow_cost":"NONE","seed_source_timestamp":1888120686011758,"circlet_count":0,"master_deck":["Strike_B","Defend_B","Defend_B","Defend_B","Go for the Eyes+1","Gash","Gash","Glacier+1","Gash","Echo Form+1","Leap+1","Gash","Panache","Gash+1","Leap+1","Glacier","Gash+1","Gash+1","Leap+1"],"special_seed":0,"relics":["Cracked Core","Gremlin Horn","Singing Bowl","Black Star","Nloth\u0027s Gift","Pantograph","Orichalcum","Regal Pillow","Inserter","Anchor","Meat on the Bone","Art of War","Juzu Bracelet","Mango","Pocketwatch","Sling","Frozen Egg 2","Blue Candle"],"potions_floor_usage":[55,55],"damage_taken":[{"damage":0.0,"enemies":"2 Louse","floor":1.0,"turns":1.0},{"damage":0.0,"enemies":"Jaw Worm","floor":3.0,"turns":1.0},{"damage":0.0,"enemies":"Lagavulin","floor":6.0,"turns":1.0},{"damage":0.0,"enemies":"Cultist","floor":8.0,"turns":3.0},{"damage":10.0,"enemies":"Exordium Wildlife","floor":10.0,"turns":4.0},{"damage":16.0,"enemies":"3 Sentries","floor":11.0,"turns":8.0},{"damage":0.0,"enemies":"Large Slime","floor":14.0,"turns":4.0},{"damage":20.0,"enemies":"Slime Boss","floor":16.0,"turns":10.0},{"damage":14.0,"enemies":"Chosen","floor":18.0,"turns":5.0},{"damage":10.0,"enemies":"2 Thieves","floor":22.0,"turns":4.0},{"damage":24.0,"enemies":"Centurion and Healer","floor":24.0,"turns":5.0},{"damage":1.0,"enemies":"3 Cultists","floor":27.0,"turns":5.0},{"damage":5.0,"enemies":"Chosen and Byrds","floor":29.0,"turns":4.0},{"damage":12.0,"enemies":"Slavers","floor":30.0,"turns":5.0},{"damage":16.0,"enemies":"Centurion and Healer","floor":31.0,"turns":5.0},{"damage":21.0,"enemies":"Automaton","floor":33.0,"turns":9.0},{"damage":8.0,"enemies":"Orb Walker","floor":35.0,"turns":4.0},{"damage":28.0,"enemies":"3 Shapes","floor":36.0,"turns":4.0},{"damage":22.0,"enemies":"Writhing Mass","floor":41.0,"turns":8.0},{"damage":8.0,"enemies":"Reptomancer","floor":44.0,"turns":7.0},{"damage":28.0,"enemies":"Spire Growth","floor":45.0,"turns":6.0},{"damage":34.0,"enemies":"Nemesis","floor":47.0,"turns":7.0},{"damage":26.0,"enemies":"Donu and Deca","floor":50.0,"turns":11.0},{"damage":47.0,"enemies":"Shield and Spear","floor":54.0,"turns":7.0},{"damage":86,"enemies":"The Heart","floor":55,"turns":6}],"seed_played":"8720568173966444931","potions_obtained":[{"floor":3.0,"key":"FearPotion"},{"floor":6.0,"key":"LiquidBronze"},{"floor":10.0,"key":"EssenceOfSteel"},{"floor":16.0,"key":"Block Potion"},{"floor":24.0,"key":"Block Potion"},{"floor":29.0,"key":"SkillPotion"},{"floor":30.0,"key":"LiquidBronze"},{"floor":33.0,"key":"PowerPotion"},{"floor":35.0,"key":"Dexterity Potion"},{"floor":41.0,"key":"SteroidPotion"},{"floor":45.0,"key":"Dexterity Potion"},{"floor":47.0,"key":"FearPotion"},{"floor":54.0,"key":"Strength Potion"}],"is_trial":false,"path_per_floor":["M","?","M","?","$","E","R","M","T","M","E","?","R","M","R","B",null,"M","?","$","?","M","R","M","R","T","M","$","M","E","M","R","B",null,"M","M","?","?","$","R","M","R","T","E","M","R","E","?","R","B",null,"R","$","E","B"],"character_chosen":"DEFECT","items_purchased":["Gash","Panache","Anchor","Sling","SpeedPotion"],"campfire_rested":6,"item_purchase_floors":[20,20,39,53,53],"current_hp_per_floor":[75,57,57,57,57,57,57,57,57,47,31,31,53,53,75,55,75,61,61,61,61,51,51,29,52,52,53,53,48,38,22,61,62,83,75,49,49,49,49,85,65,65,65,59,43,84,64,64,64,63,103,103,103,58,0],"gold":42,"neow_bonus":"THREE_ENEMY_KILL","is_prod":false,"is_daily":false,"chose_seed":false,"campfire_upgraded":4,"win_rate":0,"timestamp":1544056709,"path_taken":["M","?","M","?","?","E","R","?","T","M","E","?","R","M","R","BOSS","M","?","$","?","M","R","?","R","T","M","?","M","E","M","R","BOSS","M","M","?","?","$","R","?","R","T","E","M","R","E","?","R","BOSS","R","$","E","BOSS"],"build_version":"2018-11-15","purchased_purges":4,"victory":false,"max_hp_per_floor":[75,75,75,75,75,75,75,75,75,75,75,75,75,75,75,75,75,75,75,75,75,75,75,77,77,77,79,79,79,81,81,81,83,83,83,85,85,85,85,85,87,87,87,89,89,89,103,103,103,103,103,103,103,105,105],"card_choices":[{"not_picked":["Stack","Melter"],"picked":"Go for the Eyes","floor":1.0},{"not_picked":["Compile Driver","Sunder"],"picked":"Gash","floor":3.0},{"not_picked":["Undo","Coolheaded","Redo"],"picked":"SKIP","floor":6.0},{"not_picked":["Sweeping Beam","Reboot"],"picked":"Gash","floor":8.0},{"not_picked":["Rebound","Darkness","Hello World"],"picked":"SKIP","floor":10.0},{"not_picked":["White Noise","Double Energy"],"picked":"Glacier","floor":11.0},{"not_picked":["FTL","Stack"],"picked":"Gash","floor":14.0},{"not_picked":["Creative AI","Reboot"],"picked":"Echo Form","floor":16.0},{"not_picked":["Compile Driver+1","Capacitor"],"picked":"Leap","floor":18.0},{"not_picked":["Conserve Battery","Streamline"],"picked":"Gash+1","floor":22.0},{"not_picked":["Rebound+1","Hologram","Cold Snap+1"],"picked":"Singing Bowl","floor":24.0},{"not_picked":["Coolheaded","Beam Cell+1","Darkness+1"],"picked":"Singing Bowl","floor":27.0},{"not_picked":["Seek","Storm"],"picked":"Leap","floor":29.0},{"not_picked":["Tempest","Conserve Battery","Fission"],"picked":"Singing Bowl","floor":30.0},{"not_picked":["Stack","Turbo"],"picked":"Glacier","floor":31.0},{"not_picked":["Electrodynamics","Creative AI","Echo Form"],"picked":"Singing Bowl","floor":33.0},{"not_picked":["Stack+1","Go for the Eyes+1"],"picked":"Gash+1","floor":35.0},{"not_picked":["Coolheaded","Hologram","Rainbow"],"picked":"Singing Bowl","floor":36.0},{"not_picked":["Cold Snap","Steam+1","Reprogram+1"],"picked":"Singing Bowl","floor":41.0},{"not_picked":["Ball Lightning+1","Redo","Hologram+1"],"picked":"Singing Bowl","floor":44.0},{"not_picked":["Barrage+1","Aggregate"],"picked":"Gash+1","floor":45.0},{"not_picked":["Rebound+1","Compile Driver+1"],"picked":"Leap+1","floor":47.0},{"not_picked":["Hologram","Loop+1","Barrage"],"picked":"Singing Bowl","floor":54.0}],"player_experience":230424,"relics_obtained":[{"floor":6.0,"key":"Gremlin Horn"},{"floor":11.0,"key":"Singing Bowl"},{"floor":26.0,"key":"Pantograph"},{"floor":30.0,"key":"Orichalcum"},{"floor":30.0,"key":"Regal Pillow"},{"floor":43.0,"key":"Meat on the Bone"},{"floor":44.0,"key":"Art of War"},{"floor":44.0,"key":"Juzu Bracelet"},{"floor":47.0,"key":"Mango"},{"floor":47.0,"key":"Pocketwatch"},{"floor":54.0,"key":"Frozen Egg 2"},{"floor":54.0,"key":"Blue Candle"}],"event_choices":[{"damage_healed":0.0,"max_hp_gain":0.0,"max_hp_loss":0.0,"gold_gain":0.0,"event_name":"Golden Idol","player_choice":"Take Damage","floor":2.0,"gold_loss":0.0,"damage_taken":18.0,"relics_obtained":["Golden Idol"]},{"damage_healed":0.0,"max_hp_gain":0.0,"max_hp_loss":0.0,"gold_gain":0.0,"event_name":"Liars Game","player_choice":"Ignored","floor":4.0,"gold_loss":0.0,"damage_taken":0.0},{"damage_healed":0.0,"max_hp_gain":0.0,"max_hp_loss":0.0,"gold_gain":0.0,"event_name":"Living Wall","player_choice":"Grow","floor":12.0,"gold_loss":0.0,"damage_taken":0.0,"cards_upgraded":["Glacier"]},{"cards_removed":["Defend_B"],"damage_healed":0.0,"max_hp_gain":0.0,"max_hp_loss":0.0,"gold_gain":0.0,"event_name":"Beggar","player_choice":"Gave Gold","floor":19.0,"gold_loss":75.0,"damage_taken":0.0},{"damage_healed":0.0,"max_hp_gain":0.0,"max_hp_loss":0.0,"gold_gain":0.0,"event_name":"N\u0027loth","player_choice":"Traded Relic","floor":21.0,"relics_lost":["NeowsBlessing"],"gold_loss":0.0,"damage_taken":0.0,"relics_obtained":["Nloth\u0027s Gift"]},{"damage_healed":0.0,"max_hp_gain":0.0,"max_hp_loss":0.0,"gold_gain":333.0,"event_name":"The Moai Head","player_choice":"Gave Idol","floor":37.0,"relics_lost":["Golden Idol"],"gold_loss":0.0,"damage_taken":0.0},{"cards_removed":["Zap"],"damage_healed":0.0,"max_hp_gain":0.0,"max_hp_loss":0.0,"gold_gain":0.0,"event_name":"Bonfire Elementals","player_choice":"Offered Basic","floor":38.0,"gold_loss":0.0,"damage_taken":0.0},{"damage_healed":0.0,"max_hp_gain":0.0,"max_hp_loss":0.0,"gold_gain":0.0,"event_name":"Mysterious Sphere","player_choice":"Ignored","floor":48.0,"gold_loss":0.0,"damage_taken":0.0}],"is_beta":false,"boss_relics":[{"not_picked":["Tiny House","Philosopher\u0027s Stone"],"picked":"Black Star"},{"not_picked":["Cursed Key","Orrery"],"picked":"Inserter"}],"items_purged_floors":[5,28,39,53],"is_endless":false,"potions_floor_spawned":[3,6,10,16,24,29,30,33,35,41,45,47,54],"killed_by":"The Heart","ascension_level":1}