{"gold_per_floor":[119,49,49,25,38,38,50,225,225,241,257,290,12,29,29,29],"floor_reached":16,"playtime":495,"items_purged":["Doubt"],"score":102,"play_id":"b7e2ab8b-529a-4ac2-bf40-19bbd6f59221","local_time":"20191009080748","is_ascension_mode":false,"campfire_choices":[{"data":"Sunder","floor":6,"key":"SMITH"},{"floor":15,"key":"REST"}],"neow_cost":"NONE","seed_source_timestamp":173804143928600,"circlet_count":0,"master_deck":["Strike_B","Strike_B","Strike_B","Strike_B","Defend_B","Defend_B","Defend_B","Defend_B","Zap","Dualcast","All For One","Hologram","Sunder+1","Auto Shields","Gash"],"relics":["Cracked Core","NeowsBlessing","Girya","Nunchaku","ClockworkSouvenir"],"potions_floor_usage":[16],"damage_taken":[{"damage":0,"enemies":"Jaw Worm","floor":1,"turns":1},{"damage":0,"enemies":"Cultist","floor":5,"turns":1},{"damage":0,"enemies":"2 Louse","floor":7,"turns":1},{"damage":11,"enemies":"Large Slime","floor":10,"turns":5},{"damage":2,"enemies":"Exordium Thugs","floor":11,"turns":4},{"damage":36,"enemies":"Lagavulin","floor":12,"turns":6},{"damage":1,"enemies":"3 Louse","floor":14,"turns":3},{"damage":48,"enemies":"Hexaghost","floor":16,"turns":7}],"seed_played":"4290597085826019715","potions_obtained":[{"floor":10,"key":"Fire Potion"},{"floor":12,"key":"Energy Potion"},{"floor":14,"key":"Poison Potion"}],"is_trial":false,"path_per_floor":["M","$","?","$","M","R","M","?","T","M","M","E","$","M","R","B"],"character_chosen":"DEFECT","items_purchased":["All For One","Hologram","ClockworkSouvenir"],"campfire_rested":1,"item_purchase_floors":[2,4,13],"current_hp_per_floor":[75,75,75,75,75,75,75,75,75,64,62,26,26,25,47,0],"gold":29,"neow_bonus":"THREE_ENEMY_KILL","is_prod":false,"is_daily":false,"chose_seed":false,"campfire_upgraded":1,"win_rate":0.0,"timestamp":1570622868,"path_taken":["M","$","?","?","M","R","?","?","T","M","M","E","$","M","R","BOSS"],"build_version":"2019-07-17","purchased_purges":1,"victory":false,"max_hp_per_floor":[75,75,75,75,75,75,75,75,75,75,75,75,75,75,75,75],"card_choices":[{"not_picked":["Coolheaded","Leap","Cold Snap"],"picked":"SKIP","floor":1},{"not_picked":["Chaos","Heatsinks"],"picked":"Sunder","floor":5},{"not_picked":["Coolheaded","Lockon","Streamline"],"picked":"SKIP","floor":7},{"not_picked":["Heatsinks","Chill","Conserve Battery"],"picked":"SKIP","floor":10},{"not_picked":["Hologram","Go for the Eyes","Loop"],"picked":"SKIP","floor":11},{"not_picked":["White Noise","Barrage"],"picked":"Auto Shields","floor":12},{"not_picked":["Amplify","Consume"],"picked":"Gash","floor":14}],"player_experience":103961,"relics_obtained":[{"floor":9,"key":"Girya"},{"floor":12,"key":"Nunchaku"}],"event_choices":[{"damage_healed":0,"gold_gain":0,"player_choice":"Ignored","damage_taken":0,"max_hp_gain":0,"max_hp_loss":0,"event_name":"NoteForYourself","floor":3,"gold_loss":0},{"damage_healed":0,"gold_gain":175,"player_choice":"AGREE","damage_taken":0,"max_hp_gain":0,"max_hp_loss":0,"event_name":"Liars Game","floor":8,"gold_loss":0,"cards_obtained":["Doubt"]}],"is_beta":false,"boss_relics":[],"items_purged_floors":[13],"is_endless":false,"potions_floor_spawned":[10,12,14],"killed_by":"Hexaghost","ascension_level":0}