{"gold_per_floor":[18,18,18,31,31,31,47,63,89,104,147,147,171,24,24,143,143,164,74,98,98,98,123,139,473,473,388,388,423,449,37,37,37],"floor_reached":33,"playtime":3014,"items_purged":["Strike_G","Strike_G"],"score":501,"play_id":"21d6a34d-55d6-4cff-972e-d51a902581c9","local_time":"20180908231705","is_ascension_mode":true,"campfire_choices":[{"floor":6.0,"key":"REST"},{"floor":12.0,"key":"REST"},{"data":"Calculated Gamble","floor":15.0,"key":"SMITH"},{"data":"Reflex","floor":28,"key":"SMITH"},{"data":"Neutralize","floor":32,"key":"SMITH"}],"neow_cost":"NO_GOLD","seed_source_timestamp":0,"circlet_count":0,"master_deck":["Defend_G","Defend_G","Defend_G+1","Defend_G","Defend_G","Strike_G+1","Survivor+1","Neutralize+1","AscendersBane","Acrobatics","Unload","Dagger Throw","Underhanded Strike","Predator","Calculated Gamble+1","Doppelganger","Reflex+1","Underhanded Strike","Calculated Gamble+1","Underhanded Strike","Master of Strategy+1","Finesse+1","Escape Plan+1"],"special_seed":0,"relics":["Ring of the Snake","Tingsha","Bloody Idol","Orichalcum","PreservedInsect","Eternal Feather","Potion Belt","Frozen Egg 2","Old Coin","Singing Bowl","WingedGreaves","Paper Crane","Toxic Egg 2"],"potions_floor_usage":[25,25,30],"damage_taken":[{"damage":1.0,"enemies":"Jaw Worm","floor":1.0,"turns":5.0},{"damage":0.0,"enemies":"Cultist","floor":4.0,"turns":4.0},{"damage":0.0,"enemies":"Small Slimes","floor":7.0,"turns":3.0},{"damage":1.0,"enemies":"Looter","floor":8.0,"turns":3.0},{"damage":1.0,"enemies":"Gremlin Gang","floor":10.0,"turns":4.0},{"damage":23.0,"enemies":"Gremlin Nob","floor":11.0,"turns":4.0},{"damage":1.0,"enemies":"Lots of Slimes","floor":13.0,"turns":4.0},{"damage":34.0,"enemies":"Hexaghost","floor":16.0,"turns":10.0},{"damage":1,"enemies":"Spheric Guardian","floor":18,"turns":3},{"damage":8,"enemies":"2 Thieves","floor":20,"turns":3},{"damage":7,"enemies":"Gremlin Leader","floor":23,"turns":4},{"damage":20,"enemies":"3 Cultists","floor":24,"turns":7},{"damage":3,"enemies":"Slavers","floor":25,"turns":4},{"damage":29,"enemies":"Book of Stabbing","floor":29,"turns":4},{"damage":16,"enemies":"Slavers","floor":30,"turns":5},{"damage":44,"enemies":"Automaton","floor":33,"turns":6}],"seed_played":"-229473459725432614","potions_obtained":[{"floor":4.0,"key":"GhostInAJar"},{"floor":11.0,"key":"AttackPotion"},{"floor":16.0,"key":"SpeedPotion"},{"floor":20,"key":"Regen Potion"},{"floor":24,"key":"SpeedPotion"}],"is_trial":false,"path_per_floor":["M","?","?","M","?","R","M","M","T","M","E","R","M","$","R","B",null,"M","?","M","?","?","E","M","E","T","?","R","E","E","$","R"],"character_chosen":"THE_SILENT","items_purchased":["Calculated Gamble","Master of Strategy+1","Finesse+1","Escape Plan+1"],"campfire_rested":2,"item_purchase_floors":[14,31,31,31],"current_hp_per_floor":[62,62,48,48,31,52,52,51,51,50,27,48,47,47,47,13,56,55,55,47,47,47,45,30,49,49,49,61,39,30,30,42,0],"gold":37,"neow_bonus":"ONE_RARE_RELIC","is_prod":false,"is_daily":false,"chose_seed":false,"campfire_upgraded":3,"win_rate":0,"timestamp":1536441425,"path_taken":["M","?","?","M","?","R","M","?","T","M","E","R","?","?","R","BOSS","M","?","M","?","?","E","?","E","T","?","R","E","E","$","R","BOSS"],"build_version":"2018-09-06","purchased_purges":2,"victory":false,"max_hp_per_floor":[70,70,70,70,70,70,70,70,70,70,70,70,70,70,70,70,70,70,70,70,70,70,70,70,70,70,70,70,72,74,74,74,74],"card_choices":[{"not_picked":["Flying Knee","Choke"],"picked":"Acrobatics","floor":1.0},{"not_picked":["PiercingWail","Slice","Outmaneuver"],"picked":"SKIP","floor":4.0},{"not_picked":["Sucker Punch","Outmaneuver"],"picked":"Unload","floor":7.0},{"not_picked":["Dagger Spray","Expertise"],"picked":"Dagger Throw","floor":8.0},{"not_picked":["Noxious Fumes","Crippling Poison","Poisoned Stab"],"picked":"SKIP","floor":10.0},{"not_picked":["Deflect","Acrobatics"],"picked":"Underhanded Strike","floor":11.0},{"not_picked":["Sucker Punch","Dodge and Roll"],"picked":"Predator","floor":13.0},{"not_picked":["Malaise","Bullet Time"],"picked":"Doppelganger","floor":16.0},{"not_picked":["Slice","Flying Knee+1"],"picked":"Reflex","floor":18},{"not_picked":["Catalyst+1","Dagger Spray"],"picked":"Underhanded Strike","floor":20},{"not_picked":["Flying Knee","Deadly Poison","Poisoned Stab"],"picked":"SKIP","floor":23},{"not_picked":["Poisoned Stab+1","Outmaneuver"],"picked":"Calculated Gamble+1","floor":24},{"not_picked":["Dagger Spray","Wraith Form v2+1"],"picked":"Underhanded Strike","floor":25},{"not_picked":["Deflect+1","Blade Dance","Dodge and Roll"],"picked":"Singing Bowl","floor":29},{"not_picked":["Flechettes+1","Glass Knife","Doppelganger"],"picked":"Singing Bowl","floor":30}],"player_experience":391118,"relics_obtained":[{"floor":9.0,"key":"Orichalcum"},{"floor":11.0,"key":"PreservedInsect"},{"floor":23,"key":"Frozen Egg 2"},{"floor":25,"key":"Old Coin"},{"floor":26,"key":"Singing Bowl"},{"floor":29,"key":"Paper Crane"},{"floor":30,"key":"Toxic Egg 2"}],"event_choices":[{"event_name":"Purifier","player_choice":"One Purge","floor":2.0,"damage_taken":0.0},{"event_name":"Shining Light","player_choice":"Entered Light","floor":3.0,"damage_taken":0.0},{"event_name":"Golden Idol","player_choice":"Take Damage","floor":5.0,"damage_taken":0.0},{"event_name":"Designer","player_choice":"Full Service","floor":19,"damage_taken":0},{"event_name":"The Mausoleum","player_choice":"Yes","floor":21,"damage_taken":0},{"event_name":"Forgotten Altar","player_choice":"Gave Idol","floor":22,"damage_taken":0},{"event_name":"Addict","player_choice":"Obtained Relic","floor":27,"damage_taken":0}],"is_beta":false,"boss_relics":[{"not_picked":["Astrolabe","Fusion Hammer"],"picked":"Eternal Feather"}],"items_purged_floors":[14,31],"is_endless":false,"potions_floor_spawned":[4,11,16,20,24],"killed_by":"Automaton","ascension_level":11}