{"gold_per_floor":[111,286,297,297,308,308,325,352,352,352,378,397,397,432,432,528,528,542,344,344,344,67,100,100,126,204,204,204,215,215,248,248,343,343,361,376,39,59,76,104,104,135,135,135,162,162,8,21,21,21],"floor_reached":51,"playtime":5565,"items_purged":["Doubt"],"score":1322,"play_id":"e71f5396-e474-4cff-a489-5ae5c3fdd9e9","local_time":"20180720154444","is_ascension_mode":true,"campfire_choices":[{"data":"Machine Learning","floor":6.0,"key":"SMITH"},{"data":"Double Energy","floor":10.0,"key":"SMITH"},{"data":"Conserve Battery","floor":13.0,"key":"SMITH"},{"data":"Glacier","floor":15.0,"key":"SMITH"},{"data":"Scrape","floor":24,"key":"SMITH"},{"data":"Compile Driver","floor":27,"key":"SMITH"},{"data":"Force Field","floor":30,"key":"SMITH"},{"data":"Gash","floor":32,"key":"SMITH"},{"data":"Blizzard","floor":44,"key":"SMITH"},{"data":"Static Discharge","floor":46,"key":"SMITH"},{"data":"Blizzard","floor":49,"key":"SMITH"}],"neow_cost":"NONE","seed_source_timestamp":0,"circlet_count":0,"master_deck":["Zap","Dualcast","Machine Learning+1","Double Energy+1","Leap","Core Surge","Gash","Force Field+1","Glacier+1","Conserve Battery+1","FTL","Seek+1","Sweeping Beam","Stack+1","Chill+1","FTL","Gash+1","Gash","Conserve Battery+1","Static Discharge+1","Steam+1","Conserve Battery+1","Double Energy+1","Scrape+1","Deep Breath+1","Seek+1","Compile Driver+1","Self Repair","Hologram+1","Machine Learning","Consume+1","Sweeping Beam","Hello World","Compile Driver","Auto Shields+1","Ball Lightning","Defragment","Conserve Battery+1","Blizzard+1","Melter+1","Coolheaded+1","Blizzard+1","Conserve Battery+1","Storm","Skim+1"],"special_seed":0,"relics":["Cracked Core","Mercury Hourglass","Dodecahedron","Ornamental Fan","Toxic Egg 2","Pandora\u0027s Box","Bronze Scales","Blood Vial","Strawberry","Bottled Tornado","Darkstone Periapt","Centennial Puzzle","Runic Dome","Bird Faced Urn","Sundial","Shuriken","Meat on the Bone","Mango"],"potions_floor_usage":[31,31,50,50],"damage_taken":[{"damage":0.0,"enemies":"Small Slimes","floor":1.0,"turns":3.0},{"damage":7.0,"enemies":"Jaw Worm","floor":3.0,"turns":3.0},{"damage":1.0,"enemies":"2 Louse","floor":5.0,"turns":3.0},{"damage":11.0,"enemies":"Blue Slaver","floor":7.0,"turns":4.0},{"damage":14.0,"enemies":"Lagavulin","floor":8.0,"turns":7.0},{"damage":2.0,"enemies":"3 Sentries","floor":11.0,"turns":5.0},{"damage":0.0,"enemies":"Exordium Wildlife","floor":12.0,"turns":2.0},{"damage":0.0,"enemies":"Lagavulin","floor":14.0,"turns":8.0},{"damage":0.0,"enemies":"The Guardian","floor":16.0,"turns":15.0},{"damage":0.0,"enemies":"Spheric Guardian","floor":18.0,"turns":4.0},{"damage":8,"enemies":"Gremlin Leader","floor":23,"turns":6},{"damage":0,"enemies":"Book of Stabbing","floor":25,"turns":5},{"damage":4,"enemies":"2 Thieves","floor":29,"turns":3},{"damage":19,"enemies":"Gremlin Leader","floor":31,"turns":5},{"damage":27,"enemies":"Champ","floor":33,"turns":9},{"damage":26,"enemies":"3 Darklings","floor":35,"turns":4},{"damage":0,"enemies":"3 Shapes","floor":36,"turns":3},{"damage":0,"enemies":"3 Darklings","floor":38,"turns":5},{"damage":21,"enemies":"Flame Bruiser 2 Orb","floor":39,"turns":4},{"damage":2,"enemies":"Giant Head","floor":40,"turns":7},{"damage":16,"floor":41,"turns":6},{"damage":10,"enemies":"Nemesis","floor":42,"turns":5},{"damage":0,"enemies":"Giant Head","floor":45,"turns":5},{"damage":0,"enemies":"Sphere and 2 Shapes","floor":48,"turns":3},{"damage":0,"enemies":"Awakened One","floor":50,"turns":8}],"seed_played":"-5815644208438850589","potions_obtained":[{"floor":1.0,"key":"Explosive Potion"},{"floor":3.0,"key":"LiquidBronze"},{"floor":12.0,"key":"Energy Potion"},{"floor":23,"key":"Energy Potion"},{"floor":29,"key":"Block Potion"},{"floor":36,"key":"Energy Potion"},{"floor":41,"key":"FocusPotion"}],"is_trial":false,"path_per_floor":["M","?","M","?","M","R","M","E","T","R","E","M","R","E","R","B",null,"M","$","?","?","$","E","R","E","T","R","T","M","R","E","R","B",null,"M","M","$","M","M","E","?","E","T","R","E","R","$","M","R","B"],"character_chosen":"DEFECT","items_purchased":["Bronze Scales","Conserve Battery+1","Scrape","Deep Breath+1","Seek+1","Swift Potion","Hello World","Compile Driver","Auto Shields+1","Ball Lightning","Blizzard","Conserve Battery+1","Storm"],"campfire_rested":0,"item_purchase_floors":[19,19,22,22,22,37,37,37,37,37,47,47,47],"current_hp_per_floor":[75,75,68,73,72,72,61,47,47,47,45,45,45,45,45,45,80,80,80,80,80,80,72,72,81,81,81,81,86,86,75,75,57,87,68,70,70,79,67,74,79,87,87,87,101,101,101,101,101,101],"gold":21,"neow_bonus":"ONE_RANDOM_RARE_CARD","is_prod":false,"is_daily":false,"chose_seed":false,"campfire_upgraded":11,"win_rate":0,"timestamp":1532094284,"path_taken":["M","?","M","?","M","R","M","E","T","R","E","M","R","E","R","BOSS","M","$","?","?","$","E","R","E","T","R","?","?","R","E","R","BOSS","M","M","$","M","M","E","?","E","T","R","E","R","?","M","R","BOSS"],"build_version":"2018-07-19v2","purchased_purges":1,"victory":true,"max_hp_per_floor":[75,75,75,80,80,80,80,80,80,80,80,80,80,80,80,80,80,80,80,80,80,80,80,80,87,87,87,87,87,87,87,87,87,87,87,87,87,87,87,87,87,87,87,87,101,101,101,101,101,101],"card_choices":[{"not_picked":["Heatsinks","Conserve Battery"],"picked":"Double Energy","floor":1.0},{"not_picked":["Static Discharge","Cold Snap"],"picked":"Leap","floor":3.0},{"not_picked":["Rebound","Stack"],"picked":"Core Surge","floor":5.0},{"not_picked":["Steam","Streamline"],"picked":"Gash","floor":7.0},{"not_picked":["Steam","Blizzard"],"picked":"Force Field","floor":8.0},{"not_picked":["Doom and Gloom","Lockon"],"picked":"Glacier","floor":11.0},{"not_picked":["Redo","Darkness"],"picked":"Conserve Battery","floor":12.0},{"not_picked":["Fission","Beam Cell"],"picked":"FTL","floor":14.0},{"not_picked":["Hyperbeam","Core Surge"],"picked":"Seek+1","floor":16.0},{"not_picked":["Static Discharge","Redo+1"],"picked":"Steam+1","floor":18},{"not_picked":["Hello World","Rebound"],"picked":"Compile Driver","floor":23},{"not_picked":["Turbo+1","Darkness+1"],"picked":"Self Repair","floor":25},{"not_picked":["Aggregate+1","Amplify+1","Double Energy+1"],"picked":"SKIP","floor":29},{"not_picked":["Rip and Tear","Hyperbeam"],"picked":"Hologram+1","floor":31},{"not_picked":["Hyperbeam","Buffer"],"picked":"Machine Learning","floor":33},{"not_picked":["Barrage","Turbo+1"],"picked":"Consume+1","floor":35},{"not_picked":["Darkness+1","Chaos+1"],"picked":"Sweeping Beam","floor":36},{"not_picked":["Lockon+1","Go for the Eyes+1"],"picked":"Defragment","floor":38},{"not_picked":["Turbo+1","Beam Cell+1","Fusion+1"],"picked":"SKIP","floor":39},{"not_picked":["Meteor Strike","Recycle+1"],"picked":"Conserve Battery+1","floor":40},{"not_picked":["Steam Power+1","Cold Snap+1"],"picked":"Blizzard","floor":41},{"not_picked":["Auto Shields+1","Reboot+1"],"picked":"Melter+1","floor":42},{"not_picked":["FTL","Hologram+1"],"picked":"Coolheaded+1","floor":45},{"not_picked":["Gash+1","Glacier+1"],"picked":"Skim+1","floor":48}],"player_experience":135191,"relics_obtained":[{"floor":8.0,"key":"Mercury Hourglass"},{"floor":9.0,"key":"Dodecahedron"},{"floor":11.0,"key":"Ornamental Fan"},{"floor":14.0,"key":"Toxic Egg 2"},{"floor":23,"key":"Blood Vial"},{"floor":25,"key":"Strawberry"},{"floor":26,"key":"Bottled Tornado"},{"floor":28,"key":"Darkstone Periapt"},{"floor":31,"key":"Centennial Puzzle"},{"floor":40,"key":"Bird Faced Urn"},{"floor":41,"key":"Sundial"},{"floor":42,"key":"Shuriken"},{"floor":43,"key":"Meat on the Bone"},{"floor":45,"key":"Mango"}],"event_choices":[{"event_name":"Liars Game","player_choice":"agreed","floor":2.0,"damage_taken":0.0},{"event_name":"Big Fish","player_choice":"Donut","floor":4.0,"damage_taken":0.0},{"event_name":"Cursed Tome","player_choice":"Ignored","floor":20,"damage_taken":0},{"event_name":"The Library","player_choice":"Read","floor":21,"damage_taken":0},{"event_name":"MindBloom","player_choice":"Fight","floor":41,"damage_taken":0}],"is_beta":false,"boss_relics":[{"not_picked":["Busted Crown","Cursed Key"],"picked":"Pandora\u0027s Box"},{"not_picked":["Astrolabe","Coffee Dripper"],"picked":"Runic Dome"}],"items_purged_floors":[37],"is_endless":false,"potions_floor_spawned":[1,3,12,23,29,36,38,39,41],"ascension_level":2}