{"gold_per_floor":[418,418,432,51,61,96,115,115,115,131,131,156,173,173,173,277,277,277],"floor_reached":18,"playtime":649,"items_purged":[],"score":275,"play_id":"a1340d03-f259-460e-abd9-8d163b51c853","local_time":"20190218121732","is_ascension_mode":true,"campfire_choices":[{"floor":8,"key":"REST"},{"data":"Zap","floor":11,"key":"SMITH"},{"floor":15,"key":"REST"}],"neow_cost":"TEN_PERCENT_HP_LOSS","seed_source_timestamp":412571776582554,"circlet_count":0,"master_deck":["AscendersBane","Strike_B","Strike_B","Defend_B","Defend_B","Defend_B","Defend_B","Zap+1","Dualcast","Hologram","Go for the Eyes","Sweeping Beam","Self Repair","Conserve Battery","Skim","Defragment","Echo Form"],"relics":["Cracked Core","Old Coin","Ice Cream","Smiling Mask","Orichalcum","Darkstone Periapt","Philosopher\u0027s Stone"],"potions_floor_usage":[6,6,16,16],"damage_taken":[{"damage":2,"enemies":"2 Louse","floor":1,"turns":3},{"damage":2,"enemies":"Jaw Worm","floor":3,"turns":5},{"damage":0,"enemies":"Cultist","floor":5,"turns":3},{"damage":17,"enemies":"Lagavulin","floor":6,"turns":7},{"damage":8,"enemies":"Looter","floor":7,"turns":4},{"damage":4,"enemies":"Exordium Thugs","floor":10,"turns":5},{"damage":38,"enemies":"3 Sentries","floor":12,"turns":8},{"damage":10,"enemies":"Large Slime","floor":13,"turns":3},{"damage":43,"enemies":"Slime Boss","floor":16,"turns":9},{"damage":54,"enemies":"3 Byrds","floor":18,"turns":4}],"seed_played":"1340686754045835508","potions_obtained":[{"floor":3,"key":"Swift Potion"},{"floor":5,"key":"FearPotion"},{"floor":7,"key":"FearPotion"},{"floor":13,"key":"Block Potion"}],"is_trial":false,"path_per_floor":["M","?","M","$","M","E","M","R","T","M","R","E","M","?","R","B",null,"M"],"character_chosen":"DEFECT","items_purchased":["Ice Cream","Hologram","Go for the Eyes"],"campfire_rested":2,"item_purchase_floors":[4,4,4],"current_hp_per_floor":[66,59,57,57,57,40,39,59,59,62,62,31,28,28,48,12,54,0],"gold":277,"neow_bonus":"ONE_RARE_RELIC","is_prod":false,"is_daily":false,"chose_seed":false,"campfire_upgraded":1,"win_rate":0,"timestamp":1550510252,"path_taken":["M","?","M","$","M","E","M","R","T","M","R","E","M","?","R","BOSS","M"],"build_version":"2019-01-23","purchased_purges":0,"victory":false,"max_hp_per_floor":[68,68,68,68,68,68,68,68,68,68,68,68,68,68,68,68,68,68],"card_choices":[{"not_picked":["Rebound","Skim","Stack"],"picked":"SKIP","floor":1},{"not_picked":["Storm","Stack","Redo"],"picked":"SKIP","floor":3},{"not_picked":["Rebound","Barrage"],"picked":"Sweeping Beam","floor":5},{"not_picked":["Turbo","Ball Lightning"],"picked":"Self Repair","floor":6},{"not_picked":["Auto Shields","Consume"],"picked":"Conserve Battery","floor":7},{"not_picked":["Barrage","Redo","Sweeping Beam"],"picked":"SKIP","floor":10},{"not_picked":["Ball Lightning","Hologram"],"picked":"Skim","floor":12},{"not_picked":["Fission","Streamline"],"picked":"Defragment","floor":13},{"not_picked":["Rainbow","Biased Cognition"],"picked":"Echo Form","floor":16}],"player_experience":532421,"relics_obtained":[{"floor":6,"key":"Smiling Mask"},{"floor":9,"key":"Orichalcum"},{"floor":12,"key":"Darkstone Periapt"}],"event_choices":[{"cards_removed":["Strike_B"],"damage_healed":0,"gold_gain":0,"player_choice":"Card Removal","damage_taken":7,"max_hp_gain":0,"max_hp_loss":0,"event_name":"Golden Wing","floor":2,"gold_loss":0},{"cards_removed":["Strike_B"],"damage_healed":0,"gold_gain":0,"player_choice":"Offered Basic","damage_taken":0,"max_hp_gain":0,"max_hp_loss":0,"event_name":"Bonfire Elementals","floor":14,"gold_loss":0}],"is_beta":false,"boss_relics":[{"not_picked":["Cursed Key","Coffee Dripper"],"picked":"Philosopher\u0027s Stone"}],"items_purged_floors":[],"is_endless":false,"potions_floor_spawned":[3,5,7,13],"killed_by":"3 Byrds","ascension_level":12}