{"gold_per_floor":[111,111,128,128,0,0,26,26,50,50,68,143,160,192,192,264,264,276,293,306,317,317,317,348,348,374,388,399,64,77,96,96,170,170,188,236,248,265,365,365,393,393,417,432,443,460,460,476,476,476],"floor_reached":51,"playtime":2842,"items_purged":["Clumsy"],"score":1338,"play_id":"8bfacdc0-d384-4492-bc64-52971c72b406","local_time":"20190209202007","is_ascension_mode":true,"campfire_choices":[{"data":"Defragment","floor":8.0,"key":"SMITH"},{"data":"Pot Of Greed","floor":10.0,"key":"SMITH"},{"floor":15.0,"key":"REST"},{"data":"strawberrySpire:BiBeamBolt","floor":23,"key":"SMITH"},{"floor":25,"key":"REST"},{"data":"hubris:DoWhile","floor":32,"key":"SMITH"},{"floor":40,"key":"REST"},{"data":"Double Energy","floor":42,"key":"SMITH"},{"floor":47,"key":"REST"},{"data":"strawberrySpire:Ronchyble","floor":49,"key":"SMITH"}],"neow_cost":"NONE","seed_source_timestamp":298462804545240,"circlet_count":0,"master_deck":["AscendersBane","Strike_B","Strike_B","Strike_B","Strike_B","Defend_B","Defend_B","Defend_B","Defend_B","Zap+1","Dualcast+1","Leap","Capacitor","Ball Lightning","Defragment+1","Pot Of Greed","Pot Of Greed+1","Cold Snap","Barrage","hubris:DoWhile+1","strawberrySpire:BiBeamBolt+1","Stack","strawberrySpire:NeonFlight+1","Coolheaded","Ball Lightning","Shame","Pot Of Greed","strawberrySpire:Adapter","Leap","strawberrySpire:Refactor+1","Coolheaded","strawberrySpire:Ronchyble+1","Panic Button+1","Ball Lightning","Double Energy+1","Ball Lightning","strawberrySpire:NeonFlight","strawberrySpire:SearchEngine","Hologram+1","Pot Of Greed","strawberrySpire:NeonFlight","Parasite","strawberrySpire:Compressor","ReplaySort+1"],"special_seed":0,"relics":["Cracked Core","NeowsBlessing","strawberrySpire:Icefruit","halation:AfternoonTea","Grinning Jar","aspiration:HummingbirdHeart","Painkiller Herb","theJungle:SneckoAutograph","Blue Doll","Counterbalance","halation:Thesaurus","hubris:Zylophone","strawberrySpire:CapacitorDischarge","strawberrySpire:ThornyGelberry","strawberrySpire:BonfireDress","ReplayTheSpireMod:TigerMarble","Happy Flower"],"potions_floor_usage":[30,36],"damage_taken":[{"damage":0.0,"enemies":"Jaw Worm","floor":1.0,"turns":1.0},{"damage":0.0,"enemies":"2 Louse","floor":3.0,"turns":1.0},{"damage":0.0,"enemies":"Lagavulin","floor":7.0,"turns":2.0},{"damage":7.0,"enemies":"Small Slimes","floor":11.0,"turns":3.0},{"damage":3.0,"enemies":"Exordium Wildlife","floor":13.0,"turns":3.0},{"damage":7.0,"enemies":"3 Sentries","floor":14.0,"turns":6.0},{"damage":48.0,"enemies":"Slime Boss","floor":16.0,"turns":8.0},{"damage":0.0,"enemies":"theJungle:Flameango_and_Byrd","floor":18.0,"turns":4.0},{"damage":4,"enemies":"theJungle:MUSHROOMGANG","floor":19,"turns":6},{"damage":0,"enemies":"Snake Plant","floor":20,"turns":4},{"damage":0,"enemies":"theJungle:Lyon","floor":21,"turns":4},{"damage":31,"enemies":"theJungle:Cassacara","floor":24,"turns":7},{"damage":0,"enemies":"theJungle:JungleHuntersEncounter","floor":27,"turns":6},{"damage":0,"enemies":"Snake Plant","floor":28,"turns":3},{"damage":5,"enemies":"theJungle:2_Flameangoes","floor":30,"turns":5},{"damage":0,"enemies":"theJungle:SlimyTreeVines","floor":31,"turns":2},{"damage":19,"enemies":"theJungle:TotemBoss","floor":33,"turns":7},{"damage":5,"enemies":"Orb Walker","floor":35,"turns":3},{"damage":11,"enemies":"2 Orb Walkers","floor":36,"turns":5},{"damage":0,"enemies":"3 Darklings","floor":37,"turns":5},{"damage":19,"enemies":"Writhing Mass","floor":38,"turns":5},{"damage":0,"enemies":"Mind Bloom Boss Battle","floor":39,"turns":6},{"damage":5,"enemies":"Nemesis","floor":41,"turns":7},{"damage":1,"enemies":"Maw","floor":44,"turns":6},{"damage":18,"enemies":"Sphere and 2 Shapes","floor":45,"turns":5},{"damage":3,"enemies":"Writhing Mass","floor":46,"turns":5},{"damage":9,"enemies":"Jaw Worm Horde","floor":48,"turns":5},{"damage":60,"enemies":"Time Eater","floor":50,"turns":11}],"seed_played":"1597412369728503603","potions_obtained":[{"floor":1.0,"key":"Cursed Concoction"},{"floor":3.0,"key":"Dexterity Potion"},{"floor":14.0,"key":"Toxic Potion"},{"floor":20,"key":"SkillPotion"},{"floor":27,"key":"SpeedPotion"},{"floor":30,"key":"Strength Potion"},{"floor":31,"key":"Block Potion"},{"floor":36,"key":"Languid Potion"},{"floor":48,"key":"Block Potion"}],"is_trial":false,"path_per_floor":["M","?","M","?","$","R","E","R","T","R","M","?","M","E","R","B",null,"?","?","?","?","?","T","E","T","T","?","?","T","?","?","T","B",null,"?","?","?","?","?","T","E","T","T","?","?","?","T","?","T","B",null],"character_chosen":"DEFECT","items_purchased":["Ball Lightning","halation:Thesaurus","strawberrySpire:Refactor+1"],"campfire_rested":4,"item_purchase_floors":[5,29,29],"current_hp_per_floor":[64,43,43,43,43,43,43,43,43,43,36,25,22,15,36,3,54,54,50,50,50,50,50,19,40,40,55,55,55,50,53,53,34,62,57,46,46,27,27,48,58,58,58,57,39,36,57,62,62,2],"gold":476,"neow_bonus":"THREE_ENEMY_KILL","is_prod":false,"is_daily":false,"chose_seed":false,"campfire_upgraded":6,"win_rate":0,"timestamp":1549704007,"path_taken":["M","?","M","?","$","R","E","R","T","R","M","?","?","E","R","BOSS","?","?","?","?","?","T","E","T","T","?","?","T","?","?","T","BOSS","?","?","?","?","?","T","E","T","T","?","?","?","T","?","T","BOSS"],"build_version":"2019-01-23","purchased_purges":1,"victory":true,"max_hp_per_floor":[71,71,71,71,71,71,71,71,71,71,71,71,71,71,71,71,71,71,71,71,71,71,71,71,71,71,71,71,71,71,71,71,71,71,71,71,71,71,71,71,71,71,71,71,71,71,71,71,71,71],"card_choices":[{"not_picked":["Double Energy","Darkness"],"picked":"Leap","floor":1.0},{"not_picked":["strawberrySpire:DataDump","Crystallizer"],"picked":"Capacitor","floor":3.0},{"not_picked":["Ball Lightning","Panic Button"],"picked":"Defragment","floor":7.0},{"not_picked":["Conserve Battery","strawberrySpire:BreederCore"],"picked":"Cold Snap","floor":11.0},{"not_picked":["Steam","FTL"],"picked":"Barrage","floor":13.0},{"not_picked":["Turbo","Panic Button"],"picked":"hubris:DoWhile","floor":14.0},{"not_picked":["Reboot","All For One"],"picked":"strawberrySpire:BiBeamBolt","floor":16.0},{"not_picked":["strawberrySpire:GearCrunch","Reprogram"],"picked":"Stack","floor":18.0},{"not_picked":["Panic Button","Beam Cell"],"picked":"strawberrySpire:NeonFlight+1","floor":19},{"not_picked":["Panic Button","Sweeping Beam"],"picked":"Coolheaded","floor":20},{"not_picked":["Hologram","Steam"],"picked":"Ball Lightning","floor":21},{"not_picked":["Streamline","FIFO Queue"],"picked":"strawberrySpire:Adapter","floor":24},{"not_picked":["Beam Cell","Aggregate"],"picked":"Leap","floor":27},{"not_picked":["Turbo","Stack","Storm"],"picked":"SKIP","floor":28},{"not_picked":["Sweeping Beam","strawberrySpire:BreederCore"],"picked":"Coolheaded","floor":30},{"not_picked":["Crystallizer+1","FTL","Blizzard"],"picked":"SKIP","floor":31},{"not_picked":["Echo Form","Buffer"],"picked":"strawberrySpire:Ronchyble","floor":33},{"not_picked":["Redo","Leap"],"picked":"Panic Button+1","floor":35},{"not_picked":["strawberrySpire:Disconnect","Undo+1"],"picked":"Ball Lightning","floor":36},{"not_picked":["Leap","Compile Driver+1"],"picked":"Double Energy","floor":37},{"not_picked":["strawberrySpire:BreederCore","Compile Driver+1"],"picked":"Ball Lightning","floor":38},{"not_picked":["Sunder","Coolheaded"],"picked":"strawberrySpire:NeonFlight","floor":39},{"not_picked":["Core Surge","Static Discharge"],"picked":"strawberrySpire:SearchEngine","floor":41},{"not_picked":["Lockon","BasicCrystalCard"],"picked":"Hologram+1","floor":44},{"not_picked":["Cold Snap","Beam Cell+1"],"picked":"strawberrySpire:NeonFlight","floor":45},{"not_picked":["Chaos","Doom and Gloom"],"picked":"strawberrySpire:Compressor","floor":46},{"not_picked":["Ball Lightning","ReplayTheSpireMod:GoodbyeWorld"],"picked":"ReplaySort+1","floor":48}],"player_experience":412445,"relics_obtained":[{"floor":6.0,"key":"strawberrySpire:Icefruit"},{"floor":7.0,"key":"halation:AfternoonTea"},{"floor":9.0,"key":"Grinning Jar"},{"floor":14.0,"key":"aspiration:HummingbirdHeart"},{"floor":24,"key":"hubris:GlazedTorus"},{"floor":26,"key":"Blue Doll"},{"floor":36,"key":"strawberrySpire:ThornyGelberry"},{"floor":39,"key":"strawberrySpire:BonfireDress"},{"floor":41,"key":"ReplayTheSpireMod:TigerMarble"},{"floor":43,"key":"Happy Flower"}],"event_choices":[{"damage_healed":0.0,"max_hp_gain":0.0,"max_hp_loss":0.0,"gold_gain":0.0,"event_name":"Shining Light","player_choice":"Entered Light","floor":2.0,"gold_loss":0.0,"damage_taken":21.0,"cards_upgraded":["Dualcast","Zap"]},{"damage_healed":0.0,"max_hp_gain":0.0,"max_hp_loss":0.0,"gold_gain":75.0,"event_name":"World of Goop","player_choice":"Gather Gold","floor":12.0,"gold_loss":0.0,"damage_taken":11.0},{"damage_healed":0,"gold_gain":0,"player_choice":"Fight","damage_taken":0,"max_hp_gain":0,"max_hp_loss":0,"event_name":"Mysterious Sphere","floor":36,"gold_loss":0},{"damage_healed":0,"gold_gain":0,"player_choice":"Fight","damage_taken":0,"max_hp_gain":0,"max_hp_loss":0,"event_name":"MindBloom","floor":39,"gold_loss":0}],"is_beta":false,"boss_relics":[{"not_picked":["Orrery","hubris:BlackHole"],"picked":"Painkiller Herb"},{"not_picked":["strawberrySpire:Dictionifier","hubris:HollowSoul"],"picked":"strawberrySpire:CapacitorDischarge"}],"items_purged_floors":[5],"is_endless":false,"potions_floor_spawned":[1,3,13,14,20,27,28,30,31,35,36,37,45,48],"ascension_level":16}