{"gold_per_floor":[110,110,129,144,159,186,186,217,217,22,22,22,42,42,42,137,137,153,153,28,39,39,39],"floor_reached":23,"playtime":1274,"items_purged":[],"score":199,"play_id":"69e7eb18-e195-4b4f-b75d-6adfef9c422f","local_time":"20190115015215","is_ascension_mode":false,"campfire_choices":[{"floor":7,"key":"REST"},{"data":"Dualcast","floor":15,"key":"SMITH"}],"neow_cost":"NONE","seed_source_timestamp":1746433665748892,"circlet_count":0,"master_deck":["Strike_B","Strike_B","Strike_B","Strike_B","Defend_B","Defend_B","Defend_B","Defend_B","Zap","Dualcast+1","Doom and Gloom","Coolheaded","White Noise","Turbo","Fusion","Beam Cell","Enlightenment","Stack","Compile Driver","Steam","Seek","Storm+1","Mind Blast","Hello World","Defragment","Decay"],"relics":["Cracked Core","Pantograph","Matryoshka","Bottled Flame","Ancient Tea Set","Bottled Lightning","Inserter"],"potions_floor_usage":[6,8,13,16,16,16],"damage_taken":[{"damage":5,"enemies":"Small Slimes","floor":1,"turns":3},{"damage":6,"enemies":"Jaw Worm","floor":3,"turns":3},{"damage":7,"enemies":"2 Louse","floor":4,"turns":2},{"damage":22,"enemies":"Large Slime","floor":5,"turns":4},{"damage":13,"enemies":"Gremlin Nob","floor":6,"turns":3},{"damage":27,"enemies":"3 Sentries","floor":8,"turns":5},{"damage":1,"enemies":"3 Louse","floor":13,"turns":2},{"damage":2,"enemies":"Slime Boss","floor":16,"turns":8},{"damage":37,"enemies":"Spheric Guardian","floor":18,"turns":6},{"damage":10,"enemies":"Chosen","floor":21,"turns":5},{"damage":35,"enemies":"Slavers","floor":23,"turns":2}],"seed_played":"-3398877477516399938","potions_obtained":[{"floor":4,"key":"Fire Potion"},{"floor":6,"key":"PowerPotion"},{"floor":8,"key":"EntropicBrew"}],"is_trial":false,"path_per_floor":["M","?","M","M","M","E","R","E","T","$","?","$","M","?","R","B",null,"M","?","$","M","?","E"],"character_chosen":"DEFECT","items_purchased":["Enlightenment","Stack","Compile Driver","Mind Blast","Hello World"],"campfire_rested":1,"item_purchase_floors":[10,10,10,20,20],"current_hp_per_floor":[77,65,59,52,30,17,41,14,14,14,14,14,13,40,40,63,82,45,45,45,35,35,0],"gold":39,"neow_bonus":"TEN_PERCENT_HP_BONUS","is_prod":false,"is_daily":false,"chose_seed":false,"campfire_upgraded":1,"win_rate":0.0,"timestamp":1547535135,"path_taken":["M","?","M","M","M","E","R","E","T","$","?","?","M","?","R","BOSS","M","?","$","M","?","E"],"build_version":"2019-01-10","purchased_purges":0,"victory":false,"max_hp_per_floor":[82,82,82,82,82,82,82,82,82,82,82,82,82,82,82,82,82,82,82,82,82,82,82],"card_choices":[{"not_picked":["Leap","Steam"],"picked":"Doom and Gloom","floor":1},{"not_picked":["BootSequence","Melter"],"picked":"Coolheaded","floor":3},{"not_picked":["Steam","Streamline"],"picked":"White Noise","floor":4},{"not_picked":["Aggregate","Doom and Gloom"],"picked":"Turbo","floor":5},{"not_picked":["Ball Lightning","Rebound"],"picked":"Fusion","floor":6},{"not_picked":["Coolheaded","Cold Snap"],"picked":"Beam Cell","floor":8},{"not_picked":["Chaos","Streamline"],"picked":"Steam","floor":13},{"not_picked":["Biased Cognition","Multi-Cast"],"picked":"Seek","floor":16},{"not_picked":["Sunder","Beam Cell"],"picked":"Storm+1","floor":18},{"not_picked":["Barrage","Cold Snap"],"picked":"Defragment","floor":21}],"player_experience":15884,"relics_obtained":[{"floor":6,"key":"Matryoshka"},{"floor":8,"key":"Bottled Flame"},{"floor":9,"key":"Ancient Tea Set"},{"floor":9,"key":"Bottled Lightning"}],"event_choices":[{"damage_healed":0,"gold_gain":0,"player_choice":"Success","damage_taken":12,"relics_obtained":["Pantograph"],"max_hp_gain":0,"max_hp_loss":0,"event_name":"Scrap Ooze","floor":2,"gold_loss":0},{"damage_healed":0,"gold_gain":0,"player_choice":"Leave","damage_taken":0,"max_hp_gain":0,"max_hp_loss":0,"event_name":"The Cleric","floor":11,"gold_loss":0},{"damage_healed":27,"gold_gain":0,"player_choice":"Banana","damage_taken":0,"max_hp_gain":0,"max_hp_loss":0,"event_name":"Big Fish","floor":14,"gold_loss":0},{"damage_healed":0,"gold_gain":0,"player_choice":"Ignored","damage_taken":0,"max_hp_gain":0,"max_hp_loss":0,"event_name":"Ghosts","floor":19,"gold_loss":0},{"damage_healed":0,"gold_gain":0,"player_choice":"Smashed Altar","damage_taken":0,"max_hp_gain":0,"max_hp_loss":0,"event_name":"Forgotten Altar","floor":22,"gold_loss":0,"cards_obtained":["Decay"]}],"is_beta":false,"boss_relics":[{"not_picked":["Astrolabe","Ectoplasm"],"picked":"Inserter"}],"items_purged_floors":[],"is_endless":false,"potions_floor_spawned":[4,6,8],"killed_by":"Slavers","ascension_level":0}