{"gold_per_floor":[116,131,131,50,125,164,164,208,254,270,270,300,300],"floor_reached":13,"playtime":538,"items_purged":[],"score":128,"play_id":"ba57a102-4112-4114-b8dd-fdad919154db","local_time":"20190108234924","is_ascension_mode":true,"campfire_choices":[{"floor":11,"key":"REST"}],"neow_cost":"NONE","seed_source_timestamp":7019269945428,"circlet_count":0,"master_deck":["Defend_G","Defend_G","Defend_G","Defend_G","Defend_G","Strike_G","Strike_G","Strike_G","Strike_G","Strike_G+1","Survivor","Neutralize","Backflip","Blade Dance+1","Infinite Blades","Noxious Fumes","Heel Hook","Adrenaline","Finisher","Flying Knee"],"relics":["Ring of the Snake","NeowsBlessing","Golden Idol","Dream Catcher","Gambling Chip","Juzu Bracelet","Odd Mushroom"],"potions_floor_usage":[8,12],"damage_taken":[{"damage":0,"enemies":"Jaw Worm","floor":1,"turns":1},{"damage":0,"enemies":"Small Slimes","floor":2,"turns":1},{"damage":0,"enemies":"Gremlin Nob","floor":6,"turns":1},{"damage":30,"enemies":"3 Sentries","floor":8,"turns":8},{"damage":1,"enemies":"2 Louse","floor":10,"turns":3},{"damage":28,"enemies":"The Mushroom Lair","floor":12,"turns":4},{"damage":28,"enemies":"Lagavulin","floor":13,"turns":5}],"seed_played":"-5977935989131163794","potions_obtained":[{"floor":6,"key":"Regen Potion"},{"floor":8,"key":"AttackPotion"}],"is_trial":false,"path_per_floor":["M","M","?","$","?","E","?","E","T","M","R","?","E"],"character_chosen":"THE_SILENT","items_purchased":["Infinite Blades"],"campfire_rested":1,"item_purchase_floors":[4],"current_hp_per_floor":[70,70,65,65,54,54,41,26,26,25,44,16,0],"gold":300,"neow_bonus":"THREE_ENEMY_KILL","is_prod":false,"is_daily":false,"chose_seed":false,"campfire_upgraded":0,"win_rate":0,"timestamp":1547012964,"path_taken":["M","M","?","$","?","E","?","E","T","M","R","?","E"],"build_version":"2019-01-03v4","purchased_purges":0,"victory":false,"max_hp_per_floor":[70,70,65,65,65,65,65,65,65,65,65,65,65],"card_choices":[{"not_picked":["Underhanded Strike","Outmaneuver"],"picked":"Backflip","floor":1},{"not_picked":["Flying Knee","Acrobatics"],"picked":"Blade Dance","floor":2},{"not_picked":["Deflect","Poisoned Stab"],"picked":"Noxious Fumes","floor":6},{"not_picked":["Endless Agony","Poisoned Stab"],"picked":"Heel Hook","floor":8},{"not_picked":["Blade Dance","Endless Agony"],"picked":"Adrenaline","floor":10},{"not_picked":["Choke","Dodge and Roll"],"picked":"Finisher","floor":11},{"not_picked":["Endless Agony","Dagger Throw"],"picked":"Flying Knee","floor":12}],"player_experience":73604,"relics_obtained":[{"floor":6,"key":"Dream Catcher"},{"floor":8,"key":"Gambling Chip"},{"floor":9,"key":"Juzu Bracelet"},{"floor":12,"key":"Odd Mushroom"}],"event_choices":[{"damage_healed":0,"gold_gain":0,"player_choice":"Lose Max HP","damage_taken":0,"relics_obtained":["Golden Idol"],"max_hp_gain":0,"max_hp_loss":5,"event_name":"Golden Idol","floor":3,"gold_loss":0},{"damage_healed":0,"gold_gain":75,"player_choice":"Gather Gold","damage_taken":11,"max_hp_gain":0,"max_hp_loss":0,"event_name":"World of Goop","floor":5,"gold_loss":0},{"damage_healed":0,"gold_gain":0,"player_choice":"Entered Light","damage_taken":13,"max_hp_gain":0,"max_hp_loss":0,"event_name":"Shining Light","floor":7,"gold_loss":0,"cards_upgraded":["Strike_G","Blade Dance"]},{"damage_healed":0,"gold_gain":0,"player_choice":"Fought Mushrooms","damage_taken":0,"max_hp_gain":0,"max_hp_loss":0,"event_name":"Mushrooms","floor":12,"gold_loss":0}],"is_beta":false,"boss_relics":[],"items_purged_floors":[],"is_endless":false,"potions_floor_spawned":[6,8],"killed_by":"Lagavulin","ascension_level":2}