{"gold_per_floor":[144,189,189,38,38,38,128,173,248,293,368,18,18,63,63,363,363,408,453,28,28,73,163,163,253,253,253,298,373,418,463,463,763,763,808,808,808,808,808,853,120,165,165,210,210,210,255,300,300,300],"floor_reached":51,"playtime":2778,"items_purged":["Strike_G","Strike_R","Hello World"],"score":689,"play_id":"514fc1b8-fb88-4d66-be2a-7e84bd715b50","local_time":"20190217111538","daily_mods":["Chimera","Time Dilation","Midas"],"is_ascension_mode":false,"campfire_choices":[{"floor":6,"key":"REST"},{"floor":13,"key":"REST"},{"floor":15,"key":"REST"},{"floor":24,"key":"REST"},{"floor":27,"key":"REST"},{"floor":32,"key":"REST"},{"floor":45,"key":"REST"},{"floor":49,"key":"REST"}],"neow_cost":"","seed_source_timestamp":319327132859879,"circlet_count":0,"master_deck":["Bash","Survivor","Zap","Defend_R","Defend_G","Defend_B","Hologram+1","Chill+1","Gash","Glacier","Self Repair","Creative AI","Tempest+1","Loop","Conserve Battery+1","Go for the Eyes+1","Reinforced Body+1","Core Surge+1","Aggregate+1","Apotheosis+1","Madness+1","Madness+1","Consume+1","Defragment","FTL+1","Blizzard+1","The Bomb+1"],"special_seed":17944,"relics":["FrozenCore","Bag of Preparation","Mercury Hourglass","Cables","Lizard Tail","Art of War","Bag of Marbles","MutagenicStrength","Molten Egg 2","Toxic Egg 2","Emotion Chip","Letter Opener","PreservedInsect","ClockworkSouvenir","Singing Bowl"],"potions_floor_usage":[7,16,19,19,25,33,40,44,50,50],"damage_taken":[{"damage":6,"enemies":"Jaw Worm","floor":1,"turns":3},{"damage":0,"enemies":"Small Slimes","floor":2,"turns":3},{"damage":2,"enemies":"3 Sentries","floor":7,"turns":7},{"damage":0,"enemies":"2 Louse","floor":8,"turns":2},{"damage":5,"enemies":"Exordium Wildlife","floor":10,"turns":2},{"damage":0,"enemies":"3 Louse","floor":14,"turns":3},{"damage":19,"enemies":"Hexaghost","floor":16,"turns":9},{"damage":12,"enemies":"3 Byrds","floor":18,"turns":5},{"damage":26,"enemies":"2 Thieves","floor":19,"turns":4},{"damage":6,"enemies":"Centurion and Healer","floor":22,"turns":13},{"damage":81,"enemies":"Book of Stabbing","floor":23,"turns":9},{"damage":38,"enemies":"Slavers","floor":25,"turns":5},{"damage":1,"enemies":"3 Cultists","floor":28,"turns":4},{"damage":15,"enemies":"Snecko","floor":30,"turns":4},{"damage":0,"enemies":"Snake Plant","floor":31,"turns":3},{"damage":18,"enemies":"Automaton","floor":33,"turns":11},{"damage":3,"enemies":"3 Shapes","floor":35,"turns":5},{"damage":11,"enemies":"3 Darklings","floor":40,"turns":4},{"damage":6,"enemies":"Maw","floor":42,"turns":7},{"damage":26,"enemies":"Jaw Worm Horde","floor":44,"turns":3},{"damage":3,"enemies":"Transient","floor":47,"turns":5},{"damage":2,"enemies":"4 Shapes","floor":48,"turns":4},{"damage":43,"enemies":"Awakened One","floor":50,"turns":17}],"seed_played":"3988833726402513641","potions_obtained":[{"floor":2,"key":"LiquidBronze"},{"floor":8,"key":"Fire Potion"},{"floor":10,"key":"PowerPotion"},{"floor":16,"key":"Regen Potion"},{"floor":19,"key":"Strength Potion"},{"floor":23,"key":"Explosive Potion"},{"floor":28,"key":"LiquidBronze"},{"floor":31,"key":"LiquidBronze"},{"floor":33,"key":"FearPotion"},{"floor":35,"key":"Block Potion"},{"floor":44,"key":"Ancient Potion"}],"is_trial":false,"path_per_floor":["M","M","?","$","?","R","E","M","T","M","?","$","R","M","R","B",null,"M","M","$","?","M","E","R","E","T","R","M","T","M","M","R","B",null,"M","?","?","?","?","M","$","M","T","M","R","?","M","M","R","B",null],"character_chosen":"DEFECT","items_purchased":["Cold Snap","Gash","Cables","Art of War","Bag of Marbles","Defragment","FTL+1","Blizzard+1","PreservedInsect","ClockworkSouvenir","The Bomb+1"],"campfire_rested":8,"item_purchase_floors":[4,4,12,20,20,41,41,41,41,41,41],"current_hp_per_floor":[69,69,54,54,47,69,67,67,67,62,51,51,73,73,75,63,75,70,63,63,63,64,32,54,23,23,45,51,51,36,43,65,54,75,72,72,63,63,63,52,52,56,56,32,55,55,54,61,81,38],"gold":300,"neow_bonus":"","is_prod":false,"is_daily":true,"chose_seed":false,"campfire_upgraded":0,"win_rate":0,"timestamp":1550420138,"path_taken":["M","M","?","$","?","R","E","M","T","?","?","$","R","M","R","BOSS","M","M","$","?","M","E","R","E","T","R","M","?","M","M","R","BOSS","M","?","?","?","?","M","$","M","T","M","R","?","?","M","R","BOSS"],"build_version":"2019-01-23","purchased_purges":3,"victory":true,"max_hp_per_floor":[75,75,75,75,75,75,75,75,75,75,75,75,75,75,75,75,75,75,75,75,75,75,75,75,75,75,75,75,75,75,75,75,75,75,75,75,75,75,75,75,75,75,75,77,77,77,79,81,81,81],"card_choices":[{"not_picked":["Rebound","Ball Lightning"],"picked":"Hologram","floor":1},{"not_picked":["Redo","Lockon"],"picked":"Chill","floor":2},{"not_picked":["Chill","Gash"],"picked":"Hello World","floor":7},{"not_picked":["Streamline","Ball Lightning","Recycle"],"picked":"SKIP","floor":8},{"not_picked":["Chaos","Gash"],"picked":"Glacier","floor":10},{"not_picked":["Tempest","Skim"],"picked":"Self Repair","floor":14},{"not_picked":["Multi-Cast","Amplify"],"picked":"Creative AI","floor":16},{"not_picked":["Redo","Rebound"],"picked":"Tempest+1","floor":18},{"not_picked":["Leap","Compile Driver"],"picked":"Loop","floor":19},{"not_picked":["Chill+1","Ball Lightning+1","Consume"],"picked":"SKIP","floor":22},{"not_picked":["Amplify","Storm+1","Doom and Gloom"],"picked":"SKIP","floor":23},{"not_picked":["Ball Lightning+1","Genetic Algorithm+1"],"picked":"Conserve Battery+1","floor":25},{"not_picked":["Stack+1","Gash+1"],"picked":"Go for the Eyes+1","floor":28},{"not_picked":["Coolheaded+1","Ball Lightning+1"],"picked":"Reinforced Body+1","floor":30},{"not_picked":["Ball Lightning+1","Turbo+1","Reinforced Body+1"],"picked":"SKIP","floor":31},{"not_picked":["Hyperbeam+1","Rainbow+1"],"picked":"Core Surge+1","floor":33},{"not_picked":["Conserve Battery+1","Beam Cell+1"],"picked":"Aggregate+1","floor":35},{"not_picked":["Good Instincts+1","Secret Weapon+1"],"picked":"Apotheosis+1","floor":36},{"not_picked":["Compile Driver+1","Heatsinks"],"picked":"Consume+1","floor":40},{"not_picked":["Go for the Eyes+1","Stack+1","Steam Power+1"],"picked":"SKIP","floor":42},{"not_picked":["Compile Driver+1","Steam+1","Coolheaded+1"],"picked":"Singing Bowl","floor":44},{"not_picked":["Heatsinks+1","Barrage+1","Hologram+1"],"picked":"Singing Bowl","floor":47},{"not_picked":["Scrape+1","Steam+1","Self Repair+1"],"picked":"Singing Bowl","floor":48}],"player_experience":514004,"relics_obtained":[{"floor":7,"key":"Bag of Preparation"},{"floor":9,"key":"Mercury Hourglass"},{"floor":23,"key":"Molten Egg 2"},{"floor":25,"key":"Toxic Egg 2"},{"floor":26,"key":"Emotion Chip"},{"floor":29,"key":"Letter Opener"},{"floor":43,"key":"Singing Bowl"}],"event_choices":[{"damage_healed":0,"gold_gain":0,"player_choice":"Entered Light","damage_taken":15,"max_hp_gain":0,"max_hp_loss":0,"event_name":"Shining Light","floor":3,"gold_loss":0,"cards_upgraded":["Chill","Hologram"]},{"cards_removed":["Strike_B"],"damage_healed":0,"gold_gain":0,"player_choice":"Card Removal","damage_taken":7,"max_hp_gain":0,"max_hp_loss":0,"event_name":"Golden Wing","floor":5,"gold_loss":0},{"damage_healed":0,"gold_gain":75,"player_choice":"Gather Gold","damage_taken":11,"max_hp_gain":0,"max_hp_loss":0,"event_name":"World of Goop","floor":11,"gold_loss":0},{"damage_healed":0,"gold_gain":0,"player_choice":"Inject Mutagens","damage_taken":0,"relics_obtained":["MutagenicStrength"],"max_hp_gain":0,"max_hp_loss":0,"event_name":"Drug Dealer","floor":21,"gold_loss":0},{"damage_healed":0,"gold_gain":0,"player_choice":"Memory 1","damage_taken":0,"max_hp_gain":0,"max_hp_loss":0,"event_name":"SensoryStone","floor":36,"gold_loss":0},{"damage_healed":0,"gold_gain":0,"player_choice":"Embrace Madness","damage_taken":9,"max_hp_gain":0,"max_hp_loss":0,"event_name":"Winding Halls","floor":37,"gold_loss":0,"cards_obtained":["Madness","Madness"]},{"damage_healed":0,"gold_gain":0,"player_choice":"Ignored","damage_taken":0,"max_hp_gain":0,"max_hp_loss":0,"event_name":"Tomb of Lord Red Mask","floor":38,"gold_loss":0},{"damage_healed":0,"gold_gain":0,"player_choice":"Ignored","damage_taken":0,"max_hp_gain":0,"max_hp_loss":0,"event_name":"Mysterious Sphere","floor":39,"gold_loss":0},{"cards_removed":["Cold Snap"],"damage_healed":0,"gold_gain":0,"player_choice":"Removed Attack","damage_taken":0,"max_hp_gain":0,"max_hp_loss":0,"event_name":"Falling","floor":46,"gold_loss":0}],"is_beta":false,"boss_relics":[{"not_picked":["Runic Dome","Eternal Feather"],"picked":"Lizard Tail"},{"not_picked":["Empty Cage","Philosopher\u0027s Stone"],"picked":"FrozenCore"}],"items_purged_floors":[4,12,20],"is_endless":false,"potions_floor_spawned":[2,8,10,16,19,23,28,31,33,35,44],"ascension_level":0}