{"gold_per_floor":[111,128,148,10,10,10,37,2,2,2,37,37,112,128,128,207,207,221,221,1,1,1,36,36,36,36,52,66,85,85,10,10,87,87,97,146,164,64,64,97,97,127,127,145,145,145,20,35,35,35],"floor_reached":51,"playtime":3938,"items_purged":["Hemokinesis","Thunderclap","Writhe"],"score":1204,"play_id":"289bc6ba-efb0-4741-b2bb-35410887e24f","local_time":"20181129134321","is_ascension_mode":true,"campfire_choices":[{"data":"Feed","floor":6,"key":"SMITH"},{"data":"Carnage","floor":10,"key":"SMITH"},{"data":"Defend_R","floor":12,"key":"SMITH"},{"data":"Shrug It Off","floor":15,"key":"SMITH"},{"data":"True Grit","floor":24,"key":"SMITH"},{"data":"Second Wind","floor":30,"key":"SMITH"},{"data":"Feel No Pain","floor":32,"key":"SMITH"},{"data":"Havoc","floor":41,"key":"SMITH"},{"data":"Dark Embrace","floor":45,"key":"SMITH"},{"data":"Metallicize","floor":49,"key":"SMITH"}],"neow_cost":"NONE","seed_source_timestamp":2098437787457,"circlet_count":0,"master_deck":["AscendersBane","Bash+1","Carnage+1","Feed+1","Feel No Pain+1","Metallicize+1","Shrug It Off+1","Impervious","Headbutt","Warcry","Spot Weakness+1","Burning Pact","Havoc+1","Iron Wave","Sever Soul","Secret Technique+1","True Grit+1","Bite","Bite","Bite","Bite","Bite","Reckless Charge","Warcry","Second Wind+1","Dark Embrace+1","Shrug It Off","Uppercut+1"],"relics":["Velvet Choker","Dead Branch","Dodecahedron","Anchor","Pandora\u0027s Box","Dream Catcher","War Paint","Busted Crown","Incense Burner","Strawberry","Pear","Singing Bowl","Oddly Smooth Stone"],"potions_floor_usage":[16,18,27,37,40],"damage_taken":[{"damage":0,"enemies":"Cultist","floor":1,"turns":2},{"damage":2,"enemies":"Jaw Worm","floor":2,"turns":2},{"damage":0,"enemies":"Small Slimes","floor":3,"turns":2},{"damage":13,"enemies":"Gremlin Nob","floor":7,"turns":3},{"damage":5,"enemies":"3 Sentries","floor":11,"turns":4},{"damage":0,"enemies":"2 Fungi Beasts","floor":14,"turns":2},{"damage":42,"enemies":"Slime Boss","floor":16,"turns":11},{"damage":6,"enemies":"Chosen","floor":18,"turns":4},{"damage":16,"enemies":"Book of Stabbing","floor":23,"turns":5},{"damage":5,"enemies":"3 Byrds","floor":27,"turns":4},{"damage":18,"enemies":"Cultist and Chosen","floor":28,"turns":5},{"damage":10,"enemies":"Sentry and Sphere","floor":29,"turns":5},{"damage":38,"enemies":"Champ","floor":33,"turns":9},{"damage":3,"enemies":"Orb Walker","floor":35,"turns":3},{"damage":43,"enemies":"2 Orb Walkers","floor":36,"turns":6},{"damage":17,"enemies":"3 Shapes","floor":37,"turns":8},{"damage":26,"enemies":"Reptomancer","floor":40,"turns":7},{"damage":11,"enemies":"Nemesis","floor":42,"turns":5},{"damage":13,"enemies":"Writhing Mass","floor":44,"turns":9},{"damage":0,"enemies":"4 Shapes","floor":48,"turns":7},{"damage":81,"enemies":"Awakened One","floor":50,"turns":15}],"seed_played":"-5299507253729324874","potions_obtained":[{"floor":1,"key":"Ancient Potion"},{"floor":7,"key":"EssenceOfSteel"},{"floor":16,"key":"Poison Potion"},{"floor":18,"key":"Explosive Potion"},{"floor":28,"key":"Dexterity Potion"},{"floor":36,"key":"Regen Potion"}],"is_trial":false,"path_per_floor":["M","M","M","$","?","R","E","?","T","R","E","R","?","M","R","B",null,"M","?","$","?","?","E","R","$","T","M","M","M","R","$","R","B",null,"M","?","M","$","?","E","R","E","T","M","R","T","$","M","R","B",null],"character_chosen":"IRONCLAD","items_purchased":["Feed","Secret Technique","True Grit"],"campfire_rested":0,"item_purchase_floors":[4,20,20],"current_hp_per_floor":[68,66,66,66,51,51,42,61,61,61,60,60,49,53,53,15,72,66,66,66,66,63,55,55,55,55,62,48,50,50,50,50,30,67,70,39,43,43,64,57,57,66,66,77,77,77,77,92,92,33],"gold":35,"neow_bonus":"BOSS_RELIC","is_prod":false,"is_daily":false,"chose_seed":false,"campfire_upgraded":10,"win_rate":0,"timestamp":1543495401,"path_taken":["M","M","?","?","?","R","E","?","T","R","E","R","?","M","R","BOSS","M","?","$","?","?","E","R","?","T","M","M","M","R","$","R","BOSS","M","?","M","$","?","E","R","E","T","?","R","?","$","M","R","BOSS"],"build_version":"2018-11-15","purchased_purges":3,"victory":true,"max_hp_per_floor":[75,75,75,75,75,75,79,79,79,79,83,83,83,87,87,91,91,91,91,91,91,63,67,67,67,67,71,71,75,75,75,75,79,79,79,83,83,83,83,90,90,104,104,104,104,104,104,108,108,108],"card_choices":[{"not_picked":["Reckless Charge","Twin Strike"],"picked":"Carnage","floor":1},{"not_picked":["Anger","Iron Wave","Combust"],"picked":"SKIP","floor":2},{"not_picked":["Body Slam","Clothesline","Burning Pact"],"picked":"SKIP","floor":3},{"not_picked":["Armaments","True Grit"],"picked":"Feel No Pain","floor":7},{"not_picked":["Spot Weakness","Inflame"],"picked":"Metallicize","floor":11},{"not_picked":["Combust","Havoc"],"picked":"Shrug It Off","floor":14},{"not_picked":["Offering","Dark Embrace"],"picked":"Impervious","floor":16},{"not_picked":["Clothesline","Thunderclap"],"picked":"Sever Soul","floor":18},{"not_picked":["Armaments","Twin Strike"],"picked":"Reckless Charge","floor":23},{"not_picked":["Flex","Wild Strike","Twin Strike"],"picked":"SKIP","floor":27},{"not_picked":["Sword Boomerang","Iron Wave+1"],"picked":"Warcry","floor":28},{"not_picked":["Twin Strike","Ghostly Armor"],"picked":"Second Wind","floor":29},{"not_picked":["Exhume","Feed"],"picked":"Dark Embrace","floor":33},{"not_picked":["Pommel Strike"],"picked":"SKIP","floor":35},{"not_picked":["Perfected Strike"],"picked":"SKIP","floor":37},{"not_picked":["Heavy Blade+1"],"picked":"SKIP","floor":40},{"not_picked":["Clothesline"],"picked":"SKIP","floor":42},{"not_picked":[],"picked":"Shrug It Off","floor":44},{"not_picked":[],"picked":"Uppercut+1","floor":48}],"player_experience":550944,"relics_obtained":[{"floor":7,"key":"Dead Branch"},{"floor":9,"key":"Dodecahedron"},{"floor":11,"key":"Anchor"},{"floor":23,"key":"Dream Catcher"},{"floor":26,"key":"War Paint"},{"floor":36,"key":"Incense Burner"},{"floor":40,"key":"Strawberry"},{"floor":42,"key":"Pear"},{"floor":43,"key":"Singing Bowl"},{"floor":46,"key":"Oddly Smooth Stone"}],"event_choices":[{"damage_healed":0,"gold_gain":0,"player_choice":"Entered Light","damage_taken":15,"max_hp_gain":0,"max_hp_loss":0,"event_name":"Shining Light","floor":5,"gold_loss":0,"cards_upgraded":["Bash","Strike_R"]},{"damage_healed":19,"gold_gain":0,"player_choice":"Healed","damage_taken":0,"max_hp_gain":0,"max_hp_loss":0,"event_name":"The Cleric","floor":8,"gold_loss":35},{"damage_healed":0,"gold_gain":75,"player_choice":"Gather Gold","damage_taken":11,"max_hp_gain":0,"max_hp_loss":0,"event_name":"World of Goop","floor":13,"gold_loss":0},{"cards_removed":["Flex"],"damage_healed":0,"gold_gain":0,"player_choice":"Elegance","damage_taken":0,"max_hp_gain":0,"max_hp_loss":0,"event_name":"Back to Basics","floor":19,"gold_loss":0},{"damage_healed":0,"gold_gain":0,"player_choice":"Ignored","damage_taken":0,"max_hp_gain":0,"max_hp_loss":0,"event_name":"Beggar","floor":21,"gold_loss":0},{"damage_healed":0,"gold_gain":0,"player_choice":"Became a vampire","damage_taken":0,"max_hp_gain":0,"max_hp_loss":28,"event_name":"Vampires","floor":22,"gold_loss":0,"cards_obtained":["Bite","Bite","Bite","Bite","Bite"]},{"damage_healed":0,"gold_gain":0,"player_choice":"Fight","damage_taken":0,"max_hp_gain":0,"max_hp_loss":0,"event_name":"Mysterious Sphere","floor":36,"gold_loss":0},{"damage_healed":21,"gold_gain":0,"player_choice":"Writhe","damage_taken":0,"max_hp_gain":0,"max_hp_loss":0,"event_name":"Winding Halls","floor":39,"gold_loss":0,"cards_obtained":["Writhe"]}],"is_beta":false,"boss_relics":[{"not_picked":["Snecko Eye","Runic Pyramid"],"picked":"Pandora\u0027s Box"},{"not_picked":["Runic Cube","Runic Dome"],"picked":"Busted Crown"}],"items_purged_floors":[31,38,47],"is_endless":false,"potions_floor_spawned":[1,7,16,18,28,29,35,36],"ascension_level":14}