{"gold_per_floor":[110,110,123,136,61,61,61,73,73,131,131,31,41,52,52,147,147,161,161,161,177,189,189,203,203,203,203,221,131,150,168,168,168],"floor_reached":33,"playtime":6499,"items_purged":["Strike_B","Defend_B"],"score":241,"play_id":"02f08796-3e74-401e-942f-74a7fa7c86db","local_time":"20190222183657","is_ascension_mode":false,"campfire_choices":[{"data":"Redo","floor":7.0,"key":"SMITH"},{"floor":11.0,"key":"REST"},{"floor":15.0,"key":"REST"},{"floor":23.0,"key":"REST"},{"data":"Fission","floor":25.0,"key":"SMITH"},{"data":"Defragment","floor":27.0,"key":"SMITH"},{"floor":32,"key":"REST"}],"neow_cost":"NONE","seed_source_timestamp":0,"circlet_count":0,"master_deck":["Strike_B","Strike_B","Defend_B","Defend_B","Defend_B+1","Zap","Dualcast+1","Defragment+1","Redo+1","Auto Shields","Fusion","Melter","Barrage","Stack","Fission+1","Static Discharge+1","Beam Cell+1","Cold Snap+1","Redo","Capacitor","Barrage","Leap+1"],"special_seed":0,"relics":["Cracked Core","Ornamental Fan","Thread and Needle","Nuclear Battery","Matryoshka"],"potions_floor_usage":[31],"damage_taken":[{"damage":0.0,"enemies":"Cultist","floor":1.0,"turns":3.0},{"damage":2.0,"enemies":"Jaw Worm","floor":3.0,"turns":3.0},{"damage":2.0,"enemies":"Small Slimes","floor":4.0,"turns":3.0},{"damage":2.0,"enemies":"Blue Slaver","floor":8.0,"turns":3.0},{"damage":35.0,"enemies":"3 Sentries","floor":10.0,"turns":10.0},{"damage":1.0,"enemies":"Looter","floor":13.0,"turns":3.0},{"damage":3.0,"enemies":"Lots of Slimes","floor":14.0,"turns":3.0},{"damage":36.0,"enemies":"The Guardian","floor":16.0,"turns":11.0},{"damage":6.0,"enemies":"3 Byrds","floor":18.0,"turns":8.0},{"damage":0.0,"enemies":"Spheric Guardian","floor":21.0,"turns":3.0},{"damage":16.0,"enemies":"Shelled Parasite and Fungi","floor":22.0,"turns":5.0},{"damage":3.0,"enemies":"Centurion and Healer","floor":24.0,"turns":6.0},{"damage":32.0,"enemies":"Snecko","floor":28.0,"turns":5.0},{"damage":20.0,"enemies":"Snake Plant","floor":30.0,"turns":7.0},{"damage":7,"enemies":"Shelled Parasite and Fungi","floor":31,"turns":3},{"damage":46,"enemies":"Champ","floor":33,"turns":14}],"seed_played":"5465545911026084404","potions_obtained":[{"floor":3.0,"key":"FocusPotion"},{"floor":4.0,"key":"Weak Potion"},{"floor":8.0,"key":"SteroidPotion"},{"floor":14.0,"key":"Swift Potion"},{"floor":16.0,"key":"Weak Potion"},{"floor":21.0,"key":"Fire Potion"},{"floor":22.0,"key":"Fire Potion"},{"floor":24.0,"key":"Poison Potion"},{"floor":28.0,"key":"SteroidPotion"}],"is_trial":false,"path_per_floor":["M","?","M","M","$","?","R","M","T","?","R","$","M","M","R","B",null,"M","?","?","M","M","R","M","R","T","R","M","?","M","M","R","B"],"character_chosen":"DEFECT","items_purchased":[],"campfire_rested":4,"item_purchase_floors":[],"current_hp_per_floor":[82,82,80,78,78,78,78,76,76,41,65,65,64,61,82,46,82,76,76,76,76,60,82,79,79,79,79,47,47,27,20,44,0],"gold":168,"neow_bonus":"TEN_PERCENT_HP_BONUS","is_prod":false,"is_daily":false,"chose_seed":false,"campfire_upgraded":3,"win_rate":0.0,"timestamp":1550878617,"path_taken":["M","?","M","?","$","?","R","M","T","?","R","$","M","M","R","BOSS","M","?","?","?","M","R","M","R","T","R","M","?","M","M","R","BOSS"],"build_version":"2019-01-23","purchased_purges":2,"victory":false,"max_hp_per_floor":[82,82,82,82,82,82,82,82,82,82,82,82,82,82,82,82,82,82,82,82,82,82,82,82,82,82,82,82,82,82,82,82,82],"card_choices":[{"not_picked":["Streamline","Gash"],"picked":"Defragment","floor":1.0},{"not_picked":["Doom and Gloom","Beam Cell"],"picked":"Redo","floor":3.0},{"not_picked":["Ball Lightning","Compile Driver"],"picked":"Auto Shields","floor":4.0},{"not_picked":["Cold Snap","Capacitor"],"picked":"Fusion","floor":8.0},{"not_picked":["Stack","Biased Cognition"],"picked":"Melter","floor":10.0},{"not_picked":["Reprogram","Sweeping Beam"],"picked":"Barrage","floor":13.0},{"not_picked":["Darkness","Sweeping Beam"],"picked":"Stack","floor":14.0},{"not_picked":["Creative AI","Biased Cognition"],"picked":"Fission","floor":16.0},{"not_picked":["Coolheaded","Steam"],"picked":"Static Discharge+1","floor":18.0},{"not_picked":["Rebound+1","Rip and Tear"],"picked":"Beam Cell+1","floor":21.0},{"not_picked":["Barrage","Stack"],"picked":"Cold Snap+1","floor":22.0},{"not_picked":["Conserve Battery","Fission"],"picked":"Redo","floor":24.0},{"not_picked":["Hologram","Barrage+1"],"picked":"Capacitor","floor":28.0},{"not_picked":["Heatsinks","Fusion"],"picked":"Barrage","floor":30.0},{"not_picked":["Coolheaded+1","Streamline"],"picked":"Leap+1","floor":31}],"player_experience":146764,"relics_obtained":[{"floor":9.0,"key":"Ornamental Fan"},{"floor":10.0,"key":"Thread and Needle"},{"floor":26.0,"key":"Matryoshka"}],"event_choices":[{"damage_healed":0.0,"max_hp_gain":0.0,"max_hp_loss":0.0,"gold_gain":0.0,"event_name":"Upgrade Shrine","player_choice":"Upgraded","floor":2.0,"gold_loss":0.0,"damage_taken":0.0,"cards_upgraded":["Dualcast"]},{"damage_healed":0.0,"max_hp_gain":0.0,"max_hp_loss":0.0,"gold_gain":0.0,"event_name":"Shining Light","player_choice":"Ignored","floor":6.0,"gold_loss":0.0,"damage_taken":0.0},{"damage_healed":0.0,"max_hp_gain":0.0,"max_hp_loss":0.0,"gold_gain":0.0,"event_name":"Dead Adventurer","player_choice":"Searched \u00271\u0027 times","floor":10.0,"gold_loss":0.0,"damage_taken":0.0},{"damage_healed":0.0,"max_hp_gain":0.0,"max_hp_loss":0.0,"gold_gain":0.0,"event_name":"The Mausoleum","player_choice":"Ignored","floor":19.0,"gold_loss":0.0,"damage_taken":0.0},{"damage_healed":0.0,"max_hp_gain":0.0,"max_hp_loss":0.0,"gold_gain":0.0,"event_name":"N\u0027loth","player_choice":"Ignored","floor":20.0,"gold_loss":0.0,"damage_taken":0.0},{"cards_removed":["Strike_B"],"damage_healed":0.0,"max_hp_gain":0.0,"max_hp_loss":0.0,"gold_gain":0.0,"event_name":"Designer","player_choice":"Upgrade and Remove","floor":29.0,"gold_loss":90.0,"damage_taken":0.0,"cards_upgraded":["Defend_B"]}],"is_beta":false,"boss_relics":[{"not_picked":["Runic Dome","Black Star"],"picked":"Nuclear Battery"}],"items_purged_floors":[5,12],"is_endless":false,"potions_floor_spawned":[3,4,8,14,16,21,22,24,28],"killed_by":"Champ","ascension_level":0}