{"gold_per_floor":[118,118,135,210,210,237,237,254,254,254,89,111,111,27,27,99,99,114,114,114],"floor_reached":20,"playtime":1029,"items_purged":[],"score":367,"play_id":"6baa7678-eb81-400e-bffe-09a59b044544","local_time":"20190126184708","is_ascension_mode":true,"campfire_choices":[{"data":"Night Terror","floor":7,"key":"SMITH"},{"data":"Bouncing Flask","floor":10,"key":"SMITH"},{"data":"Doppelganger","floor":13,"key":"SMITH"},{"floor":15,"key":"REST"}],"neow_cost":"NONE","seed_source_timestamp":30261292115662,"circlet_count":0,"master_deck":["AscendersBane","Defend_G","Defend_G","Defend_G","Defend_G","Defend_G","Strike_G","Strike_G","Survivor","Neutralize","Deadly Poison","Night Terror+1","Bouncing Flask+1","Doppelganger+1","Calculated Gamble","Footwork","Burst","Skewer"],"relics":["Ring of the Snake","NeowsBlessing","Bottled Lightning","Ice Cream","Odd Mushroom","Empty Cage"],"potions_floor_usage":[12,19,19],"damage_taken":[{"damage":0,"enemies":"Jaw Worm","floor":1,"turns":1},{"damage":0,"enemies":"Cultist","floor":3,"turns":1},{"damage":0,"enemies":"3 Sentries","floor":6,"turns":2},{"damage":0,"enemies":"2 Louse","floor":8,"turns":3},{"damage":27,"enemies":"The Mushroom Lair","floor":12,"turns":6},{"damage":22,"enemies":"The Guardian","floor":16,"turns":9},{"damage":0,"enemies":"Spheric Guardian","floor":18,"turns":3},{"damage":25,"enemies":"Colosseum Slavers","floor":19,"turns":10},{"damage":32,"enemies":"Masked Bandits","floor":20,"turns":2}],"seed_played":"6614689160109963656","potions_obtained":[{"floor":3,"key":"EssenceOfSteel"},{"floor":12,"key":"Block Potion"},{"floor":16,"key":"Explosive Potion"}],"is_trial":false,"path_per_floor":["M","?","M","?","?","E","R","M","T","R","$","?","R","$","R","B",null,"M","?","?"],"character_chosen":"THE_SILENT","items_purchased":["Doppelganger","Footwork"],"campfire_rested":1,"item_purchase_floors":[11,14],"current_hp_per_floor":[59,59,59,48,48,48,48,48,48,48,48,21,21,21,40,18,54,54,29,0],"gold":114,"neow_bonus":"THREE_ENEMY_KILL","is_prod":false,"is_daily":false,"chose_seed":false,"campfire_upgraded":3,"win_rate":0,"timestamp":1548524828,"path_taken":["M","?","?","?","?","E","R","?","T","R","?","?","R","$","R","BOSS","M","?","?"],"build_version":"2019-01-23","purchased_purges":0,"victory":false,"max_hp_per_floor":[66,66,66,66,66,66,66,66,66,66,66,66,66,66,66,66,66,66,66,66],"card_choices":[{"not_picked":["Quick Slash","Dagger Throw"],"picked":"Deadly Poison","floor":1},{"not_picked":["Deflect","Backflip"],"picked":"Night Terror","floor":3},{"not_picked":["Outmaneuver","Bane","Poisoned Stab"],"picked":"SKIP","floor":6},{"not_picked":["Blade Dance","Deflect"],"picked":"Bouncing Flask","floor":8},{"not_picked":["Blade Dance","Acrobatics"],"picked":"Calculated Gamble","floor":12},{"not_picked":["Die Die Die","Adrenaline"],"picked":"Burst","floor":16},{"not_picked":["Deadly Poison","Endless Agony"],"picked":"Skewer","floor":18}],"player_experience":723780,"relics_obtained":[{"floor":6,"key":"Bottled Lightning"},{"floor":9,"key":"Ice Cream"},{"floor":12,"key":"Odd Mushroom"}],"event_choices":[{"cards_removed":["Strike_G"],"damage_healed":0,"gold_gain":0,"player_choice":"Purged","damage_taken":0,"max_hp_gain":0,"max_hp_loss":0,"event_name":"Purifier","floor":2,"gold_loss":0},{"damage_healed":0,"gold_gain":75,"player_choice":"Gather Gold","damage_taken":11,"max_hp_gain":0,"max_hp_loss":0,"event_name":"World of Goop","floor":4,"gold_loss":0},{"damage_healed":0,"gold_gain":0,"player_choice":"Ignored","damage_taken":0,"max_hp_gain":0,"max_hp_loss":0,"event_name":"Liars Game","floor":5,"gold_loss":0},{"damage_healed":0,"gold_gain":0,"player_choice":"Fought Mushrooms","damage_taken":0,"max_hp_gain":0,"max_hp_loss":0,"event_name":"Mushrooms","floor":12,"gold_loss":0},{"damage_healed":0,"gold_gain":0,"player_choice":"Fight","damage_taken":0,"max_hp_gain":0,"max_hp_loss":0,"event_name":"Colosseum","floor":19,"gold_loss":0},{"damage_healed":0,"gold_gain":0,"player_choice":"Fled From Nobs","damage_taken":0,"max_hp_gain":0,"max_hp_loss":0,"event_name":"Colosseum","floor":19,"gold_loss":0},{"damage_healed":0,"gold_gain":0,"player_choice":"Fought Bandits","damage_taken":0,"max_hp_gain":0,"max_hp_loss":0,"event_name":"Masked Bandits","floor":20,"gold_loss":0}],"is_beta":false,"boss_relics":[{"not_picked":["White Beast Statue","Runic Pyramid"],"picked":"Empty Cage"}],"items_purged_floors":[],"is_endless":false,"potions_floor_spawned":[3,12,16,19],"killed_by":"Masked Bandits","ascension_level":18}