{"gold_per_floor":[117,128,78,253,266,266,285,285,361,376,17,17,17,43,43,148,148,164,175,175,188,188,188,223,223,223,66,78,78,78,92,92,188,238,255,267,314,314,314,314,35,53,53,53,68,68,68,87,87,87],"floor_reached":51,"playtime":3986,"items_purged":["Strike_G","Writhe"],"score":1056,"play_id":"77f86200-8e28-472b-8c78-faba972bc76f","local_time":"20180915142459","is_ascension_mode":true,"campfire_choices":[{"data":"Dash","floor":6,"key":"SMITH"},{"data":"Survivor","floor":8,"key":"SMITH"},{"floor":15,"key":"REST"},{"floor":23,"key":"REST"},{"floor":29,"key":"REST"},{"floor":32,"key":"REST"},{"data":"Cloak And Dagger","floor":40,"key":"SMITH"},{"data":"Accuracy","floor":44,"key":"SMITH"},{"data":"Accuracy","floor":46,"key":"SMITH"},{"floor":49,"key":"REST"}],"neow_cost":"NONE","seed_source_timestamp":6644539214324,"circlet_count":0,"master_deck":["Defend_G","Defend_G","Defend_G","Defend_G+1","Defend_G+1","Strike_G","Strike_G","Strike_G","Survivor+1","Neutralize","AscendersBane","Dash+1","PiercingWail","Catalyst","Infinite Blades","Slice","Cloak And Dagger+1","Adrenaline","Accuracy+1","Backflip+1","Dodge and Roll+1","Infinite Blades","Accuracy+1","After Image+1","Endless Agony+1","Infinite Blades","Flash of Steel","Discovery","Panacea","Dodge and Roll"],"relics":["Kunai","Shuriken","War Paint","Vajra","Runic Dome","Matryoshka","Bronze Scales","Ornamental Fan","Nloth\u0027s Gift","Tiny House","Incense Burner","Bag of Marbles","Art of War","Dodecahedron"],"potions_floor_usage":[16,18,22,24,28,36,50,50],"damage_taken":[{"damage":2,"enemies":"Small Slimes","floor":1,"turns":4},{"damage":6,"enemies":"Cultist","floor":2,"turns":5},{"damage":0,"enemies":"Jaw Worm","floor":5,"turns":5},{"damage":12,"enemies":"Large Slime","floor":7,"turns":9},{"damage":1,"enemies":"2 Fungi Beasts","floor":10,"turns":6},{"damage":16,"enemies":"Lagavulin","floor":14,"turns":9},{"damage":0,"enemies":"The Guardian","floor":16,"turns":13},{"damage":0,"enemies":"Chosen","floor":18,"turns":5},{"damage":28,"enemies":"3 Byrds","floor":19,"turns":6},{"damage":10,"enemies":"Snake Plant","floor":21,"turns":6},{"damage":14,"enemies":"Colosseum Slavers","floor":22,"turns":5},{"damage":34,"enemies":"Slavers","floor":24,"turns":9},{"damage":7,"enemies":"Snecko","floor":28,"turns":5},{"damage":2,"enemies":"Sentry and Sphere","floor":31,"turns":6},{"damage":14,"enemies":"Collector","floor":33,"turns":10},{"damage":3,"enemies":"Orb Walker","floor":35,"turns":5},{"damage":7,"enemies":"3 Darklings","floor":36,"turns":6},{"damage":8,"enemies":"Mysterious Sphere","floor":37,"turns":6},{"damage":14,"enemies":"Sphere and 2 Shapes","floor":42,"turns":7},{"damage":4,"enemies":"4 Shapes","floor":45,"turns":6},{"damage":7,"enemies":"3 Darklings","floor":48,"turns":6},{"damage":13,"enemies":"Donu and Deca","floor":50,"turns":8}],"seed_played":"-985151960123061334","potions_obtained":[{"floor":5,"key":"GhostInAJar"},{"floor":7,"key":"Ancient Potion"},{"floor":10,"key":"Swift Potion"},{"floor":18,"key":"Weak Potion"},{"floor":20,"key":"Explosive Potion"},{"floor":24,"key":"Block Potion"},{"floor":33,"key":"PowerPotion"},{"floor":34,"key":"Block Potion"},{"floor":45,"key":"EssenceOfSteel"}],"is_trial":false,"path_per_floor":["M","M","?","?","M","R","M","R","T","M","$","?","?","E","R","B",null,"M","M","?","M","?","R","E","?","T","$","M","R","?","M","R","B",null,"M","M","?","?","?","R","$","M","T","R","M","R","$","M","R","B"],"character_chosen":"THE_SILENT","items_purchased":["Shuriken","Infinite Blades","Slice","Accuracy","Dodge and Roll","Bag of Marbles"],"campfire_rested":5,"item_purchase_floors":[11,11,11,27,41,41],"current_hp_per_floor":[61,55,55,55,55,55,43,43,43,42,42,35,35,19,40,40,63,63,35,35,25,11,32,35,22,22,22,15,37,37,35,57,43,72,69,62,54,44,64,64,64,50,50,50,46,46,46,39,63,50],"gold":87,"neow_bonus":"BOSS_RELIC","is_prod":false,"is_daily":false,"chose_seed":false,"campfire_upgraded":5,"win_rate":0,"timestamp":1537014299,"path_taken":["M","M","?","?","M","R","M","R","T","M","$","?","?","E","R","BOSS","M","M","?","?","?","R","E","?","T","$","M","R","?","?","R","BOSS","M","M","?","?","?","R","$","M","T","R","?","R","?","M","R","BOSS"],"build_version":"2018-09-06","purchased_purges":2,"victory":true,"max_hp_per_floor":[70,70,70,70,70,70,70,70,70,70,70,70,70,70,70,70,70,70,70,70,70,70,70,70,75,75,75,75,75,75,75,75,75,80,80,80,80,80,80,80,80,80,80,80,80,80,80,80,80,80],"card_choices":[{"not_picked":["Backflip","Reflex","Sucker Punch"],"picked":"SKIP","floor":1},{"not_picked":["Cloak And Dagger","Deflect"],"picked":"Dash","floor":2},{"not_picked":["Poisoned Stab","Blade Dance"],"picked":"PiercingWail","floor":5},{"not_picked":["Setup","Underhanded Strike"],"picked":"Catalyst","floor":7},{"not_picked":["Flying Knee","Venomology"],"picked":"Deadly Poison","floor":10},{"not_picked":["Setup","Well Laid Plans"],"picked":"Cloak And Dagger","floor":14},{"not_picked":["Venomology","Wraith Form v2"],"picked":"Adrenaline","floor":16},{"not_picked":["Flechettes+1","Heel Hook"],"picked":"Accuracy","floor":18},{"not_picked":["Poisoned Stab+1","Well Laid Plans"],"picked":"Backflip+1","floor":19},{"not_picked":["Tactician","Dash+1"],"picked":"Dodge and Roll+1","floor":21},{"not_picked":["Deflect","Sucker Punch+1"],"picked":"Infinite Blades","floor":24},{"not_picked":["Bane","Dash+1"],"picked":"After Image","floor":28},{"not_picked":["Footwork","Poisoned Stab"],"picked":"Endless Agony+1","floor":31},{"not_picked":["Outmaneuver","Noxious Fumes","Flechettes"],"picked":"SKIP","floor":35},{"not_picked":["Flechettes+1","Poisoned Stab","Prepared+1"],"picked":"SKIP","floor":36},{"not_picked":["Slice+1","Caltrops"],"picked":"Infinite Blades","floor":37},{"not_picked":["Chrysalis","Swift Strike"],"picked":"Flash of Steel","floor":38},{"not_picked":["Chrysalis","Jack Of All Trades"],"picked":"Discovery","floor":38},{"not_picked":["Dramatic Entrance","Trip"],"picked":"Panacea","floor":38},{"not_picked":["Poisoned Stab","Setup+1","Bane"],"picked":"SKIP","floor":42},{"not_picked":["Dagger Spray+1","Envenom","Dagger Throw+1"],"picked":"SKIP","floor":45},{"not_picked":["PiercingWail","Footwork","Prepared+1"],"picked":"SKIP","floor":48}],"player_experience":400144,"relics_obtained":[{"floor":9,"key":"Kunai"},{"floor":14,"key":"Vajra"},{"floor":24,"key":"Matryoshka"},{"floor":26,"key":"Bronze Scales"},{"floor":26,"key":"Ornamental Fan"},{"floor":37,"key":"Incense Burner"},{"floor":43,"key":"Art of War"},{"floor":43,"key":"Dodecahedron"}],"event_choices":[{"event_name":"The Cleric","player_choice":"Card Removal","floor":3,"damage_taken":0},{"event_name":"Liars Game","player_choice":"agreed","floor":4,"damage_taken":0},{"event_name":"Golden Wing","player_choice":"Card Removal","floor":12,"damage_taken":0},{"event_name":"WeMeetAgain","player_choice":"Card","floor":13,"damage_taken":0},{"event_name":"The Lab","player_choice":"Got Potions","floor":20,"damage_taken":0},{"event_name":"Colosseum","player_choice":"Fight","floor":22,"damage_taken":0},{"event_name":"Colosseum","player_choice":"Fled From Nobs","floor":22,"damage_taken":0},{"event_name":"Forgotten Altar","player_choice":"Shed Blood","floor":25,"damage_taken":0},{"event_name":"N\u0027loth","player_choice":"Traded a Lizard Tail","floor":30,"damage_taken":0},{"event_name":"Mysterious Sphere","player_choice":"Fight","floor":37,"damage_taken":0},{"event_name":"SensoryStone","player_choice":"Memory 3","floor":38,"damage_taken":0},{"event_name":"Winding Halls","player_choice":"Writhe","floor":39,"damage_taken":0}],"is_beta":false,"boss_relics":[{"not_picked":["Velvet Choker","Eternal Feather"],"picked":"Runic Dome"},{"not_picked":["HoveringKite","White Beast Statue"],"picked":"Tiny House"}],"items_purged_floors":[27,41],"is_endless":false,"potions_floor_spawned":[5,7,10,18,21,24,33,35,45,48],"ascension_level":11}