{"gold_per_floor":[116,130,148,148,23,50,50,76,129,129,162,162,162,180,180,180],"floor_reached":16,"playtime":575,"items_purged":["Strike_B"],"score":236,"play_id":"a1c0c90c-30b3-4aa8-b4e5-13e661d3e823","local_time":"20190223154328","is_ascension_mode":true,"campfire_choices":[{"floor":7,"key":"REST"},{"floor":10,"key":"REST"},{"data":"Go for the Eyes","floor":12,"key":"SMITH"},{"data":"Zap","floor":15,"key":"SMITH"}],"neow_cost":"NONE","seed_source_timestamp":7465588992500,"circlet_count":0,"master_deck":["AscendersBane","Strike_B","Strike_B","Strike_B","Defend_B","Defend_B","Defend_B","Defend_B","Zap+1","Dualcast","Leap","Cold Snap","Go for the Eyes+1","Cold Snap","Conserve Battery","Echo Form"],"relics":["Cracked Core","DataDisk","Ornamental Fan","Boot","Juzu Bracelet","Happy Flower"],"potions_floor_usage":[6,8],"damage_taken":[{"damage":4,"enemies":"2 Louse","floor":1,"turns":2},{"damage":0,"enemies":"Cultist","floor":2,"turns":3},{"damage":0,"enemies":"Small Slimes","floor":3,"turns":3},{"damage":20,"enemies":"3 Sentries","floor":6,"turns":8},{"damage":30,"enemies":"Gremlin Nob","floor":8,"turns":5},{"damage":15,"enemies":"3 Sentries","floor":11,"turns":14},{"damage":0,"enemies":"Exordium Wildlife","floor":14,"turns":5},{"damage":37,"enemies":"Hexaghost","floor":16,"turns":16}],"seed_played":"-2224078281190178185","potions_obtained":[{"floor":2,"key":"Poison Potion"},{"floor":3,"key":"GamblersBrew"}],"is_trial":false,"path_per_floor":["M","M","M","?","$","E","R","E","T","R","E","R","?","M","R","B"],"character_chosen":"DEFECT","items_purchased":["Cold Snap"],"campfire_rested":2,"item_purchase_floors":[5],"current_hp_per_floor":[60,60,60,56,56,36,57,27,27,48,33,33,33,33,33,0],"gold":180,"neow_bonus":"RANDOM_COMMON_RELIC","is_prod":false,"is_daily":false,"chose_seed":false,"campfire_upgraded":2,"win_rate":0,"timestamp":1550929408,"path_taken":["M","M","M","?","$","E","R","E","T","R","E","R","?","M","R","BOSS"],"build_version":"2019-01-23","purchased_purges":1,"victory":false,"max_hp_per_floor":[71,71,71,71,71,71,71,71,71,71,71,71,71,71,71,71],"card_choices":[{"not_picked":["Streamline","Chaos"],"picked":"Leap","floor":1},{"not_picked":["Lockon","Barrage"],"picked":"Cold Snap","floor":2},{"not_picked":["Streamline","Redo"],"picked":"Go for the Eyes","floor":3},{"not_picked":["Sweeping Beam","Aggregate","Leap"],"picked":"SKIP","floor":6},{"not_picked":["Turbo","Ball Lightning"],"picked":"Conserve Battery","floor":8},{"not_picked":["Loop","Scrape"],"picked":"Echo Form","floor":11},{"not_picked":["Recycle","Turbo","Coolheaded"],"picked":"SKIP","floor":14}],"player_experience":912949,"relics_obtained":[{"floor":6,"key":"Ornamental Fan"},{"floor":8,"key":"Boot"},{"floor":9,"key":"Juzu Bracelet"},{"floor":11,"key":"Happy Flower"}],"event_choices":[{"damage_healed":0,"gold_gain":0,"player_choice":"Bought 0 Potions","damage_taken":0,"max_hp_gain":0,"max_hp_loss":0,"event_name":"The Woman in Blue","floor":4,"gold_loss":0},{"damage_healed":0,"gold_gain":0,"player_choice":"Searched \u00270\u0027 times","damage_taken":0,"max_hp_gain":0,"max_hp_loss":0,"event_name":"Dead Adventurer","floor":13,"gold_loss":0}],"is_beta":false,"boss_relics":[],"items_purged_floors":[5],"is_endless":false,"potions_floor_spawned":[2,3],"killed_by":"Hexaghost","ascension_level":20}