{"gold_per_floor":[111,111,130,148,223,223,251,267,291,322,336,367,384,139,139,139],"floor_reached":16,"playtime":1337,"items_purged":["Pain"],"score":250,"play_id":"f6b4e1a6-ad6f-42b0-ae39-1fdcb762cff0","local_time":"20181023195459","is_ascension_mode":true,"campfire_choices":[{"floor":6,"key":"REST"},{"floor":15,"key":"REST"}],"neow_cost":"NONE","seed_source_timestamp":4410687431993,"circlet_count":0,"master_deck":["Defend_G","Defend_G","Defend_G","Defend_G","Defend_G","Strike_G","Strike_G","Strike_G","Strike_G","Strike_G+1","Survivor","Neutralize","AscendersBane","Cloak And Dagger","Dash+1","Cloak And Dagger","Prepared","Pain","Acrobatics","Underhanded Strike","Dagger Throw","Metamorphosis"],"relics":["Cursed Key","WarpedTongs","Happy Flower","Whetstone","Blood Vial","Letter Opener"],"potions_floor_usage":[10,11,12,12],"damage_taken":[{"damage":10,"enemies":"Jaw Worm","floor":1,"turns":6},{"damage":9,"enemies":"Cultist","floor":3,"turns":4},{"damage":1,"enemies":"2 Louse","floor":4,"turns":2},{"damage":6,"enemies":"3 Sentries","floor":7,"turns":10},{"damage":7,"enemies":"Blue Slaver","floor":8,"turns":4},{"damage":10,"enemies":"Gremlin Nob","floor":10,"turns":5},{"damage":3,"enemies":"Exordium Thugs","floor":11,"turns":5},{"damage":6,"enemies":"Lagavulin","floor":12,"turns":8},{"damage":13,"enemies":"Lots of Slimes","floor":13,"turns":5},{"damage":33,"enemies":"Slime Boss","floor":16,"turns":4}],"seed_played":"5394524963984778791","potions_obtained":[{"floor":7,"key":"Ancient Potion"},{"floor":8,"key":"Weak Potion"},{"floor":10,"key":"Explosive Potion"},{"floor":11,"key":"Ancient Potion"}],"is_trial":false,"path_per_floor":["M","?","M","M","?","R","E","M","T","E","M","E","M","$","R"],"character_chosen":"THE_SILENT","items_purchased":["Metamorphosis"],"campfire_rested":2,"item_purchase_floors":[14],"current_hp_per_floor":[49,49,40,39,28,47,41,34,34,24,23,19,8,8,27,0],"gold":139,"neow_bonus":"BOSS_RELIC","is_prod":false,"is_daily":false,"chose_seed":false,"campfire_upgraded":0,"win_rate":0,"timestamp":1540317299,"path_taken":["M","?","M","M","?","R","E","M","T","E","?","E","M","$","R","BOSS"],"build_version":"2018-10-18","purchased_purges":1,"victory":false,"max_hp_per_floor":[66,66,66,66,66,66,66,66,66,66,66,66,66,66,66,66],"card_choices":[{"not_picked":["Prepared","Quick Slash"],"picked":"Cloak And Dagger","floor":1},{"not_picked":["Heel Hook","Underhanded Strike"],"picked":"Dash","floor":3},{"not_picked":["Deadly Poison","Blade Dance","Slice"],"picked":"SKIP","floor":4},{"not_picked":["Bane","Deadly Poison"],"picked":"Cloak And Dagger","floor":7},{"not_picked":["Underhanded Strike","Catalyst"],"picked":"Prepared","floor":8},{"not_picked":["Masterful Stab","Setup","Crippling Poison"],"picked":"SKIP","floor":10},{"not_picked":["Riddle With Holes","Bane"],"picked":"Acrobatics","floor":11},{"not_picked":["Infinite Blades","Deadly Poison"],"picked":"Underhanded Strike","floor":12},{"not_picked":["Dagger Spray","After Image"],"picked":"Dagger Throw","floor":13}],"player_experience":488014,"relics_obtained":[{"floor":7,"key":"Happy Flower"},{"floor":9,"key":"Whetstone"},{"floor":10,"key":"Blood Vial"},{"floor":12,"key":"Letter Opener"}],"event_choices":[{"damage_healed":0,"gold_gain":0,"player_choice":"Rummage","damage_taken":0,"relics_obtained":["WarpedTongs"],"max_hp_gain":0,"max_hp_loss":0,"event_name":"Accursed Blacksmith","floor":2,"gold_loss":0,"cards_obtained":["Pain"]},{"damage_healed":0,"gold_gain":75,"player_choice":"Gather Gold","damage_taken":11,"max_hp_gain":0,"max_hp_loss":0,"event_name":"World of Goop","floor":5,"gold_loss":0}],"is_beta":false,"boss_relics":[],"items_purged_floors":[14],"is_endless":false,"potions_floor_spawned":[7,8,10,11],"killed_by":"Slime Boss","ascension_level":14}