{"gold_per_floor":[110,110,110,126,142,142,170,153,178,206,247,269,281,316,328,416,428,380,392,423,450,244,274,285,301,382,413,427,427,138,150,150,228,228,241,341,356,366,386,386,7,27,54,54,69,69,69],"floor_reached":47,"playtime":2642,"items_purged":["Reprogram+1","Defend_B"],"score":843,"play_id":"0cb39669-6848-496b-89ab-86bff6a9844e","local_time":"20190211183928","is_ascension_mode":true,"campfire_choices":[{"data":"Defragment","floor":6.0,"key":"SMITH"},{"data":"Zap","floor":13.0,"key":"SMITH"},{"data":"Dualcast","floor":15.0,"key":"SMITH"},{"data":"Echo Form","floor":29.0,"key":"SMITH"},{"data":"Secret Technique","floor":32.0,"key":"SMITH"},{"data":"Creative AI","floor":40.0,"key":"SMITH"},{"data":"Self Repair","floor":46,"key":"SMITH"}],"neow_cost":"NONE","seed_source_timestamp":104399967192153,"circlet_count":0,"master_deck":["AscendersBane","Defend_B+1","Defend_B+1","Zap+1","Dualcast+1","Doom and Gloom","Self Repair+1","Glacier","Defragment+1","Melter","Genetic Algorithm","Leap","Cold Snap","Rip and Tear","Buffer","Hologram+1","Reprogram+1","Compile Driver+1","Echo Form+1","White Noise","Coolheaded","Ball Lightning","Biased Cognition","Consume","Coolheaded","Secret Technique+1","Machine Learning","Creative AI+1","Chaos","Cold Snap","Parasite","Ball Lightning+1","Capacitor","Cold Snap","Madness","Madness","Force Field+1"],"special_seed":0,"relics":["Cracked Core","War Paint","Orichalcum","MawBank","PreservedInsect","Potion Belt","Astrolabe","Happy Flower","Meat on the Bone","Sundial","Pen Nib","Coffee Dripper","Calipers"],"potions_floor_usage":[45,47],"damage_taken":[{"damage":13.0,"enemies":"Jaw Worm","floor":1.0,"turns":4.0},{"damage":8.0,"enemies":"Small Slimes","floor":4.0,"turns":4.0},{"damage":0.0,"enemies":"Cultist","floor":5.0,"turns":3.0},{"damage":15.0,"enemies":"Lagavulin","floor":7.0,"turns":6.0},{"damage":14.0,"enemies":"Exordium Thugs","floor":8.0,"turns":5.0},{"damage":2.0,"enemies":"Blue Slaver","floor":10.0,"turns":6.0},{"damage":5.0,"enemies":"3 Sentries","floor":11.0,"turns":8.0},{"damage":7.0,"enemies":"Large Slime","floor":12.0,"turns":8.0},{"damage":8.0,"enemies":"Slime Boss","floor":16.0,"turns":6.0},{"damage":14.0,"enemies":"2 Thieves","floor":18.0,"turns":4.0},{"damage":12.0,"enemies":"3 Byrds","floor":20.0,"turns":6.0},{"damage":18.0,"enemies":"Snake Plant","floor":21.0,"turns":6.0},{"damage":18.0,"enemies":"Book of Stabbing","floor":23.0,"turns":6.0},{"damage":16.0,"enemies":"Sentry and Sphere","floor":24.0,"turns":5.0},{"damage":0.0,"enemies":"3 Cultists","floor":25.0,"turns":3.0},{"damage":32.0,"enemies":"Gremlin Leader","floor":27.0,"turns":8.0},{"damage":8.0,"enemies":"Shelled Parasite and Fungi","floor":28.0,"turns":6.0},{"damage":0.0,"enemies":"Sentry and Sphere","floor":31.0,"turns":7.0},{"damage":10.0,"enemies":"Automaton","floor":33.0,"turns":12.0},{"damage":9.0,"enemies":"3 Darklings","floor":35.0,"turns":6.0},{"damage":11.0,"enemies":"3 Shapes","floor":37.0,"turns":5.0},{"damage":56.0,"enemies":"3 Darklings","floor":38.0,"turns":5.0},{"damage":18.0,"enemies":"Writhing Mass","floor":39.0,"turns":8.0},{"damage":7,"enemies":"Spire Growth","floor":42,"turns":9},{"damage":37,"enemies":"Transient","floor":45,"turns":5},{"damage":35,"enemies":"Jaw Worm Horde","floor":47,"turns":2}],"seed_played":"3318401743726692565","potions_obtained":[{"floor":5.0,"key":"FearPotion"},{"floor":8.0,"key":"Strength Potion"},{"floor":16.0,"key":"Regen Potion"},{"floor":21.0,"key":"Weak Potion"},{"floor":24.0,"key":"FocusPotion"},{"floor":33.0,"key":"SpeedPotion"},{"floor":35.0,"key":"PowerPotion"},{"floor":39.0,"key":"Fire Potion"}],"is_trial":false,"path_per_floor":["M","?","?","M","M","R","E","M","T","M","E","M","R","T","R","B",null,"M","?","M","M","$","E","M","M","T","E","M","R","$","M","R","B",null,"M","?","M","M","M","R","$","M","T","?","M","R","M"],"character_chosen":"DEFECT","items_purchased":["Happy Flower","Secret Technique","Capacitor","Calipers"],"campfire_rested":0,"item_purchase_floors":[22,30,41,41],"current_hp_per_floor":[51,51,51,50,57,57,42,35,35,40,42,42,42,42,42,41,64,57,57,52,48,48,44,47,47,47,34,45,45,45,59,59,56,67,71,71,71,34,42,42,42,61,61,52,27,27,0],"gold":69,"neow_bonus":"RANDOM_COMMON_RELIC","is_prod":false,"is_daily":false,"chose_seed":false,"campfire_upgraded":7,"win_rate":0,"timestamp":1549931968,"path_taken":["M","?","?","M","?","R","E","M","T","M","E","M","R","?","R","BOSS","M","?","M","M","$","E","M","M","T","E","M","R","$","M","R","BOSS","M","?","M","M","M","R","?","M","T","?","M","R","M"],"build_version":"2019-01-23","purchased_purges":2,"victory":false,"max_hp_per_floor":[71,71,71,71,71,71,71,71,71,71,71,71,71,71,71,71,71,71,71,71,71,71,71,71,71,71,71,71,71,71,71,71,71,71,71,71,71,71,71,71,71,71,71,71,71,71,71],"card_choices":[{"not_picked":["Hologram","Steam Power"],"picked":"Doom and Gloom","floor":1.0},{"not_picked":["Aggregate","Leap"],"picked":"Glacier","floor":4.0},{"not_picked":["Loop","Cold Snap"],"picked":"Defragment","floor":5.0},{"not_picked":["Rainbow","Streamline"],"picked":"Melter","floor":7.0},{"not_picked":["Turbo","Reinforced Body"],"picked":"Genetic Algorithm","floor":8.0},{"not_picked":["Rebound","Scrape"],"picked":"Leap","floor":10.0},{"not_picked":["Coolheaded","Ball Lightning"],"picked":"Cold Snap","floor":11.0},{"not_picked":["Turbo","Hologram"],"picked":"Rip and Tear","floor":12.0},{"not_picked":["All For One","Meteor Strike"],"picked":"Buffer","floor":16.0},{"not_picked":["Streamline","Hologram"],"picked":"Compile Driver+1","floor":18.0},{"not_picked":["Coolheaded","Redo"],"picked":"White Noise","floor":20.0},{"not_picked":["Scrape","Hello World"],"picked":"Coolheaded","floor":21.0},{"not_picked":["Undo","FTL"],"picked":"Ball Lightning","floor":23.0},{"not_picked":["Aggregate","Heatsinks","Fusion"],"picked":"SKIP","floor":24.0},{"not_picked":["Leap","Barrage"],"picked":"Biased Cognition","floor":25.0},{"not_picked":["Static Discharge","Self Repair"],"picked":"Consume","floor":27.0},{"not_picked":["Barrage","Gash"],"picked":"Coolheaded","floor":28.0},{"not_picked":["Scrape","Stack"],"picked":"Machine Learning","floor":31.0},{"not_picked":["Electrodynamics","Core Surge"],"picked":"Creative AI","floor":33.0},{"not_picked":["Barrage","Beam Cell+1"],"picked":"Chaos","floor":35.0},{"not_picked":["Coolheaded","Compile Driver+1"],"picked":"Cold Snap","floor":37.0},{"not_picked":["Scrape+1","Rip and Tear","Barrage"],"picked":"SKIP","floor":38.0},{"not_picked":["Rebound","Reboot"],"picked":"Ball Lightning+1","floor":39.0},{"not_picked":["Ball Lightning","Turbo"],"picked":"Cold Snap","floor":42},{"not_picked":["Steam+1","Fusion"],"picked":"Force Field+1","floor":45}],"player_experience":177504,"relics_obtained":[{"floor":7.0,"key":"Orichalcum"},{"floor":9.0,"key":"MawBank"},{"floor":11.0,"key":"PreservedInsect"},{"floor":14.0,"key":"Potion Belt"},{"floor":23.0,"key":"Meat on the Bone"},{"floor":26.0,"key":"Sundial"},{"floor":27.0,"key":"Pen Nib"}],"event_choices":[{"cards_removed":["Strike_B"],"damage_healed":0.0,"max_hp_gain":0.0,"max_hp_loss":0.0,"gold_gain":0.0,"event_name":"Living Wall","player_choice":"Forget","floor":2.0,"gold_loss":0.0,"damage_taken":0.0},{"damage_healed":0.0,"max_hp_gain":0.0,"max_hp_loss":0.0,"gold_gain":0.0,"cards_transformed":["Strike_B"],"event_name":"Transmorgrifier","player_choice":"Transformed","floor":3.0,"gold_loss":0.0,"damage_taken":0.0,"cards_obtained":["Self Repair"]},{"damage_healed":0.0,"max_hp_gain":0.0,"max_hp_loss":0.0,"gold_gain":0.0,"event_name":"The Library","player_choice":"Read","floor":19.0,"gold_loss":0.0,"damage_taken":0.0,"cards_obtained":["Echo Form"]},{"damage_healed":0.0,"max_hp_gain":0.0,"max_hp_loss":0.0,"gold_gain":100.0,"event_name":"Golden Shrine","player_choice":"Pray","floor":36.0,"gold_loss":0.0,"damage_taken":0.0},{"damage_healed":0,"gold_gain":0,"player_choice":"Embrace Madness","damage_taken":9,"max_hp_gain":0,"max_hp_loss":0,"event_name":"Winding Halls","floor":44,"gold_loss":0,"cards_obtained":["Madness","Madness"]}],"is_beta":false,"boss_relics":[{"not_picked":["Eternal Feather","Black Star"],"picked":"Astrolabe"},{"not_picked":["Runic Pyramid","Philosopher\u0027s Stone"],"picked":"Coffee Dripper"}],"items_purged_floors":[22,30],"is_endless":false,"potions_floor_spawned":[5,8,11,16,21,24,25,33,35,39],"killed_by":"Jaw Worm Horde","ascension_level":14}