{"gold_per_floor":[410,236,251,251,326,326,346,346,346,360,67,81,112,129,129,233,233,219,219,94,114,133,133,164,164,190,190],"floor_reached":27,"playtime":2209,"items_purged":["Strike_B","Strike_B","Defend_B"],"score":373,"play_id":"f4cdb87f-1389-46db-a903-4747438ec70b","local_time":"20180920200308","is_ascension_mode":true,"campfire_choices":[{"data":"Chaos","floor":6,"key":"SMITH"},{"data":"Chaos","floor":8,"key":"SMITH"},{"data":"Barrage","floor":15,"key":"SMITH"},{"floor":23,"key":"REST"},{"floor":25,"key":"REST"}],"neow_cost":"PERCENT_DAMAGE","seed_source_timestamp":3897752065844,"circlet_count":0,"master_deck":["Defend_B","Defend_B","Defend_B","Zap","Dualcast","AscendersBane","Capacitor","Chaos+1","Barrage+1","Chaos+1","Compile Driver","Leap","Reinforced Body","Capacitor","Genetic Algorithm","Machine Learning","Hologram","Echo Form"],"relics":["Cracked Core","Old Coin","Ancient Tea Set","Art of War","Singing Bowl","Empty Cage","Pocketwatch","Lantern"],"potions_floor_usage":[3,13,18,21,27],"damage_taken":[{"damage":2,"enemies":"Jaw Worm","floor":1,"turns":3},{"damage":17,"enemies":"Small Slimes","floor":3,"turns":4},{"damage":0,"enemies":"2 Louse","floor":7,"turns":3},{"damage":8,"enemies":"Exordium Wildlife","floor":10,"turns":5},{"damage":0,"enemies":"Blue Slaver","floor":12,"turns":4},{"damage":5,"enemies":"3 Sentries","floor":13,"turns":9},{"damage":5,"enemies":"3 Louse","floor":14,"turns":4},{"damage":26,"enemies":"The Guardian","floor":16,"turns":10},{"damage":16,"enemies":"2 Thieves","floor":18,"turns":4},{"damage":10,"enemies":"Chosen","floor":21,"turns":5},{"damage":14,"enemies":"Snake Plant","floor":22,"turns":4},{"damage":40,"enemies":"Slavers","floor":24,"turns":8},{"damage":32,"enemies":"Book of Stabbing","floor":27,"turns":7}],"seed_played":"3014521167894980164","potions_obtained":[{"floor":1,"key":"Energy Potion"},{"floor":7,"key":"Block Potion"},{"floor":10,"key":"EssenceOfSteel"},{"floor":16,"key":"Energy Potion"},{"floor":21,"key":"SkillPotion"}],"is_trial":false,"path_per_floor":["M","$","M","?","?","R","M","R","T","M","$","M","E","M","R","B",null,"M","?","$","M","M","R","E","R","T"],"character_chosen":"DEFECT","items_purchased":["Chaos","Barrage","Art of War","Reinforced Body"],"campfire_rested":2,"item_purchase_floors":[2,2,11,11],"current_hp_per_floor":[48,48,31,56,45,45,45,45,45,37,37,37,34,29,29,3,59,45,45,45,35,23,47,7,31,31,0],"gold":190,"neow_bonus":"ONE_RARE_RELIC","is_prod":false,"is_daily":false,"chose_seed":false,"campfire_upgraded":3,"win_rate":0,"timestamp":1537466588,"path_taken":["M","$","M","?","?","R","M","R","T","M","?","?","E","M","R","BOSS","M","?","$","?","M","R","E","R","T","E"],"build_version":"2018-09-06","purchased_purges":3,"victory":false,"max_hp_per_floor":[75,75,75,75,75,75,75,75,75,75,75,75,77,77,77,77,77,79,79,79,79,81,81,81,81,81,81],"card_choices":[{"not_picked":["Hologram","Leap"],"picked":"Capacitor","floor":1},{"not_picked":["Conserve Battery","Undo"],"picked":"Chaos","floor":3},{"not_picked":["Force Field","Hologram"],"picked":"Compile Driver","floor":7},{"not_picked":["Heatsinks","Sweeping Beam"],"picked":"Leap","floor":10},{"not_picked":["White Noise","Rebound"],"picked":"Capacitor","floor":12},{"not_picked":["Go for the Eyes","Hello World","Aggregate"],"picked":"Singing Bowl","floor":13},{"not_picked":["Sunder","Turbo"],"picked":"Genetic Algorithm","floor":14},{"not_picked":["Amplify","Meteor Strike"],"picked":"Machine Learning","floor":16},{"not_picked":["Darkness","Redo+1","Stack+1"],"picked":"Singing Bowl","floor":18},{"not_picked":["Coolheaded","Conserve Battery"],"picked":"Hologram","floor":21},{"not_picked":["Amplify","Turbo","Sweeping Beam"],"picked":"Singing Bowl","floor":22},{"not_picked":["Recycle","Capacitor"],"picked":"Echo Form","floor":24}],"player_experience":431725,"relics_obtained":[{"floor":9,"key":"Ancient Tea Set"},{"floor":13,"key":"Singing Bowl"},{"floor":24,"key":"Pocketwatch"},{"floor":26,"key":"Lantern"}],"event_choices":[{"event_name":"Big Fish","player_choice":"Banana","floor":4,"damage_taken":0},{"event_name":"World of Goop","player_choice":"Gather Gold","floor":5,"damage_taken":0},{"event_name":"Vampires","player_choice":"Ignored","floor":19,"damage_taken":0}],"is_beta":false,"boss_relics":[{"not_picked":["FrozenCore","Busted Crown"],"picked":"Empty Cage"}],"items_purged_floors":[2,11,20],"is_endless":false,"potions_floor_spawned":[1,7,10,16,21],"killed_by":"Book of Stabbing","ascension_level":12}