{"gold_per_floor":[119,44,63,63,77,106,119,119,146,180,192,192,225,239,239,239],"floor_reached":16,"playtime":1170,"items_purged":["Strike_R"],"score":153,"play_id":"ab911b60-1f95-4c54-9877-4ed9e6981e0c","local_time":"20190216215638","is_ascension_mode":true,"campfire_choices":[{"data":"Uppercut","floor":8,"key":"SMITH"},{"data":"Feed","floor":12,"key":"SMITH"},{"data":"Metallicize","floor":15,"key":"SMITH"}],"neow_cost":"PERCENT_DAMAGE","seed_source_timestamp":47075404823518,"circlet_count":0,"master_deck":["Strike_R","Strike_R","Strike_R","Strike_R","Defend_R","Defend_R","Defend_R","Defend_R","Bash","Pommel Strike","Metallicize+1","Spot Weakness","Uppercut+1","Shrug It Off","Feed+1"],"relics":["Burning Blood","Bronze Scales","Strawberry","Art of War"],"potions_floor_usage":[6,13],"damage_taken":[{"damage":6,"enemies":"Cultist","floor":1,"turns":3},{"damage":1,"enemies":"Jaw Worm","floor":3,"turns":6},{"damage":3,"enemies":"Small Slimes","floor":5,"turns":3},{"damage":16,"enemies":"Gremlin Nob","floor":6,"turns":5},{"damage":2,"enemies":"Looter","floor":7,"turns":4},{"damage":30,"enemies":"3 Sentries","floor":10,"turns":8},{"damage":18,"enemies":"Gremlin Gang","floor":11,"turns":4},{"damage":20,"enemies":"Lagavulin","floor":13,"turns":5},{"damage":0,"enemies":"Exordium Wildlife","floor":14,"turns":4},{"damage":44,"enemies":"Slime Boss","floor":16,"turns":10}],"seed_played":"8579216830441007061","potions_obtained":[{"floor":5,"key":"Weak Potion"},{"floor":6,"key":"FearPotion"},{"floor":7,"key":"FearPotion"},{"floor":11,"key":"GamblersBrew"}],"is_trial":false,"path_per_floor":["M","$","M","$","M","E","M","R","T","E","M","R","E","M","R","B"],"character_chosen":"IRONCLAD","items_purchased":[],"campfire_rested":0,"item_purchase_floors":[],"current_hp_per_floor":[72,72,77,77,80,70,74,74,74,57,45,45,31,41,41,0],"gold":239,"neow_bonus":"TWENTY_PERCENT_HP_BONUS","is_prod":false,"is_daily":false,"chose_seed":false,"campfire_upgraded":3,"win_rate":0,"timestamp":1550350598,"path_taken":["M","?","M","$","M","E","M","R","T","E","M","R","E","M","R","BOSS"],"build_version":"2019-01-23","purchased_purges":1,"victory":false,"max_hp_per_floor":[96,96,96,96,96,96,96,96,96,103,103,103,103,107,107,107],"card_choices":[{"not_picked":["Havoc","Cleave"],"picked":"Pommel Strike","floor":1},{"not_picked":["Rampage","Pommel Strike","Sentinel"],"picked":"SKIP","floor":3},{"not_picked":["Perfected Strike","Fire Breathing"],"picked":"Metallicize","floor":5},{"not_picked":["Sword Boomerang","Thunderclap"],"picked":"Spot Weakness","floor":6},{"not_picked":["Thunderclap","Armaments"],"picked":"Uppercut","floor":7},{"not_picked":["Sword Boomerang","True Grit"],"picked":"Shrug It Off","floor":10},{"not_picked":["Inflame","Headbutt"],"picked":"Feed","floor":11},{"not_picked":["Clothesline","Perfected Strike","Rampage"],"picked":"SKIP","floor":13},{"not_picked":["Perfected Strike","Sentinel","Sword Boomerang"],"picked":"SKIP","floor":14}],"player_experience":189817,"relics_obtained":[{"floor":6,"key":"Bronze Scales"},{"floor":10,"key":"Strawberry"},{"floor":13,"key":"Art of War"}],"event_choices":[],"is_beta":false,"boss_relics":[],"items_purged_floors":[2],"is_endless":false,"potions_floor_spawned":[5,6,7,11],"killed_by":"Slime Boss","ascension_level":1}