{"gold_per_floor":[116,135,146,221,221,221,248,261,286,286,305,305],"floor_reached":12,"playtime":757,"items_purged":[],"score":100,"play_id":"b22193f3-6728-426a-bee2-27a0402e99df","local_time":"20190118212633","is_ascension_mode":true,"campfire_choices":[{"data":"Zap","floor":6,"key":"SMITH"},{"data":"Glacier","floor":10,"key":"SMITH"}],"neow_cost":"NONE","seed_source_timestamp":98929966260106,"circlet_count":0,"master_deck":["Strike_B","Strike_B","Strike_B","Defend_B","Defend_B","Defend_B","Defend_B","Zap+1","Dualcast","Glacier+1","BootSequence","Cold Snap","Coolheaded","Sweeping Beam","Reprogram","Conserve Battery"],"relics":["Cracked Core","Omamori","Centennial Puzzle"],"potions_floor_usage":[],"damage_taken":[{"damage":5,"enemies":"Small Slimes","floor":1,"turns":4},{"damage":2,"enemies":"Jaw Worm","floor":2,"turns":2},{"damage":0,"enemies":"Cultist","floor":3,"turns":3},{"damage":20,"enemies":"3 Sentries","floor":7,"turns":11},{"damage":4,"enemies":"Lots of Slimes","floor":8,"turns":3},{"damage":15,"enemies":"Exordium Wildlife","floor":11,"turns":6},{"damage":37,"enemies":"Gremlin Nob","floor":12,"turns":5}],"seed_played":"4231255787875095764","potions_obtained":[{"floor":1,"key":"EssenceOfSteel"},{"floor":3,"key":"SkillPotion"},{"floor":8,"key":"SpeedPotion"}],"is_trial":false,"path_per_floor":["M","M","M","?","?","R","E","M","T","R","M","E"],"character_chosen":"DEFECT","items_purchased":[],"campfire_rested":0,"item_purchase_floors":[],"current_hp_per_floor":[70,68,68,57,57,57,37,33,33,33,18,0],"gold":305,"neow_bonus":"THREE_CARDS","is_prod":false,"is_daily":false,"chose_seed":false,"campfire_upgraded":2,"win_rate":0,"timestamp":1547868393,"path_taken":["M","M","M","?","?","R","E","?","T","R","M","E"],"build_version":"2019-01-17v2","purchased_purges":0,"victory":false,"max_hp_per_floor":[75,75,75,75,75,75,75,75,75,75,75,75],"card_choices":[{"not_picked":["Rip and Tear","Rebound"],"picked":"Glacier","floor":0},{"not_picked":["Reprogram","Rip and Tear"],"picked":"BootSequence","floor":1},{"not_picked":["Melter","Barrage"],"picked":"Cold Snap","floor":2},{"not_picked":["Stack","Sweeping Beam"],"picked":"Coolheaded","floor":3},{"not_picked":["Multi-Cast","Barrage"],"picked":"Sweeping Beam","floor":7},{"not_picked":["Auto Shields","Compile Driver"],"picked":"Reprogram","floor":8},{"not_picked":["Auto Shields","Static Discharge"],"picked":"Conserve Battery","floor":11}],"player_experience":114278,"relics_obtained":[{"floor":7,"key":"Omamori"},{"floor":9,"key":"Centennial Puzzle"}],"event_choices":[{"damage_healed":0,"gold_gain":75,"player_choice":"Gather Gold","damage_taken":11,"max_hp_gain":0,"max_hp_loss":0,"event_name":"World of Goop","floor":4,"gold_loss":0},{"cards_removed":["Strike_B"],"damage_healed":0,"gold_gain":0,"player_choice":"Purged","damage_taken":0,"max_hp_gain":0,"max_hp_loss":0,"event_name":"Purifier","floor":5,"gold_loss":0}],"is_beta":false,"boss_relics":[],"items_purged_floors":[],"is_endless":false,"potions_floor_spawned":[1,3,8],"killed_by":"Gremlin Nob","ascension_level":5}