{"gold_per_floor":[118,118,131,6,6,6,38,38,88,107,132,150,150,161,161,161],"floor_reached":16,"playtime":455,"items_purged":["Strike_B"],"score":193,"play_id":"bcd15e2f-9700-40e8-abfa-df836b32976e","local_time":"20190219190941","is_ascension_mode":true,"campfire_choices":[{"data":"Dualcast","floor":6,"key":"SMITH"},{"data":"Biased Cognition","floor":8,"key":"SMITH"},{"data":"Conserve Battery","floor":13,"key":"SMITH"},{"data":"Glacier","floor":15,"key":"SMITH"}],"neow_cost":"TEN_PERCENT_HP_LOSS","seed_source_timestamp":601092679517732,"circlet_count":0,"master_deck":["AscendersBane","Strike_B","Strike_B","Defend_B","Defend_B","Defend_B","Defend_B","Zap+1","Dualcast+1","Biased Cognition+1","Gash","Cold Snap","Sweeping Beam","Leap","Glacier+1","Genetic Algorithm","Conserve Battery+1","Ball Lightning"],"relics":["Cracked Core","Centennial Puzzle","Art of War"],"potions_floor_usage":[16],"damage_taken":[{"damage":7,"enemies":"Small Slimes","floor":1,"turns":3},{"damage":0,"enemies":"2 Louse","floor":3,"turns":2},{"damage":24,"enemies":"Gremlin Nob","floor":7,"turns":5},{"damage":0,"enemies":"Cultist","floor":10,"turns":3},{"damage":11,"enemies":"3 Sentries","floor":11,"turns":8},{"damage":0,"enemies":"Looter","floor":12,"turns":4},{"damage":6,"enemies":"Exordium Thugs","floor":14,"turns":4},{"damage":10,"enemies":"Hexaghost","floor":16,"turns":9}],"seed_played":"-3388689635321358479","potions_obtained":[{"floor":1,"key":"Dexterity Potion"},{"floor":10,"key":"Swift Potion"}],"is_trial":false,"path_per_floor":["M","?","M","$","?","R","E","R","T","M","E","M","R","M","R","B"],"character_chosen":"DEFECT","items_purchased":["Sweeping Beam"],"campfire_rested":0,"item_purchase_floors":[4],"current_hp_per_floor":[57,50,50,50,50,50,26,26,26,26,15,15,15,9,9,0],"gold":161,"neow_bonus":"THREE_RARE_CARDS","is_prod":false,"is_daily":false,"chose_seed":false,"campfire_upgraded":4,"win_rate":0,"timestamp":1550624981,"path_taken":["M","?","M","$","?","R","E","R","T","?","E","M","R","M","R","BOSS"],"build_version":"2019-01-23","purchased_purges":1,"victory":false,"max_hp_per_floor":[64,64,64,64,64,64,64,64,64,64,64,64,64,64,64,64],"card_choices":[{"not_picked":["Creative AI","Multi-Cast"],"picked":"Biased Cognition","floor":0},{"not_picked":["Lockon","Reprogram"],"picked":"Gash","floor":1},{"not_picked":["Steam","Conserve Battery"],"picked":"Cold Snap","floor":3},{"not_picked":["Recycle","Rebound"],"picked":"Leap","floor":7},{"not_picked":["Sweeping Beam","Stack"],"picked":"Glacier","floor":10},{"not_picked":["Rainbow","Hologram"],"picked":"Genetic Algorithm","floor":11},{"not_picked":["Lockon","Barrage"],"picked":"Conserve Battery","floor":12},{"not_picked":["Scrape","Static Discharge"],"picked":"Ball Lightning","floor":14}],"player_experience":194184,"relics_obtained":[{"floor":7,"key":"Centennial Puzzle"},{"floor":11,"key":"Art of War"}],"event_choices":[{"cards_removed":["Strike_B"],"damage_healed":0,"gold_gain":0,"player_choice":"Card Removal","damage_taken":7,"max_hp_gain":0,"max_hp_loss":0,"event_name":"Golden Wing","floor":2,"gold_loss":0},{"damage_healed":0,"gold_gain":0,"player_choice":"Upgraded","damage_taken":0,"max_hp_gain":0,"max_hp_loss":0,"event_name":"Upgrade Shrine","floor":5,"gold_loss":0,"cards_upgraded":["Zap"]}],"is_beta":false,"boss_relics":[],"items_purged_floors":[4],"is_endless":false,"potions_floor_spawned":[1,10],"killed_by":"Hexaghost","ascension_level":15}