{"path_per_floor":["M","M","M","$","M","E","R","M","T","R","?","?","T","M","R","B",null,"M","M","?"],"character_chosen":"DEFECT","items_purchased":["Finesse"],"gold_per_floor":[116,136,153,64,80,105,105,116,116,116,291,291,291,311,311,408,408,408,408,408,408],"floor_reached":21,"campfire_rested":1,"playtime":1002,"current_hp_per_floor":[70,68,60,60,48,7,29,29,29,29,29,29,29,24,24,3,75,61,34,34,0],"items_purged":[],"gold":408,"score":181,"play_id":"a6b82dd1-eda6-41c5-a60b-051df2a608c6","local_time":"20180429162631","is_prod":false,"is_daily":false,"chose_seed":false,"is_ascension_mode":false,"campfire_upgraded":2,"timestamp":1524983191,"path_taken":["M","?","M","$","M","E","R","M","T","R","?","?","?","M","R","BOSS","M","M","?","M"],"build_version":"2018-04-27v3","seed_source_timestamp":0,"purchased_purges":0,"victory":false,"master_deck":["Strike_B","Strike_B","Strike_B","Defend_B","Defend_B","Defend_B","Defend_B","Zap+1","Dualcast","Capacitor","Axe Kick","Go for the Eyes","Finesse","Machine Learning+1","Cold Snap","Beam Cell","Doubt","Streamline","Seek","Impulse+1","Hello World","Doom and Gloom"],"max_hp_per_floor":[75,75,75,75,75,75,75,75,75,75,75,75,75,75,75,75,75,75,75,75,75],"relics":["Cracked Core","Pantograph","Matryoshka","Bottled Lightning","Bottled Tornado","Ectoplasm"],"card_choices":[{"not_picked":["Flux Capacitor","Blizzard"],"picked":"Capacitor","floor":1},{"not_picked":["Beam Cell","Leap"],"picked":"Axe Kick","floor":2},{"not_picked":["Conserve Battery","Chaos"],"picked":"Go for the Eyes","floor":3},{"not_picked":["Go for the Eyes","Hologram"],"picked":"Machine Learning","floor":5},{"not_picked":["Blaster","Capacitor"],"picked":"Cold Snap","floor":6},{"not_picked":["Reprogram","Impulse"],"picked":"Beam Cell","floor":8},{"not_picked":["Steam Power","Undo"],"picked":"Streamline","floor":14},{"not_picked":["Reboot","Fission"],"picked":"Seek","floor":16},{"not_picked":["Skim","White Noise"],"picked":"Impulse","floor":18},{"not_picked":["Impulse","Aggregate"],"picked":"Hello World","floor":19}],"player_experience":6259,"potions_floor_usage":[16,16],"damage_taken":[{"damage":5,"enemies":"Cultist","floor":1,"turns":4},{"damage":2,"enemies":"2 Louse","floor":2,"turns":2},{"damage":8,"enemies":"Jaw Worm","floor":3,"turns":3},{"damage":12,"enemies":"Lots of Slimes","floor":5,"turns":5},{"damage":41,"enemies":"Lagavulin","floor":6,"turns":6},{"damage":0,"enemies":"Blue Slaver","floor":8,"turns":4},{"damage":5,"enemies":"2 Fungi Beasts","floor":14,"turns":3},{"damage":46,"enemies":"The Guardian","floor":16,"turns":12},{"damage":14,"enemies":"Spheric Guardian","floor":18,"turns":4},{"damage":27,"enemies":"3 Byrds","floor":19,"turns":5},{"damage":39,"enemies":"Sentry and Sphere","floor":21,"turns":5}],"event_choices":[{"event_name":"Liars Game","player_choice":"agreed","floor":11,"damage_taken":0},{"event_name":"The Lab","player_choice":"Got Potions","floor":12,"damage_taken":0},{"event_name":"Transmorgrifier","player_choice":"Transform","floor":20,"damage_taken":0}],"boss_relics":[{"not_picked":["Runic Dome","Cursed Key"],"picked":"Ectoplasm"}],"potions_floor_spawned":[1,2,14,16,18,19],"seed_played":"7120686092406833210","killed_by":"Sentry and Sphere","ascension_level":0,"is_trial":false}