{"gold_per_floor":[118,137,137,137,137,137,153,0,0,0,0,0,0,14,14,14],"floor_reached":16,"playtime":788,"items_purged":[],"score":154,"play_id":"df3f3009-ec5f-42f0-b09b-cca77254f159","local_time":"20181207204311","is_ascension_mode":true,"campfire_choices":[{"data":"Survivor","floor":6,"key":"SMITH"},{"data":"Deadly Poison","floor":11,"key":"SMITH"},{"data":"Heel Hook","floor":15,"key":"SMITH"}],"neow_cost":"NONE","seed_source_timestamp":10965607621040,"circlet_count":0,"master_deck":["AscendersBane","Defend_G","Defend_G+1","Defend_G+1","Defend_G","Defend_G+1","Strike_G","Survivor+1","Neutralize+1","Deadly Poison+1","Heel Hook+1"],"relics":["Empty Cage","War Paint","The Courier"],"potions_floor_usage":[16],"damage_taken":[{"damage":1,"enemies":"Small Slimes","floor":1,"turns":6},{"damage":0,"enemies":"2 Louse","floor":2,"turns":5},{"damage":7,"enemies":"Cultist","floor":7,"turns":6},{"damage":0,"enemies":"Looter","floor":10,"turns":4},{"damage":0,"enemies":"Large Slime","floor":14,"turns":10},{"damage":37,"enemies":"Slime Boss","floor":16,"turns":10}],"seed_played":"-9125891802131858381","potions_obtained":[{"floor":7,"key":"LiquidBronze"}],"is_trial":false,"path_per_floor":["M","M","?","?","?","R","M","$","T","M","R","?","?","M","R","B"],"character_chosen":"THE_SILENT","items_purchased":["War Paint"],"campfire_rested":0,"item_purchase_floors":[8],"current_hp_per_floor":[58,58,63,63,63,63,56,56,56,56,56,35,35,35,35,0],"gold":14,"neow_bonus":"BOSS_RELIC","is_prod":false,"is_daily":false,"chose_seed":false,"campfire_upgraded":3,"win_rate":0,"timestamp":1544211791,"path_taken":["M","M","?","?","?","R","M","$","T","M","R","?","?","M","R","BOSS"],"build_version":"2018-12-06","purchased_purges":0,"victory":false,"max_hp_per_floor":[66,66,71,71,71,71,71,71,71,71,71,71,71,71,71,71],"card_choices":[{"not_picked":["Slice","Predator","Dagger Throw"],"picked":"SKIP","floor":1},{"not_picked":["Slice","Cloak And Dagger","Outmaneuver"],"picked":"SKIP","floor":2},{"not_picked":["Terror","Blade Dance","Reflex"],"picked":"SKIP","floor":7},{"not_picked":["Underhanded Strike","Outmaneuver"],"picked":"Deadly Poison","floor":10},{"not_picked":["Flying Knee","Quick Slash"],"picked":"Heel Hook","floor":14}],"player_experience":592175,"relics_obtained":[{"floor":9,"key":"The Courier"}],"event_choices":[{"damage_healed":0,"gold_gain":0,"player_choice":"Donut","damage_taken":0,"max_hp_gain":5,"max_hp_loss":0,"event_name":"Big Fish","floor":3,"gold_loss":0},{"cards_removed":["Strike_G"],"damage_healed":0,"gold_gain":0,"player_choice":"Forget","damage_taken":0,"max_hp_gain":0,"max_hp_loss":0,"event_name":"Living Wall","floor":4,"gold_loss":0},{"damage_healed":0,"gold_gain":0,"player_choice":"Fled","damage_taken":0,"max_hp_gain":0,"max_hp_loss":0,"event_name":"Scrap Ooze","floor":5,"gold_loss":0},{"damage_healed":0,"gold_gain":0,"player_choice":"Entered Light","damage_taken":21,"max_hp_gain":0,"max_hp_loss":0,"event_name":"Shining Light","floor":12,"gold_loss":0,"cards_upgraded":["Defend_G","Neutralize"]},{"cards_removed":["Strike_G"],"damage_healed":0,"gold_gain":0,"player_choice":"Purged","damage_taken":0,"max_hp_gain":0,"max_hp_loss":0,"event_name":"Purifier","floor":13,"gold_loss":0}],"is_beta":false,"boss_relics":[],"items_purged_floors":[],"is_endless":false,"potions_floor_spawned":[7],"killed_by":"Slime Boss","ascension_level":15}