{"gold_per_floor":[110,110,123,33,51,84,84,101,181,192,192,227,282,309,309,409,409,419,214,214,264,278,278,109,109,178,198,232,246,79,79,79,177,177,187,199,199,74,74,105,105,134,158,191,206,206,216,179,179,179,179,179,142,175,175],"floor_reached":56,"playtime":3197,"items_purged":["Strike_G","Strike_G","Strike_G+1"],"score":1560,"play_id":"d5254815-680a-4600-a2ce-7f0c21f7c3ef","local_time":"20190117163525","is_ascension_mode":true,"campfire_choices":[{"data":"Infinite Blades","floor":7,"key":"SMITH"},{"floor":11,"key":"REST"},{"floor":15,"key":"REST"},{"data":"Cloak And Dagger","floor":23,"key":"SMITH"},{"data":"Cloak And Dagger","floor":25,"key":"SMITH"},{"floor":32,"key":"REST"},{"data":"Accuracy","floor":41,"key":"SMITH"},{"data":"Noxious Fumes","floor":46,"key":"SMITH"},{"floor":49,"key":"RECALL"},{"data":"Panache","floor":52,"key":"SMITH"}],"neow_cost":"NONE","seed_source_timestamp":492820165541808,"circlet_count":0,"master_deck":["Defend_G+1","Defend_G+1","Defend_G+1","Defend_G+1","Defend_G+1","Survivor","Neutralize+1","Noxious Fumes+1","Cloak And Dagger+1","Infinite Blades+1","Dash","Terror","Leg Sweep","Flying Knee","Deadly Poison","Tools of the Trade","Cloak And Dagger+1","Accuracy+1","Cloak And Dagger","Acrobatics","Escape Plan","PiercingWail","Well Laid Plans","Footwork","Panache+1","Malaise","Cloak And Dagger+1","Infinite Blades+1","Infinite Blades+1","Backflip","Escape Plan+1","Escape Plan","Caltrops"],"relics":["Ring of the Snake","NeowsBlessing","Incense Burner","Mercury Hourglass","PreservedInsect","Ornamental Fan","Eternal Feather","Mummified Hand","Letter Opener","Empty Cage","Paper Crane","Gambling Chip","Pocketwatch","Dodecahedron"],"potions_floor_usage":[55,55],"damage_taken":[{"damage":0,"enemies":"Jaw Worm","floor":1,"turns":1},{"damage":0,"enemies":"Cultist","floor":3,"turns":1},{"damage":4,"enemies":"Small Slimes","floor":5,"turns":2},{"damage":33,"enemies":"Lagavulin","floor":6,"turns":7},{"damage":10,"enemies":"Exordium Thugs","floor":8,"turns":5},{"damage":0,"enemies":"3 Louse","floor":10,"turns":2},{"damage":12,"enemies":"Gremlin Nob","floor":12,"turns":4},{"damage":11,"enemies":"Lagavulin","floor":14,"turns":4},{"damage":7,"enemies":"The Guardian","floor":16,"turns":10},{"damage":10,"enemies":"Chosen","floor":18,"turns":6},{"damage":12,"enemies":"3 Byrds","floor":22,"turns":6},{"damage":14,"enemies":"Centurion and Healer","floor":27,"turns":6},{"damage":27,"enemies":"Gremlin Leader","floor":28,"turns":9},{"damage":11,"enemies":"Sentry and Sphere","floor":29,"turns":5},{"damage":0,"enemies":"Champ","floor":33,"turns":11},{"damage":0,"enemies":"3 Shapes","floor":35,"turns":4},{"damage":0,"enemies":"Orb Walker","floor":36,"turns":4},{"damage":0,"enemies":"Reptomancer","floor":40,"turns":5},{"damage":14,"enemies":"Nemesis","floor":42,"turns":5},{"damage":0,"enemies":"Giant Head","floor":44,"turns":5},{"damage":8,"enemies":"Sphere and 2 Shapes","floor":45,"turns":4},{"damage":0,"enemies":"Writhing Mass","floor":47,"turns":4},{"damage":0,"enemies":"Awakened One","floor":50,"turns":11},{"damage":33,"enemies":"Shield and Spear","floor":54,"turns":6},{"damage":33,"enemies":"The Heart","floor":55,"turns":10}],"seed_played":"8338319997452011622","potions_obtained":[{"floor":1,"key":"AttackPotion"},{"floor":6,"key":"Explosive Potion"},{"floor":8,"key":"FearPotion"},{"floor":10,"key":"LiquidBronze"},{"floor":14,"key":"Swift Potion"},{"floor":42,"key":"Weak Potion"},{"floor":47,"key":"Dexterity Potion"}],"is_trial":false,"path_per_floor":["M","?","M","$","M","E","R","M","T","M","R","E","?","E","R","B",null,"M","$","?","?","M","R","$","R","T","M","E","M","$","?","R","B",null,"M","M","?","$","$","E","R","E","T","E","M","R","M","$","R","B",null,"R","$","E","B",null],"character_chosen":"THE_SILENT","items_purchased":["Cloak And Dagger","Infinite Blades","Accuracy","Cloak And Dagger","Escape Plan","Panache","Escape Plan","Caltrops"],"campfire_rested":3,"item_purchase_floors":[4,4,19,19,24,30,48,53],"current_hp_per_floor":[70,70,70,70,66,33,33,23,23,23,44,32,32,21,42,35,70,60,60,47,47,35,50,50,65,65,51,24,13,13,13,50,50,75,75,75,75,75,75,75,75,61,61,61,53,71,71,71,75,75,75,75,75,42,9],"gold":175,"neow_bonus":"THREE_ENEMY_KILL","is_prod":false,"is_daily":false,"chose_seed":false,"campfire_upgraded":6,"win_rate":0,"timestamp":1547764525,"path_taken":["M","?","?","?","?","E","R","M","T","?","R","E","?","E","R","BOSS","M","$","?","?","?","R","$","R","T","M","E","M","$","?","R","BOSS","M","M","?","?","$","E","R","E","T","E","M","R","M","$","R","BOSS","R","$","E","BOSS"],"build_version":"2019-01-10","purchased_purges":3,"victory":true,"max_hp_per_floor":[70,70,70,70,70,70,70,70,70,70,70,70,70,70,70,70,70,70,70,75,75,75,75,75,75,75,75,75,75,75,75,75,75,75,75,75,75,75,75,75,75,75,75,75,75,75,75,75,75,75,75,75,75,75,75],"card_choices":[{"not_picked":["Finisher","Prepared"],"picked":"Noxious Fumes","floor":1},{"not_picked":["Deflect","Prepared"],"picked":"Outmaneuver","floor":3},{"not_picked":["Deflect","Acrobatics"],"picked":"Dash","floor":5},{"not_picked":["Dagger Spray","Backflip"],"picked":"Terror","floor":6},{"not_picked":["Dodge and Roll","Slice"],"picked":"Leg Sweep","floor":8},{"not_picked":["Poisoned Stab","Phantasmal Killer"],"picked":"Flying Knee","floor":10},{"not_picked":["Catalyst","Underhanded Strike"],"picked":"Deadly Poison","floor":12},{"not_picked":["Flechettes","Outmaneuver","Malaise"],"picked":"SKIP","floor":14},{"not_picked":["Night Terror","Venomology"],"picked":"Tools of the Trade","floor":16},{"not_picked":["Riddle With Holes","Deadly Poison+1"],"picked":"Cloak And Dagger","floor":18},{"not_picked":["All Out Attack","Poisoned Stab"],"picked":"Acrobatics","floor":22},{"not_picked":["Outmaneuver","Slice"],"picked":"PiercingWail","floor":27},{"not_picked":["Envenom","Cloak And Dagger"],"picked":"Well Laid Plans","floor":28},{"not_picked":["Backstab","Bane+1"],"picked":"Footwork","floor":29},{"not_picked":["Doppelganger","Grand Finale"],"picked":"Malaise","floor":33},{"not_picked":["Deflect","Dodge and Roll","Poisoned Stab"],"picked":"SKIP","floor":35},{"not_picked":["Underhanded Strike","Skewer+1","Quick Slash"],"picked":"SKIP","floor":36},{"not_picked":["Sucker Punch+1","Terror"],"picked":"Cloak And Dagger+1","floor":40},{"not_picked":["Leg Sweep","Catalyst+1"],"picked":"Infinite Blades+1","floor":42},{"not_picked":["Slice+1","Grand Finale"],"picked":"Infinite Blades+1","floor":44},{"not_picked":["Poisoned Stab","Sucker Punch+1"],"picked":"Backflip","floor":45},{"not_picked":["Dodge and Roll","All Out Attack+1"],"picked":"Escape Plan+1","floor":47},{"not_picked":["All Out Attack","Riddle With Holes","Flying Knee"],"picked":"SKIP","floor":54}],"player_experience":109250,"relics_obtained":[{"floor":6,"key":"Incense Burner"},{"floor":9,"key":"Mercury Hourglass"},{"floor":12,"key":"PreservedInsect"},{"floor":14,"key":"Ornamental Fan"},{"floor":26,"key":"Mummified Hand"},{"floor":28,"key":"Letter Opener"},{"floor":40,"key":"Paper Crane"},{"floor":42,"key":"Gambling Chip"},{"floor":44,"key":"Pocketwatch"},{"floor":54,"key":"Dodecahedron"}],"event_choices":[{"damage_healed":0,"gold_gain":0,"player_choice":"Upgraded","damage_taken":0,"max_hp_gain":0,"max_hp_loss":0,"event_name":"Upgrade Shrine","floor":2,"gold_loss":0,"cards_upgraded":["Neutralize"]},{"damage_healed":0,"gold_gain":55,"player_choice":"Gained Gold","damage_taken":0,"max_hp_gain":0,"max_hp_loss":0,"event_name":"Golden Wing","floor":13,"gold_loss":0},{"damage_healed":0,"gold_gain":0,"player_choice":"Shed Blood","damage_taken":18,"max_hp_gain":5,"max_hp_loss":0,"event_name":"Forgotten Altar","floor":20,"gold_loss":0},{"damage_healed":0,"gold_gain":100,"player_choice":"Bet on Murderer","damage_taken":0,"max_hp_gain":0,"max_hp_loss":0,"event_name":"The Joust","floor":21,"gold_loss":50},{"damage_healed":0,"gold_gain":0,"player_choice":"Simplicity","damage_taken":0,"max_hp_gain":0,"max_hp_loss":0,"event_name":"Back to Basics","floor":31,"gold_loss":0,"cards_upgraded":["Defend_G","Defend_G","Defend_G","Defend_G","Defend_G","Strike_G","Strike_G","Strike_G"]},{"cards_removed":["Outmaneuver"],"damage_healed":5,"gold_gain":0,"player_choice":"Offered Common","damage_taken":0,"max_hp_gain":0,"max_hp_loss":0,"event_name":"Bonfire Elementals","floor":37,"gold_loss":0},{"cards_removed":["Outmaneuver"],"damage_healed":5,"gold_gain":0,"player_choice":"Offered Special","damage_taken":0,"max_hp_gain":0,"max_hp_loss":0,"event_name":"Bonfire Elementals","floor":37,"gold_loss":0}],"is_beta":false,"boss_relics":[{"not_picked":["Lizard Tail","Ectoplasm"],"picked":"Eternal Feather"},{"not_picked":["Pandora\u0027s Box","Velvet Choker"],"picked":"Empty Cage"}],"items_purged_floors":[19,24,38],"is_endless":false,"potions_floor_spawned":[1,6,8,10,14,16,29,33,42,44,47],"ascension_level":3}