{"gold_per_floor":[20,20,40,115,127,191,191,224,224,250,261,261,40,58,58,153,153,165,165,165,178,193,193,220,4,4,4,22,41,41,53,53,156,156,170,189,54,72,172,172,201,214,268,268,280,280,280,300,300,300],"floor_reached":50,"playtime":5297,"items_purged":["Strike_G"],"score":591,"play_id":"57ec871d-1a92-4d04-a1a0-b1a3da81698b","local_time":"20190203212815","is_ascension_mode":true,"campfire_choices":[{"floor":7,"key":"RECALL"},{"data":"Catalyst","floor":15,"key":"SMITH"},{"data":"Cloak And Dagger","floor":23,"key":"SMITH"},{"floor":27,"key":"REST"},{"floor":32,"key":"REST"},{"floor":40,"key":"REST"},{"floor":44,"key":"REST"},{"data":"Malaise","floor":47,"key":"SMITH"},{"floor":49,"key":"REST"}],"neow_cost":"NO_GOLD","seed_source_timestamp":1328490299644476,"circlet_count":0,"master_deck":["Defend_G","Defend_G+1","Strike_G","Survivor","Neutralize","Terror","Dash","PiercingWail","Infinite Blades","Cloak And Dagger","Dodge and Roll","Footwork","Accuracy+1","Crippling Poison","Catalyst+1","Deadly Poison+1","Adrenaline","Backstab","Cloak And Dagger+1","Blur","Cloak And Dagger+1","Venomology","Accuracy+1","Burst+1","All Out Attack+1","Dodge and Roll+1","Bouncing Flask+1","Malaise+1","Outmaneuver+1","Calculated Gamble+1","PiercingWail","Escape Plan+1","Finesse","Prepared+1","Bouncing Flask"],"relics":["Ring of the Snake","Tiny Chest","StoneCalendar","Omamori","WristBlade","Question Card","Bag of Preparation","War Paint","Bottled Lightning","Astrolabe","Prayer Wheel","Snake Skull","Blood Vial"],"potions_floor_usage":[8,14,16,21,22,24,28,33,33,35,38,38,39,39,39,41,41,45,48,50,50,50],"damage_taken":[{"damage":0,"enemies":"Jaw Worm","floor":1,"turns":3},{"damage":0,"enemies":"2 Louse","floor":3,"turns":3},{"damage":0,"enemies":"Cultist","floor":5,"turns":4},{"damage":1,"enemies":"Gremlin Nob","floor":6,"turns":4},{"damage":2,"enemies":"3 Sentries","floor":8,"turns":11},{"damage":13,"enemies":"Lagavulin","floor":10,"turns":7},{"damage":0,"enemies":"Blue Slaver","floor":11,"turns":4},{"damage":2,"enemies":"Lots of Slimes","floor":14,"turns":4},{"damage":16,"enemies":"The Guardian","floor":16,"turns":9},{"damage":9,"enemies":"Spheric Guardian","floor":18,"turns":7},{"damage":10,"enemies":"Chosen","floor":21,"turns":5},{"damage":6,"enemies":"3 Cultists","floor":22,"turns":6},{"damage":34,"enemies":"Gremlin Leader","floor":24,"turns":7},{"damage":3,"enemies":"Centurion and Healer","floor":28,"turns":6},{"damage":8,"enemies":"Snecko","floor":29,"turns":4},{"damage":0,"enemies":"Chosen and Byrds","floor":31,"turns":5},{"damage":25,"enemies":"Automaton","floor":33,"turns":9},{"damage":30,"enemies":"3 Darklings","floor":35,"turns":6},{"damage":0,"enemies":"3 Shapes","floor":36,"turns":5},{"damage":14,"enemies":"Writhing Mass","floor":38,"turns":5},{"damage":0,"enemies":"Mind Bloom Boss Battle","floor":39,"turns":7},{"damage":22,"enemies":"Nemesis","floor":41,"turns":9},{"damage":13,"enemies":"Sphere and 2 Shapes","floor":42,"turns":7},{"damage":1,"enemies":"Maw","floor":45,"turns":6},{"damage":3,"enemies":"Transient","floor":48,"turns":5},{"damage":56,"enemies":"Awakened One","floor":50,"turns":14}],"seed_played":"-300498424079350925","potions_obtained":[{"floor":3,"key":"AttackPotion"},{"floor":6,"key":"FearPotion"},{"floor":11,"key":"Strength Potion"},{"floor":12,"key":"SpeedPotion"},{"floor":14,"key":"LiquidBronze"},{"floor":16,"key":"Swift Potion"},{"floor":21,"key":"SteroidPotion"},{"floor":22,"key":"Ancient Potion"},{"floor":31,"key":"Dexterity Potion"},{"floor":33,"key":"AttackPotion"},{"floor":35,"key":"LiquidBronze"},{"floor":36,"key":"Explosive Potion"},{"floor":38,"key":"EssenceOfSteel"},{"floor":45,"key":"Poison Potion"}],"is_trial":false,"path_per_floor":["M","?","M","?","M","E","R","E","T","E","M","?","$","M","R","B",null,"M","T","?","M","M","R","E","$","T","R","M","M","$","M","R","B",null,"M","M","$","M","?","R","E","M","T","R","M","?","R","M","R","B"],"character_chosen":"THE_SILENT","items_purchased":["Crippling Poison","Catalyst","War Paint","EssenceOfSteel","Malaise"],"campfire_rested":5,"item_purchase_floors":[13,13,25,25,37],"current_hp_per_floor":[70,70,70,59,59,58,58,56,56,43,43,43,43,41,41,25,70,61,61,61,51,45,45,11,11,11,32,29,21,21,21,42,17,70,40,40,40,26,26,47,25,12,12,33,34,34,34,33,54,0],"gold":300,"neow_bonus":"TRANSFORM_TWO_CARDS","is_prod":false,"is_daily":false,"chose_seed":false,"campfire_upgraded":3,"win_rate":0,"timestamp":1549225695,"path_taken":["M","?","M","?","M","E","R","E","T","E","M","?","$","M","R","BOSS","M","?","?","M","M","R","E","$","T","R","?","M","?","M","R","BOSS","M","M","$","M","?","R","E","M","T","R","M","?","R","M","R","BOSS"],"build_version":"2019-01-23","purchased_purges":1,"victory":false,"max_hp_per_floor":[70,70,70,70,70,70,70,70,70,70,70,70,70,70,70,70,70,70,70,70,70,70,70,70,70,70,70,70,70,70,70,70,70,70,70,70,70,70,70,70,70,70,70,70,70,70,70,70,70,70],"card_choices":[{"not_picked":["Flying Knee","All Out Attack","Caltrops"],"picked":"SKIP","floor":1},{"not_picked":["Acrobatics","Deflect"],"picked":"PiercingWail","floor":3},{"not_picked":["All Out Attack","Deadly Poison"],"picked":"Infinite Blades","floor":5},{"not_picked":["Reflex","Doppelganger"],"picked":"Cloak And Dagger","floor":6},{"not_picked":["Acrobatics","Deflect"],"picked":"Dodge and Roll","floor":8},{"not_picked":["Riddle With Holes","Prepared"],"picked":"Footwork","floor":10},{"not_picked":["Outmaneuver","Acrobatics"],"picked":"Accuracy","floor":11},{"not_picked":["PiercingWail","Poisoned Stab"],"picked":"Deadly Poison","floor":14},{"not_picked":["Envenom","Die Die Die"],"picked":"Adrenaline","floor":16},{"not_picked":["Backflip","Blade Dance"],"picked":"Backstab","floor":18},{"not_picked":["Choke","Caltrops","Dodge and Roll","Poisoned Stab+1"],"picked":"SKIP","floor":21},{"not_picked":["Quick Slash","Expertise","Slice"],"picked":"Cloak And Dagger","floor":22},{"not_picked":["PiercingWail+1","Setup","Prepared+1"],"picked":"Blur","floor":24},{"not_picked":["Deadly Poison+1","Flechettes","Reflex","Calculated Gamble"],"picked":"SKIP","floor":28},{"not_picked":["Acrobatics","Crippling Poison","Caltrops"],"picked":"Cloak And Dagger+1","floor":29},{"not_picked":["Finisher+1","Prepared","Cloak And Dagger","Backstab"],"picked":"SKIP","floor":31},{"not_picked":["Burst","Glass Knife","Die Die Die"],"picked":"Venomology","floor":33},{"not_picked":["Well Laid Plans+1","Outmaneuver","Backstab+1"],"picked":"Dodge and Roll+1","floor":35},{"not_picked":["Catalyst","PiercingWail","Poisoned Stab"],"picked":"Bouncing Flask+1","floor":36},{"not_picked":["Tactician+1","Endless Agony","Quick Slash+1","Flechettes+1"],"picked":"SKIP","floor":38},{"not_picked":["Flying Knee","Grand Finale","Tactician"],"picked":"Outmaneuver+1","floor":41},{"not_picked":["Setup","Accuracy","Poisoned Stab"],"picked":"Calculated Gamble+1","floor":42},{"not_picked":["Blade Dance+1","Dagger Throw","Prepared+1","Deflect+1"],"picked":"SKIP","floor":42},{"not_picked":["Outmaneuver","Caltrops+1","Flying Knee+1"],"picked":"PiercingWail","floor":45},{"not_picked":["Heel Hook+1","All Out Attack+1","Flechettes"],"picked":"Escape Plan+1","floor":45},{"not_picked":["Chrysalis","Good Instincts","Flash of Steel"],"picked":"Finesse","floor":46},{"not_picked":["Dash","Riddle With Holes+1","Backflip+1"],"picked":"Prepared+1","floor":48},{"not_picked":["Bane","Well Laid Plans","Blade Dance"],"picked":"Bouncing Flask","floor":48}],"player_experience":160814,"relics_obtained":[{"floor":6,"key":"Tiny Chest"},{"floor":8,"key":"StoneCalendar"},{"floor":10,"key":"Omamori"},{"floor":19,"key":"Question Card"},{"floor":24,"key":"Bag of Preparation"},{"floor":26,"key":"Bottled Lightning"},{"floor":39,"key":"Prayer Wheel"},{"floor":41,"key":"Snake Skull"},{"floor":43,"key":"Blood Vial"}],"event_choices":[{"cards_removed":["Strike_G"],"damage_healed":0,"gold_gain":0,"player_choice":"Forget","damage_taken":0,"max_hp_gain":0,"max_hp_loss":0,"event_name":"Living Wall","floor":2,"gold_loss":0},{"damage_healed":0,"gold_gain":75,"player_choice":"Gather Gold","damage_taken":11,"max_hp_gain":0,"max_hp_loss":0,"event_name":"World of Goop","floor":4,"gold_loss":0},{"damage_healed":0,"gold_gain":0,"player_choice":"Got Potions","damage_taken":0,"max_hp_gain":0,"max_hp_loss":0,"event_name":"Lab","floor":12,"gold_loss":0},{"damage_healed":0,"gold_gain":0,"player_choice":"Upgraded","damage_taken":0,"max_hp_gain":0,"max_hp_loss":0,"event_name":"Upgrade Shrine","floor":20,"gold_loss":0,"cards_upgraded":["Accuracy"]},{"damage_healed":0,"gold_gain":0,"player_choice":"Fight","damage_taken":0,"max_hp_gain":0,"max_hp_loss":0,"event_name":"MindBloom","floor":39,"gold_loss":0},{"damage_healed":0,"gold_gain":0,"player_choice":"Memory 1","damage_taken":0,"max_hp_gain":0,"max_hp_loss":0,"event_name":"SensoryStone","floor":46,"gold_loss":0}],"is_beta":false,"boss_relics":[{"not_picked":["HoveringKite","Sozu"],"picked":"WristBlade"},{"not_picked":["Lizard Tail","Fusion Hammer"],"picked":"Astrolabe"}],"items_purged_floors":[13],"is_endless":false,"potions_floor_spawned":[3,6,11,14,16,18,21,22,31,33,35,36,38,45],"killed_by":"Awakened One","ascension_level":1}