{"gold_per_floor":[114,133,11,25,45,45,55,88,165,178,178,5,39,51,51,51],"floor_reached":16,"playtime":1908,"items_purged":["Pain"],"score":131,"play_id":"f71cf51f-a7f6-45aa-90cf-0b5f352a847d","local_time":"20190211232723","is_ascension_mode":true,"campfire_choices":[{"data":"Coolheaded","floor":6,"key":"SMITH"},{"data":"Skim","floor":15,"key":"SMITH"}],"neow_cost":"CURSE","seed_source_timestamp":343399402174211,"circlet_count":0,"master_deck":["Strike_B","Strike_B","Defend_B","Defend_B","Defend_B","Defend_B","Zap","Dualcast","Barrage","Steam Power","Skim+1","Turbo","Go for the Eyes","Coolheaded+1","Aggregate","Compile Driver","Conserve Battery","Glacier"],"relics":["Cracked Core","Meat on the Bone","Tiny Chest","Ancient Tea Set","Sundial"],"potions_floor_usage":[8,10,14],"damage_taken":[{"damage":9,"enemies":"Cultist","floor":1,"turns":4},{"damage":9,"enemies":"Small Slimes","floor":2,"turns":3},{"damage":13,"enemies":"Jaw Worm","floor":4,"turns":5},{"damage":12,"enemies":"Blue Slaver","floor":5,"turns":4},{"damage":0,"enemies":"2 Fungi Beasts","floor":7,"turns":3},{"damage":9,"enemies":"3 Sentries","floor":8,"turns":8},{"damage":19,"enemies":"Exordium Thugs","floor":10,"turns":6},{"damage":58,"enemies":"Gremlin Nob","floor":13,"turns":5},{"damage":0,"enemies":"Looter","floor":14,"turns":2},{"damage":41,"enemies":"The Guardian","floor":16,"turns":15}],"seed_played":"8292231273966537","potions_obtained":[{"floor":2,"key":"LiquidBronze"},{"floor":8,"key":"Swift Potion"},{"floor":13,"key":"AttackPotion"}],"is_trial":false,"path_per_floor":["M","M","?","$","M"],"character_chosen":"DEFECT","items_purchased":["Turbo","Compile Driver","Ancient Tea Set"],"campfire_rested":0,"item_purchase_floors":[3,12,12],"current_hp_per_floor":[66,57,57,44,32,32,32,23,23,16,75,75,29,41,41,0],"gold":51,"neow_bonus":"TRANSFORM_TWO_CARDS","is_prod":false,"is_daily":false,"chose_seed":false,"campfire_upgraded":2,"win_rate":0,"timestamp":1549924043,"path_taken":["M","?","$","M","?","R","M","E","T","M","?","?","E","?","R","BOSS"],"build_version":"2019-01-23","purchased_purges":1,"victory":false,"max_hp_per_floor":[75,75,75,75,75,75,75,75,75,75,75,75,75,75,75,75],"card_choices":[{"not_picked":["Rebound","Beam Cell"],"picked":"Steam Power","floor":1},{"not_picked":["Lockon","Beam Cell"],"picked":"Skim","floor":2},{"not_picked":["Tempest","Sweeping Beam"],"picked":"Go for the Eyes","floor":4},{"not_picked":["Turbo","Blizzard"],"picked":"Coolheaded","floor":5},{"not_picked":["Stack","Redo","Darkness"],"picked":"SKIP","floor":7},{"not_picked":["Tempest","Thunder Strike"],"picked":"Aggregate","floor":8},{"not_picked":["Static Discharge","Steam","Darkness"],"picked":"SKIP","floor":10},{"not_picked":["Self Repair","Double Energy"],"picked":"Conserve Battery","floor":13},{"not_picked":["Doom and Gloom","Consume"],"picked":"Glacier","floor":14}],"player_experience":122729,"relics_obtained":[{"floor":8,"key":"Meat on the Bone"},{"floor":9,"key":"Tiny Chest"},{"floor":13,"key":"Sundial"}],"event_choices":[{"cards_removed":["Hello World"],"damage_healed":59,"gold_gain":0,"player_choice":"Offered Uncommon","damage_taken":0,"max_hp_gain":0,"max_hp_loss":0,"event_name":"Bonfire Elementals","floor":11,"gold_loss":0}],"is_beta":false,"boss_relics":[],"items_purged_floors":[3],"is_endless":false,"potions_floor_spawned":[2,8,13],"killed_by":"The Guardian","ascension_level":3}