{"gold_per_floor":[112,128,128,145,145,145,172,172,172,201,217,217],"floor_reached":12,"playtime":793,"items_purged":[],"score":92,"play_id":"25250be0-9a2b-41a4-be78-d30be1b627c4","local_time":"20190210155153","is_ascension_mode":true,"campfire_choices":[{"data":"Dualcast","floor":6,"key":"SMITH"},{"data":"Zap","floor":8,"key":"SMITH"}],"neow_cost":"NONE","seed_source_timestamp":230783860753379,"circlet_count":0,"master_deck":["Strike_B","Strike_B","Strike_B","Strike_B","Defend_B","Defend_B","Defend_B","Defend_B","Zap+1","Dualcast+1","All For One","Consume+1","Coolheaded+1","Steam Power+1","Fusion+1","Loop"],"relics":["Cracked Core","Toxic Egg 2","Mercury Hourglass","Centennial Puzzle","Torii"],"potions_floor_usage":[12,12],"damage_taken":[{"damage":0,"enemies":"Cultist","floor":1,"turns":3},{"damage":10,"enemies":"Small Slimes","floor":2,"turns":3},{"damage":0,"enemies":"2 Louse","floor":4,"turns":3},{"damage":26,"enemies":"Lagavulin","floor":7,"turns":5},{"damage":19,"enemies":"Gremlin Nob","floor":10,"turns":4},{"damage":6,"enemies":"Exordium Wildlife","floor":11,"turns":3},{"damage":8,"enemies":"3 Sentries","floor":12,"turns":2}],"seed_played":"6834114351647731183","potions_obtained":[{"floor":1,"key":"SmokeBomb"},{"floor":7,"key":"LiquidBronze"},{"floor":11,"key":"SkillPotion"}],"is_trial":false,"path_per_floor":["M","?","?","M"],"character_chosen":"DEFECT","items_purchased":[],"campfire_rested":0,"item_purchase_floors":[],"current_hp_per_floor":[75,65,53,53,53,53,27,27,27,8,2,0],"gold":217,"neow_bonus":"ONE_RANDOM_RARE_CARD","is_prod":false,"is_daily":false,"chose_seed":false,"campfire_upgraded":2,"win_rate":0,"timestamp":1549810313,"path_taken":["M","?","?","M","?","R","E","R","T","E","?","E"],"build_version":"2019-01-23","purchased_purges":0,"victory":false,"max_hp_per_floor":[75,75,75,75,75,75,75,75,75,75,75,75],"card_choices":[{"not_picked":["Aggregate","Static Discharge"],"picked":"Consume","floor":1},{"not_picked":["Rebound","Beam Cell","Barrage"],"picked":"SKIP","floor":2},{"not_picked":["Conserve Battery+1","Double Energy+1"],"picked":"Coolheaded+1","floor":4},{"not_picked":["Heatsinks","Hyperbeam"],"picked":"Steam Power+1","floor":7},{"not_picked":["Force Field+1","Ball Lightning"],"picked":"Fusion+1","floor":10},{"not_picked":["Consume+1","Genetic Algorithm+1"],"picked":"Loop","floor":11}],"player_experience":67699,"relics_obtained":[{"floor":7,"key":"Mercury Hourglass"},{"floor":9,"key":"Centennial Puzzle"},{"floor":10,"key":"Torii"}],"event_choices":[{"damage_healed":0,"gold_gain":0,"player_choice":"Success","damage_taken":12,"relics_obtained":["Toxic Egg 2"],"max_hp_gain":0,"max_hp_loss":0,"event_name":"Scrap Ooze","floor":3,"gold_loss":0},{"damage_healed":0,"gold_gain":0,"player_choice":"Upgraded","damage_taken":0,"max_hp_gain":0,"max_hp_loss":0,"event_name":"Upgrade Shrine","floor":5,"gold_loss":0,"cards_upgraded":["Consume"]}],"is_beta":false,"boss_relics":[],"items_purged_floors":[],"is_endless":false,"potions_floor_spawned":[1,7,11],"killed_by":"3 Sentries","ascension_level":1}