{"gold_per_floor":[118,136,136,155,96,96,124,144,144,144,144,171,182,232,232,311,311,321,339,214,214,79,104,104,104,104,130,130,130,130,150,150,222,222,235,235,235,235,250,250,305,305,305,30,30,45,72,84,84,84],"floor_reached":51,"playtime":2059,"items_purged":["Defend_B","ReplayTheSpireMod:Reroute Power","Defend_B","Pain"],"score":1774,"play_id":"2f57b3e7-ea40-4614-a5cb-c1854f5f1e9c","local_time":"20190209223759","is_ascension_mode":true,"campfire_choices":[{"floor":6,"key":"REST"},{"floor":10,"key":"REST"},{"floor":15,"key":"REST"},{"data":"strawberrySpire:HateBit","floor":25,"key":"SMITH"},{"data":"strawberrySpire:SearchEngine","floor":30,"key":"SMITH"},{"data":"hubris:DuctTapeCard","floor":32,"key":"SMITH"},{"data":"Hologram","floor":40,"key":"SMITH"},{"data":"strawberrySpire:AngeryBot","floor":45,"key":"SMITH"},{"data":"Machine Learning","floor":49,"key":"SMITH"}],"neow_cost":"","seed_source_timestamp":307566454027243,"circlet_count":0,"master_deck":["AscendersBane","Strike_B","Strike_B","Strike_B","Strike_B","Defend_B","Defend_B","Zap","Dualcast","strawberrySpire:HateBit+1","Violence","Swift Strike","Rip and Tear","Go for the Eyes","strawberrySpire:SearchEngine+1","Steam+1","strawberrySpire:ExtraUtilities","Gash","strawberrySpire:AnotherWinter","Go for the Eyes","Conserve Battery","Compile Driver","ReplayTheSpireMod:Omega Cannon","Conserve Battery","Conserve Battery","Sweeping Beam","hubris:DuctTapeCard+2","Hologram+1","Sweeping Beam","Machine Learning+1","Rebound","Flash of Steel","strawberrySpire:AngeryBot+1","FTL+1"],"relics":["Cracked Core","Gambling Chip","hubris:GlazedTorus","Onion Ring","hubris:MysteriousPyramids","Anchor","strawberrySpire:KineticCharger","Juzu Bracelet","hubris:Backtick","m_ByrdBlood","theJungle:BirthdayCakeSlice","theJungle:Flamango","Quantum Egg","hubris:DuctTape","Letter Opener","The Courier","Busted Crown","WarpedTongs","Incense Burner","strawberrySpire:TinySteamboat","hubris:DeckOfHolding","Replay:Wax Seal"],"potions_floor_usage":[16,33],"damage_taken":[{"damage":0,"enemies":"2 Louse","floor":1,"turns":2},{"damage":4,"enemies":"Jaw Worm","floor":2,"turns":2},{"damage":0,"enemies":"Cultist","floor":4,"turns":2},{"damage":14,"enemies":"3 Sentries","floor":7,"turns":5},{"damage":8,"enemies":"Blue Slaver","floor":8,"turns":2},{"damage":15,"enemies":"Lagavulin","floor":12,"turns":3},{"damage":0,"enemies":"3 Louse","floor":13,"turns":2},{"damage":27,"enemies":"Fading Forest","floor":16,"turns":11},{"damage":0,"enemies":"theJungle:MUSHROOMGANG","floor":18,"turns":1},{"damage":13,"enemies":"theJungle:5_Spyders","floor":19,"turns":5},{"damage":17,"enemies":"theJungle:Cassacara","floor":23,"turns":3},{"damage":0,"enemies":"theJungle:MamaSnecko","floor":27,"turns":3},{"damage":0,"enemies":"Snake Plant","floor":31,"turns":2},{"damage":82,"enemies":"theJungle:TotemBoss","floor":33,"turns":6},{"damage":0,"enemies":"Orb Walker","floor":35,"turns":1},{"damage":18,"enemies":"3 Shapes","floor":39,"turns":1},{"damage":1,"enemies":"2 Orb Walkers","floor":41,"turns":2},{"damage":0,"enemies":"Sphere and 2 Shapes","floor":46,"turns":1},{"damage":20,"enemies":"Nemesis","floor":47,"turns":3},{"damage":0,"enemies":"4 Shapes","floor":48,"turns":2},{"damage":59,"enemies":"Time Eater","floor":50,"turns":6}],"seed_played":"3773716219497236627","potions_obtained":[{"floor":7,"key":"Ancient Potion"},{"floor":12,"key":"SkillPotion"},{"floor":19,"key":"Explosive Potion"},{"floor":28,"key":"Block Potion"},{"floor":31,"key":"Swift Potion"},{"floor":41,"key":"SkillPotion"}],"is_trial":false,"path_per_floor":["M","M","?","M","?","R","E","M","T","R","T","E","M","T","R","B",null,"M","M","$","?","?","E","T","R","T","E","?","?","R","M","R","B",null,"M","?","?","?","M","R","?","T","T","$","R","M","E","M","R","B",null],"character_chosen":"DEFECT","items_purchased":["strawberrySpire:HateBit","Violence","Swift Strike","Rip and Tear","Go for the Eyes","strawberrySpire:SearchEngine","Steam+1","strawberrySpire:ExtraUtilities","Flash of Steel","strawberrySpire:AngeryBot"],"campfire_rested":3,"item_purchase_floors":[0,0,0,0,0,0,0,0,44,44],"current_hp_per_floor":[22,18,7,7,7,28,14,6,6,27,27,12,12,12,33,6,55,61,61,61,66,66,62,62,62,62,75,75,65,65,78,78,14,64,77,77,77,77,67,67,74,74,74,74,74,81,69,81,81,32],"gold":84,"neow_bonus":"","is_prod":false,"is_daily":false,"chose_seed":false,"campfire_upgraded":6,"win_rate":0,"timestamp":1549712279,"path_taken":["M","M","?","M","?","R","E","M","T","R","?","E","?","?","R","BOSS","M","M","$","?","?","E","?","R","T","E","?","?","R","M","R","BOSS","M","?","?","?","M","R","?","?","T","?","R","M","E","M","R","BOSS"],"build_version":"2019-01-23","purchased_purges":4,"victory":true,"max_hp_per_floor":[71,71,71,71,71,71,71,71,71,71,71,71,71,71,71,71,71,71,71,71,76,76,76,76,76,76,76,76,81,81,81,81,81,81,81,81,81,81,81,81,81,81,81,81,81,81,81,81,81,81],"card_choices":[{"not_picked":["Streamline","Stack"],"picked":"Beam Cell","floor":1},{"not_picked":["Steam","Capacitor"],"picked":"Go for the Eyes","floor":2},{"not_picked":["Compile Driver","Turbo"],"picked":"Gash","floor":4},{"not_picked":["strawberrySpire:Disconnect","Sweeping Beam"],"picked":"strawberrySpire:AnotherWinter","floor":7},{"not_picked":["strawberrySpire:Compressor","Ball Lightning"],"picked":"Go for the Eyes","floor":8},{"not_picked":["strawberrySpire:NeonFlight","strawberrySpire:SearchEngine"],"picked":"Conserve Battery","floor":12},{"not_picked":["ReplayTheSpireMod:Repulse","strawberrySpire:DataDump"],"picked":"Compile Driver","floor":13},{"not_picked":["strawberrySpire:Ronchyble","strawberrySpire:AnotherWinter"],"picked":"ReplayTheSpireMod:Omega Cannon","floor":16},{"not_picked":["strawberrySpire:Disconnect","Redo+1"],"picked":"Conserve Battery","floor":18},{"not_picked":["Hello World","strawberrySpire:Compressor"],"picked":"Conserve Battery","floor":19},{"not_picked":["Aggregate","Steam"],"picked":"Sweeping Beam","floor":23},{"not_picked":["Reinforced Body","Stack"],"picked":"Hologram","floor":27},{"not_picked":["Turbo","Barrage"],"picked":"Sweeping Beam","floor":31},{"not_picked":["hubris:SpecializedCircuitry","Thunder Strike"],"picked":"Machine Learning","floor":33},{"not_picked":[],"picked":"Rebound","floor":35},{"not_picked":["Stack"],"picked":"SKIP","floor":39},{"not_picked":[],"picked":"FTL+1","floor":46},{"not_picked":["Chaos"],"picked":"SKIP","floor":47},{"not_picked":["Turbo"],"picked":"SKIP","floor":48}],"player_experience":417437,"relics_obtained":[{"floor":7,"key":"Onion Ring"},{"floor":9,"key":"hubris:MysteriousPyramids"},{"floor":11,"key":"Anchor"},{"floor":12,"key":"strawberrySpire:KineticCharger"},{"floor":14,"key":"Juzu Bracelet"},{"floor":23,"key":"Quantum Egg"},{"floor":24,"key":"hubris:DuctTape"},{"floor":26,"key":"Letter Opener"},{"floor":27,"key":"The Courier"},{"floor":41,"key":"Incense Burner"},{"floor":42,"key":"strawberrySpire:TinySteamboat"},{"floor":43,"key":"hubris:DeckOfHolding"},{"floor":47,"key":"Replay:Wax Seal"}],"event_choices":[{"damage_healed":0,"gold_gain":0,"player_choice":"Fled","damage_taken":11,"max_hp_gain":0,"max_hp_loss":0,"event_name":"Scrap Ooze","floor":3,"gold_loss":0},{"damage_healed":0,"gold_gain":0,"player_choice":"Left Gold","damage_taken":0,"max_hp_gain":0,"max_hp_loss":0,"event_name":"World of Goop","floor":5,"gold_loss":59},{"damage_healed":0,"gold_gain":0,"player_choice":"Got Potions","damage_taken":0,"max_hp_gain":0,"max_hp_loss":0,"event_name":"Lab","floor":28,"gold_loss":0},{"damage_healed":0,"gold_gain":0,"player_choice":"Rummage","damage_taken":0,"relics_obtained":["WarpedTongs"],"max_hp_gain":0,"max_hp_loss":0,"event_name":"Accursed Blacksmith","floor":36,"gold_loss":0,"cards_obtained":["Pain"]},{"damage_healed":0,"gold_gain":0,"player_choice":"Memory 1","damage_taken":0,"max_hp_gain":0,"max_hp_loss":0,"event_name":"SensoryStone","floor":37,"gold_loss":0},{"damage_healed":0,"gold_gain":0,"player_choice":"Ignored","damage_taken":0,"max_hp_gain":0,"max_hp_loss":0,"event_name":"Tomb of Lord Red Mask","floor":38,"gold_loss":0},{"damage_healed":0,"gold_gain":0,"player_choice":"Fight","damage_taken":0,"max_hp_gain":0,"max_hp_loss":0,"event_name":"Mysterious Sphere","floor":41,"gold_loss":0}],"is_beta":false,"boss_relics":[{"not_picked":["halation:Risk","FrozenCore"],"picked":"hubris:Backtick"},{"not_picked":["halation:MonkeysPaw","Snecko Eye"],"picked":"Busted Crown"}],"items_purged_floors":[0,0,20,44],"is_endless":false,"potions_floor_spawned":[7,12,13,19,23,31,41,46],"ascension_level":18}