{"gold_per_floor":[118,137,83,155,72,72,87,87,111,140,158,170,183,30,30,135,135,148,148,163,15,28,28,42,42,42,42,42,58,70,20,20,124,124,144,94,114,159,559,559,586,586,586,586,586,603,615,634,634,634],"floor_reached":50,"playtime":2726,"items_purged":["Writhe","Normality"],"score":573,"play_id":"0371bf6a-6153-473f-916c-e2fd850f5ffa","local_time":"20190119072532","is_ascension_mode":true,"campfire_choices":[{"data":"Blur","floor":6,"key":"SMITH"},{"floor":8,"key":"REST"},{"floor":15,"key":"REST"},{"data":"Infinite Blades","floor":23,"key":"SMITH"},{"data":"Cloak And Dagger","floor":25,"key":"SMITH"},{"data":"Crippling Poison","floor":28,"key":"SMITH"},{"data":"Adrenaline","floor":32,"key":"SMITH"},{"data":"Envenom","floor":40,"key":"SMITH"},{"data":"After Image","floor":42,"key":"SMITH"},{"data":"Accuracy","floor":44,"key":"SMITH"},{"floor":49,"key":"REST"}],"neow_cost":"PERCENT_DAMAGE","seed_source_timestamp":210154141385129,"circlet_count":0,"master_deck":["Defend_G","Defend_G","Defend_G","Defend_G","Defend_G","Strike_G","Strike_G","Strike_G","Strike_G","Strike_G","Survivor","Neutralize","Blur+1","Underhanded Strike","Cloak And Dagger+1","Accuracy+1","Unload","Dagger Throw","Crippling Poison+1","Endless Agony","Infinite Blades+1","Good Instincts","Bullet Time","Bouncing Flask","Blade Dance+1","PiercingWail","Noxious Fumes+1","Deflect","Adrenaline+1","Envenom+1","Shame","Clumsy","Tactician+1","Prepared+1","Cloak And Dagger+1","Bane+1","After Image+1","Adrenaline+1","Outmaneuver+1","Underhanded Strike+1","Endless Agony+1"],"relics":["Ring of the Snake","Tingsha","Anchor","Smiling Mask","Torii","Eternal Feather","Snake Skull","Orichalcum","Darkstone Periapt","Calling Bell","Bag of Preparation","Molten Egg 2","Ice Cream","Nunchaku","Old Coin","Ginger","Bottled Tornado"],"potions_floor_usage":[20,33,39,41,46,50],"damage_taken":[{"damage":0,"enemies":"2 Louse","floor":1,"turns":3},{"damage":0,"enemies":"Cultist","floor":2,"turns":5},{"damage":0,"enemies":"Small Slimes","floor":7,"turns":4},{"damage":34,"enemies":"3 Sentries","floor":10,"turns":15},{"damage":0,"enemies":"Looter","floor":11,"turns":3},{"damage":0,"enemies":"Exordium Wildlife","floor":12,"turns":3},{"damage":0,"enemies":"2 Fungi Beasts","floor":13,"turns":4},{"damage":24,"enemies":"The Guardian","floor":16,"turns":12},{"damage":13,"enemies":"2 Thieves","floor":18,"turns":5},{"damage":0,"enemies":"Chosen","floor":20,"turns":4},{"damage":18,"enemies":"Centurion and Healer","floor":22,"turns":8},{"damage":11,"enemies":"Cultist and Chosen","floor":24,"turns":7},{"damage":8,"enemies":"Snake Plant","floor":29,"turns":4},{"damage":1,"enemies":"Shelled Parasite and Fungi","floor":30,"turns":5},{"damage":93,"enemies":"Champ","floor":33,"turns":12},{"damage":8,"enemies":"Orb Walker","floor":35,"turns":4},{"damage":1,"enemies":"3 Shapes","floor":37,"turns":4},{"damage":3,"enemies":"2 Orb Walkers","floor":38,"turns":4},{"damage":1,"enemies":"Mind Bloom Boss Battle","floor":39,"turns":4},{"damage":71,"enemies":"Giant Head","floor":41,"turns":8},{"damage":1,"enemies":"Writhing Mass","floor":46,"turns":4},{"damage":47,"enemies":"Sphere and 2 Shapes","floor":47,"turns":5},{"damage":16,"enemies":"Jaw Worm Horde","floor":48,"turns":5},{"damage":71,"enemies":"Awakened One","floor":50,"turns":11}],"seed_played":"-3335909821648927838","potions_obtained":[{"floor":7,"key":"FairyPotion"},{"floor":10,"key":"Weak Potion"},{"floor":11,"key":"FairyPotion"},{"floor":18,"key":"SkillPotion"},{"floor":29,"key":"SteroidPotion"},{"floor":30,"key":"AttackPotion"},{"floor":38,"key":"Dexterity Potion"},{"floor":39,"key":"AttackPotion"},{"floor":41,"key":"Swift Potion"},{"floor":47,"key":"Poison Potion"}],"is_trial":false,"path_per_floor":["M","M","$","?","?","R","M","R","T","E","M","M","M","$","R","B",null,"M","?","M","$","M","R","M","R","T","?","R","M","M","$","R","B",null,"M","$","M","?","?","R","E","R","T","R","?","M","M","M","R","B"],"character_chosen":"THE_SILENT","items_purchased":["Cloak And Dagger","Infinite Blades","Good Instincts","Snake Skull"],"campfire_rested":3,"item_purchase_floors":[3,14,14,21],"current_hp_per_floor":[49,49,49,49,49,49,49,70,70,36,36,36,36,36,57,33,70,57,70,70,70,52,67,56,70,70,76,76,68,67,67,76,7,94,86,86,85,82,81,94,23,44,44,65,65,64,17,1,53,0],"gold":634,"neow_bonus":"ONE_RARE_RELIC","is_prod":false,"is_daily":false,"chose_seed":false,"campfire_upgraded":8,"win_rate":0,"timestamp":1547900732,"path_taken":["M","M","$","?","?","R","?","R","T","E","M","M","M","$","R","BOSS","M","?","M","$","M","R","M","R","T","?","R","M","M","$","R","BOSS","M","$","M","?","?","R","E","R","T","R","?","M","M","M","R","BOSS"],"build_version":"2019-01-17v2","purchased_purges":2,"victory":false,"max_hp_per_floor":[70,70,70,70,70,70,70,70,70,70,70,70,70,70,70,70,70,70,70,70,70,70,70,70,70,70,76,76,76,76,76,76,76,94,94,94,94,94,94,94,94,94,94,94,94,94,94,94,94,94],"card_choices":[{"not_picked":["Acrobatics","Riddle With Holes"],"picked":"Blur","floor":1},{"not_picked":["Acrobatics","PiercingWail"],"picked":"Underhanded Strike","floor":2},{"not_picked":["Outmaneuver","Slice"],"picked":"Accuracy","floor":7},{"not_picked":["PiercingWail","Bouncing Flask"],"picked":"Unload","floor":10},{"not_picked":["Setup","Underhanded Strike"],"picked":"Dagger Throw","floor":11},{"not_picked":["Outmaneuver","Bane"],"picked":"Crippling Poison","floor":12},{"not_picked":["All Out Attack","Poisoned Stab"],"picked":"Endless Agony","floor":13},{"not_picked":["Grand Finale","Glass Knife"],"picked":"Bullet Time","floor":16},{"not_picked":["Blur","Cloak And Dagger"],"picked":"Bouncing Flask","floor":18},{"not_picked":["Flying Knee","Bane"],"picked":"Blade Dance+1","floor":20},{"not_picked":["Quick Slash+1","Acrobatics"],"picked":"PiercingWail","floor":22},{"not_picked":["Riddle With Holes","Predator"],"picked":"Noxious Fumes+1","floor":24},{"not_picked":["Flechettes","Dash"],"picked":"Deflect","floor":29},{"not_picked":["Setup","Dagger Throw"],"picked":"Adrenaline","floor":30},{"not_picked":["Grand Finale","Unload"],"picked":"Envenom","floor":33},{"not_picked":["Footwork+1","Slice+1"],"picked":"Tactician+1","floor":35},{"not_picked":["Underhanded Strike+1","Caltrops+1"],"picked":"Prepared+1","floor":37},{"not_picked":["Endless Agony+1","Noxious Fumes"],"picked":"Cloak And Dagger+1","floor":38},{"not_picked":["Prepared+1","Reflex+1"],"picked":"Bane+1","floor":39},{"not_picked":["Prepared","Backflip"],"picked":"After Image","floor":41},{"not_picked":["Bane+1","Heel Hook+1"],"picked":"Outmaneuver+1","floor":46},{"not_picked":["Outmaneuver","Dagger Spray+1"],"picked":"Underhanded Strike+1","floor":47},{"not_picked":["Dagger Spray+1","Deadly Poison"],"picked":"Endless Agony+1","floor":48}],"player_experience":127042,"relics_obtained":[{"floor":9,"key":"Smiling Mask"},{"floor":10,"key":"Torii"},{"floor":26,"key":"Orichalcum"},{"floor":34,"key":"Bag of Preparation"},{"floor":34,"key":"Molten Egg 2"},{"floor":34,"key":"Ice Cream"},{"floor":38,"key":"Nunchaku"},{"floor":39,"key":"Old Coin"},{"floor":41,"key":"Ginger"},{"floor":43,"key":"Bottled Tornado"}],"event_choices":[{"damage_healed":0,"gold_gain":72,"player_choice":"Gained Gold","damage_taken":0,"max_hp_gain":0,"max_hp_loss":0,"event_name":"Golden Wing","floor":4,"gold_loss":0},{"damage_healed":0,"gold_gain":0,"player_choice":"Paid Gold","damage_taken":0,"relics_obtained":["Anchor"],"max_hp_gain":0,"max_hp_loss":0,"event_name":"WeMeetAgain","floor":5,"gold_loss":83},{"damage_healed":23,"gold_gain":0,"player_choice":"Heal","damage_taken":0,"max_hp_gain":0,"max_hp_loss":0,"event_name":"The Library","floor":19,"gold_loss":0},{"damage_healed":0,"gold_gain":0,"player_choice":"Opened","damage_taken":0,"relics_obtained":["Darkstone Periapt"],"max_hp_gain":0,"max_hp_loss":0,"event_name":"The Mausoleum","floor":27,"gold_loss":0,"cards_obtained":["Writhe"]},{"damage_healed":0,"gold_gain":0,"player_choice":"Fight","damage_taken":0,"max_hp_gain":0,"max_hp_loss":0,"event_name":"Mysterious Sphere","floor":38,"gold_loss":0},{"damage_healed":0,"gold_gain":0,"player_choice":"Fight","damage_taken":0,"max_hp_gain":0,"max_hp_loss":0,"event_name":"MindBloom","floor":39,"gold_loss":0},{"damage_healed":0,"gold_gain":0,"player_choice":"Copied","damage_taken":0,"max_hp_gain":0,"max_hp_loss":0,"event_name":"Duplicator","floor":45,"gold_loss":0,"cards_obtained":["Adrenaline"]}],"is_beta":false,"boss_relics":[{"not_picked":["Busted Crown","Fusion Hammer"],"picked":"Eternal Feather"},{"not_picked":["Philosopher\u0027s Stone","Sozu"],"picked":"Calling Bell"}],"items_purged_floors":[31,36],"is_endless":false,"potions_floor_spawned":[7,10,11,12,13,18,29,30,38,39,41,47],"killed_by":"Awakened One","ascension_level":1}