{"gold_per_floor":[118,128,228,228,243,243,287,307,307,328,328,348,386,407,407,537,537,560,585,123,123,123,123,159,159,159,190,211,211,227,267,267,397,397,422,755,771,771,771,804,356,384,384,384,384],"floor_reached":45,"playtime":3630,"items_purged":["Strike_B","Strike_B+1"],"score":891,"play_id":"a36f3842-1c9c-4422-9a64-97da710bb01e","local_time":"20180929121228","is_ascension_mode":true,"campfire_choices":[{"data":"Zap","floor":6.0,"key":"SMITH"},{"floor":11.0,"key":"REST"},{"data":"White Noise","floor":15.0,"key":"SMITH"},{"data":"Loop","floor":23.0,"key":"SMITH"},{"data":"Electrodynamics","floor":25.0,"key":"SMITH"},{"data":"Static Discharge","floor":32.0,"key":"SMITH"},{"data":"Force Field","floor":44,"key":"SMITH"}],"neow_cost":"NONE","seed_source_timestamp":0,"circlet_count":0,"master_deck":["Strike_B+1","Defend_B+1","Defend_B+1","Defend_B+1","Defend_B+1","Zap+1","Dualcast","AscendersBane","Self Repair","Steam","Consume","White Noise+1","Loop+1","Auto Shields","Force Field+1","Electrodynamics+1","Chill+1","Skim","Auto Shields","Tempest","Electrodynamics","Meteor Strike","Reinforced Body","Machine Learning","Coolheaded+1"],"special_seed":0,"relics":["Cracked Core","Centennial Puzzle","Oddly Smooth Stone","Mummified Hand","Pocketwatch","Coffee Dripper","Turnip","Smiling Mask","Bag of Marbles","Mercury Hourglass","StoneCalendar","Sozu","Du-Vu Doll","Cables","Bag of Preparation","Frozen Egg 2","Calipers"],"potions_floor_usage":[],"damage_taken":[{"damage":0.0,"enemies":"Small Slimes","floor":1.0,"turns":3.0},{"damage":1.0,"enemies":"Cultist","floor":2.0,"turns":3.0},{"damage":1.0,"enemies":"2 Louse","floor":5.0,"turns":2.0},{"damage":34.0,"enemies":"3 Sentries","floor":7.0,"turns":6.0},{"damage":0.0,"enemies":"Looter","floor":8.0,"turns":3.0},{"damage":8.0,"enemies":"Red Slaver","floor":10.0,"turns":3.0},{"damage":26.0,"enemies":"Exordium Wildlife","floor":12.0,"turns":5.0},{"damage":15.0,"enemies":"Gremlin Nob","floor":13.0,"turns":4.0},{"damage":2.0,"enemies":"2 Fungi Beasts","floor":14.0,"turns":4.0},{"damage":3.0,"enemies":"Slime Boss","floor":16.0,"turns":7.0},{"damage":0.0,"enemies":"Spheric Guardian","floor":18.0,"turns":3.0},{"damage":10.0,"enemies":"Chosen","floor":19.0,"turns":5.0},{"damage":20.0,"enemies":"Slavers","floor":24.0,"turns":4.0},{"damage":5.0,"enemies":"Book of Stabbing","floor":27.0,"turns":6.0},{"damage":0.0,"enemies":"3 Cultists","floor":28.0,"turns":4.0},{"damage":6.0,"enemies":"Sentry and Sphere","floor":30.0,"turns":4.0},{"damage":11.0,"enemies":"Slavers","floor":31.0,"turns":4.0},{"damage":38.0,"enemies":"Champ","floor":33.0,"turns":9.0},{"damage":6.0,"enemies":"Orb Walker","floor":35.0,"turns":1.0},{"damage":0.0,"enemies":"3 Darklings","floor":37.0,"turns":3.0},{"damage":36.0,"enemies":"2 Orb Walkers","floor":40.0,"turns":4.0},{"damage":29.0,"enemies":"Giant Head","floor":42.0,"turns":11.0},{"damage":17,"enemies":"Nemesis","floor":45,"turns":2}],"seed_played":"5740265393385483925","potions_obtained":[{"floor":5.0,"key":"LiquidBronze"},{"floor":7.0,"key":"GamblersBrew"},{"floor":13.0,"key":"Regen Potion"},{"floor":14.0,"key":"Explosive Potion"},{"floor":27.0,"key":"LiquidBronze"},{"floor":31.0,"key":"Poison Potion"}],"is_trial":false,"path_per_floor":["M","M","?","?","M","R","E","M","T","M","R","M","E","M","R","B",null,"M","M","$","?","?","R","E","R","T","E","M","?","M","E","R","B",null,"M","?","M","?","?","E","$","E","T","R"],"character_chosen":"DEFECT","items_purchased":["Turnip","Auto Shields","Cables","Bag of Preparation"],"campfire_rested":1,"item_purchase_floors":[20,20,41,41],"current_hp_per_floor":[68,74,74,56,62,62,28,35,35,34,56,37,29,46,46,50,69,75,72,72,72,72,72,59,59,59,61,68,54,55,44,44,13,63,57,57,64,64,64,35,35,13,13,13,0],"gold":384,"neow_bonus":"RANDOM_COMMON_RELIC","is_prod":false,"is_daily":false,"chose_seed":false,"campfire_upgraded":6,"win_rate":0,"timestamp":1538215948,"path_taken":["M","M","?","?","M","R","E","M","T","M","R","M","E","M","R","BOSS","M","M","$","?","?","R","E","R","T","E","M","?","?","E","R","BOSS","M","?","M","?","?","E","$","E","T","R","E"],"build_version":"2018-09-27","purchased_purges":2,"victory":false,"max_hp_per_floor":[75,75,75,75,75,75,75,75,75,75,75,75,75,75,75,75,75,75,75,75,75,75,75,75,75,75,75,75,80,80,80,80,80,80,80,80,80,80,80,80,80,80,80,80,80],"card_choices":[{"not_picked":["Compile Driver","Streamline"],"picked":"Self Repair","floor":1.0},{"not_picked":["Hologram","Scrape"],"picked":"Steam","floor":2.0},{"not_picked":["Go for the Eyes","Gash"],"picked":"Consume","floor":5.0},{"not_picked":["Compile Driver","Rebound"],"picked":"White Noise","floor":7.0},{"not_picked":["Gash","Hologram"],"picked":"Loop","floor":8.0},{"not_picked":["Go for the Eyes","Turbo","Beam Cell"],"picked":"SKIP","floor":10.0},{"not_picked":["Turbo","Genetic Algorithm"],"picked":"Auto Shields","floor":12.0},{"not_picked":["Core Surge","Coolheaded"],"picked":"Force Field","floor":13.0},{"not_picked":["Consume","Rip and Tear","Go for the Eyes"],"picked":"SKIP","floor":14.0},{"not_picked":["Hyperbeam","All For One"],"picked":"Electrodynamics","floor":16.0},{"not_picked":["Sweeping Beam","Conserve Battery"],"picked":"Chill+1","floor":18.0},{"not_picked":["Stack","Turbo"],"picked":"Skim","floor":19.0},{"not_picked":["Compile Driver","Darkness+1"],"picked":"Tempest","floor":24.0},{"not_picked":["Turbo","Reprogram"],"picked":"Static Discharge","floor":27.0},{"not_picked":["Gash","Streamline","Beam Cell"],"picked":"SKIP","floor":28.0},{"not_picked":["Rebound","Ball Lightning","FTL"],"picked":"SKIP","floor":30.0},{"not_picked":["Coolheaded","Conserve Battery"],"picked":"Electrodynamics","floor":31.0},{"not_picked":["Hyperbeam","Electrodynamics"],"picked":"Meteor Strike","floor":33.0},{"not_picked":["Ball Lightning+1","Rebound","Lockon"],"picked":"SKIP","floor":35.0},{"not_picked":["Redo","Chaos"],"picked":"Reinforced Body","floor":37.0},{"not_picked":["Chill","Double Energy"],"picked":"Machine Learning","floor":40.0},{"not_picked":["Leap","Gash"],"picked":"Coolheaded+1","floor":42.0}],"player_experience":455779,"relics_obtained":[{"floor":7.0,"key":"Oddly Smooth Stone"},{"floor":9.0,"key":"Mummified Hand"},{"floor":13.0,"key":"Pocketwatch"},{"floor":24.0,"key":"Smiling Mask"},{"floor":26.0,"key":"Bag of Marbles"},{"floor":27.0,"key":"Mercury Hourglass"},{"floor":31.0,"key":"StoneCalendar"},{"floor":40.0,"key":"Du-Vu Doll"},{"floor":42.0,"key":"Frozen Egg 2"},{"floor":43.0,"key":"Calipers"}],"event_choices":[{"event_name":"Golden Shrine","player_choice":"Pray","floor":3.0,"damage_taken":0.0},{"event_name":"Golden Idol","player_choice":"Take Damage","floor":4.0,"damage_taken":0.0},{"event_name":"Back to Basics","player_choice":"Simplicity","floor":21.0,"damage_taken":0.0},{"event_name":"Bonfire Elementals","player_choice":"BASIC","floor":22.0,"damage_taken":0.0},{"event_name":"Forgotten Altar","player_choice":"Shed Blood","floor":29.0,"damage_taken":0.0},{"event_name":"The Moai Head","player_choice":"Gave Idol","floor":36.0,"damage_taken":0.0},{"event_name":"Falling","player_choice":"Removed Power","floor":38.0,"damage_taken":0.0},{"event_name":"Tomb of Lord Red Mask","player_choice":"Ignored","floor":39.0,"damage_taken":0.0}],"is_beta":false,"boss_relics":[{"not_picked":["Astrolabe","Runic Dome"],"picked":"Coffee Dripper"},{"not_picked":["Empty Cage","Philosopher\u0027s Stone"],"picked":"Sozu"}],"items_purged_floors":[20,41],"is_endless":false,"potions_floor_spawned":[5,7,13,14,27,28,31,42],"killed_by":"Nemesis","ascension_level":12}