{"gold_per_floor":[117,135,153,228,228,247,247,288,288,306,339,339,18,36,36,36],"floor_reached":16,"playtime":971,"items_purged":["Strike_B"],"score":179,"play_id":"460d1f89-06a1-4e22-86b1-a0993e1621e2","local_time":"20180917213355","is_ascension_mode":true,"campfire_choices":[{"floor":12,"key":"REST"},{"data":"Auto Shields","floor":15,"key":"SMITH"}],"neow_cost":"NONE","seed_source_timestamp":0,"circlet_count":0,"master_deck":["Defend_B","Defend_B","Defend_B","Defend_B","Zap","Dualcast","AscendersBane","Cold Snap","Streamline+1","Auto Shields+1","All For One","Reboot"],"special_seed":0,"relics":["Astrolabe","Golden Idol","Juzu Bracelet","Centennial Puzzle","Bottled Lightning","Bottled Flame"],"potions_floor_usage":[8,8],"damage_taken":[{"damage":3,"enemies":"Cultist","floor":1,"turns":6},{"damage":11,"enemies":"Jaw Worm","floor":2,"turns":5},{"damage":7,"enemies":"Small Slimes","floor":3,"turns":3},{"damage":1,"enemies":"Looter","floor":6,"turns":4},{"damage":12,"enemies":"3 Sentries","floor":8,"turns":8},{"damage":3,"enemies":"Blue Slaver","floor":10,"turns":3},{"damage":16,"enemies":"Gremlin Nob","floor":11,"turns":4},{"damage":3,"enemies":"3 Louse","floor":14,"turns":3},{"damage":32,"enemies":"Slime Boss","floor":16,"turns":7}],"seed_played":"-2928032827019135123","potions_obtained":[{"floor":2,"key":"GamblersBrew"},{"floor":6,"key":"AttackPotion"},{"floor":14,"key":"FearPotion"}],"is_trial":false,"path_per_floor":["M","M","M","?","?","M","?","E","T","M","E","R","$","M","R"],"character_chosen":"DEFECT","items_purchased":["Bottled Flame"],"campfire_rested":1,"item_purchase_floors":[13],"current_hp_per_floor":[65,54,47,36,36,35,35,23,23,20,4,24,24,21,21,0],"gold":36,"neow_bonus":"BOSS_RELIC","is_prod":false,"is_daily":false,"chose_seed":false,"campfire_upgraded":1,"win_rate":0,"timestamp":1537212835,"path_taken":["M","?","M","?","?","?","?","E","T","M","E","R","?","M","R","BOSS"],"build_version":"2018-09-06","purchased_purges":1,"victory":false,"max_hp_per_floor":[75,75,75,75,75,75,69,69,69,69,69,69,69,69,69,69],"card_choices":[{"not_picked":["Hologram","Coolheaded"],"picked":"Cold Snap","floor":1},{"not_picked":["Ball Lightning","Beam Cell"],"picked":"Streamline","floor":2},{"not_picked":["Chaos","Steam"],"picked":"Auto Shields","floor":3},{"not_picked":["Go for the Eyes","Cold Snap","Tempest"],"picked":"SKIP","floor":6},{"not_picked":["Coolheaded","Scrape"],"picked":"All For One","floor":8},{"not_picked":["Go for the Eyes","Tempest","Chill"],"picked":"SKIP","floor":10},{"not_picked":["Melter","Go for the Eyes"],"picked":"Reboot","floor":11},{"not_picked":["Consume","Rebound","Go for the Eyes"],"picked":"SKIP","floor":14}],"player_experience":420379,"relics_obtained":[{"floor":8,"key":"Juzu Bracelet"},{"floor":9,"key":"Centennial Puzzle"},{"floor":11,"key":"Bottled Lightning"}],"event_choices":[{"event_name":"World of Goop","player_choice":"Gather Gold","floor":4,"damage_taken":0},{"event_name":"Living Wall","player_choice":"Grow","floor":5,"damage_taken":0},{"event_name":"Golden Idol","player_choice":"Lose Max HP","floor":7,"damage_taken":0}],"is_beta":false,"boss_relics":[],"items_purged_floors":[13],"is_endless":false,"potions_floor_spawned":[2,6,14],"killed_by":"Slime Boss","ascension_level":12}