{"gold_per_floor":[115,134,134,134,146,178,197,127,154,154,180,195,215,215],"floor_reached":14,"playtime":599,"items_purged":[],"score":128,"play_id":"43ed758c-0a52-4654-813f-35605d6c5279","local_time":"20190215145706","is_ascension_mode":true,"campfire_choices":[{"data":"Loop","floor":10,"key":"SMITH"}],"neow_cost":"NONE","seed_source_timestamp":204066611811768,"circlet_count":0,"master_deck":["Strike_B","Strike_B","Strike_B","Strike_B","Defend_B","Defend_B","Defend_B","Defend_B","Zap","Dualcast","Cold Snap","Self Repair","Conserve Battery","Capacitor","Loop+1","Loop","Biased Cognition","Go for the Eyes","BootSequence"],"relics":["Cracked Core","NeowsBlessing","Juzu Bracelet","Potion Belt","Anchor","Torii"],"potions_floor_usage":[6,6,12,13],"damage_taken":[{"damage":0,"enemies":"Cultist","floor":1,"turns":1},{"damage":0,"enemies":"Jaw Worm","floor":2,"turns":1},{"damage":0,"enemies":"Small Slimes","floor":5,"turns":1},{"damage":31,"enemies":"Gremlin Nob","floor":6,"turns":5},{"damage":12,"enemies":"Exordium Thugs","floor":7,"turns":7},{"damage":26,"enemies":"3 Sentries","floor":11,"turns":7},{"damage":1,"enemies":"Large Slime","floor":12,"turns":5},{"damage":8,"enemies":"2 Fungi Beasts","floor":13,"turns":4},{"damage":30,"enemies":"Gremlin Nob","floor":14,"turns":3}],"seed_played":"-3429374113115914618","potions_obtained":[{"floor":1,"key":"Fire Potion"},{"floor":2,"key":"LiquidBronze"},{"floor":5,"key":"Regen Potion"},{"floor":11,"key":"SpeedPotion"}],"is_trial":false,"path_per_floor":["M","?"],"character_chosen":"DEFECT","items_purchased":["Loop"],"campfire_rested":0,"item_purchase_floors":[8],"current_hp_per_floor":[75,75,75,50,50,40,35,35,35,35,16,22,14,0],"gold":215,"neow_bonus":"THREE_ENEMY_KILL","is_prod":false,"is_daily":false,"chose_seed":false,"campfire_upgraded":1,"win_rate":0,"timestamp":1550239026,"path_taken":["M","?","$","?","M","E","M","$","T","R","E","M","M","E"],"build_version":"2019-01-23","purchased_purges":0,"victory":false,"max_hp_per_floor":[75,75,75,75,75,75,75,75,75,75,75,75,75,75],"card_choices":[{"not_picked":["Rip and Tear","Beam Cell"],"picked":"Cold Snap","floor":1},{"not_picked":["Barrage","Rip and Tear"],"picked":"Self Repair","floor":2},{"not_picked":["Hologram","Lockon"],"picked":"Conserve Battery","floor":5},{"not_picked":["Consume","Tempest"],"picked":"Capacitor","floor":6},{"not_picked":["Redo","Rebound"],"picked":"Loop","floor":7},{"not_picked":["Gash","Cold Snap"],"picked":"Biased Cognition","floor":11},{"not_picked":["Ball Lightning","Barrage"],"picked":"Go for the Eyes","floor":12},{"not_picked":["Gash","White Noise"],"picked":"BootSequence","floor":13}],"player_experience":166415,"relics_obtained":[{"floor":6,"key":"Potion Belt"},{"floor":9,"key":"Anchor"},{"floor":11,"key":"Torii"}],"event_choices":[{"damage_healed":0,"gold_gain":0,"player_choice":"Success","damage_taken":25,"relics_obtained":["Juzu Bracelet"],"max_hp_gain":0,"max_hp_loss":0,"event_name":"Scrap Ooze","floor":4,"gold_loss":0}],"is_beta":false,"boss_relics":[],"items_purged_floors":[],"is_endless":false,"potions_floor_spawned":[1,2,5,11],"killed_by":"Gremlin Nob","ascension_level":5}