{"gold_per_floor":[114,114,43,43,58,58,58,73,73,88,88,103,163,178,178,278,278,293,308,82,97,112,142,142,157,182,182,182],"floor_reached":28,"playtime":1067,"items_purged":[],"score":542,"play_id":"139cd219-4135-460b-b3a8-a0450bace966","local_time":"20190220101658","daily_mods":["Insanity","Hoarder","Binary"],"is_ascension_mode":false,"campfire_choices":[{"data":"Infinite Blades","floor":6,"key":"SMITH"},{"data":"Predator","floor":11,"key":"SMITH"},{"floor":15,"key":"REST"},{"floor":24,"key":"REST"}],"neow_cost":"","seed_source_timestamp":0,"circlet_count":0,"master_deck":["Slice","Dagger Throw","Underhanded Strike","All Out Attack","Poisoned Stab","Dodge and Roll","Cloak And Dagger","Flying Knee","Sucker Punch","Dodge and Roll","Dagger Spray","Bane","Outmaneuver","Infinite Blades+1","Cloak And Dagger","Cloak And Dagger","Backflip","Riddle With Holes","Cloak And Dagger","Dodge and Roll","Bane","Prepared","Predator+1","Flying Knee","Outmaneuver","Caltrops","Underhanded Strike","Outmaneuver","Endless Agony","Backstab","Deadly Poison","Dash","Underhanded Strike","Cloak And Dagger","Setup","Deflect","Tactician","Underhanded Strike","Bouncing Flask","Leg Sweep","Cloak And Dagger","Outmaneuver","Riddle With Holes","Backflip","PiercingWail","Finisher","Cloak And Dagger","Dagger Spray","Choke","Expertise","Prepared","Prepared","Prepared","Regret","Regret","Blur","Blur","Blur","Calculated Gamble","Calculated Gamble","Calculated Gamble","Footwork","Footwork","Footwork","Crippling Poison","Crippling Poison","Crippling Poison","Bullet Time","Bullet Time","Bullet Time","Backflip","Backflip","Backflip","Escape Plan","Escape Plan","Escape Plan","Deadly Poison","Deadly Poison","Deadly Poison","Concentrate","Concentrate","Concentrate","Decay","Decay","Decay"],"special_seed":17947,"relics":["Ring of the Serpent","Darkstone Periapt","Bottled Flame","Tiny Chest","Bronze Scales","Mercury Hourglass","Potion Belt"],"potions_floor_usage":[13,16,23,23,23],"damage_taken":[{"damage":0,"enemies":"2 Louse","floor":1,"turns":1},{"damage":1,"enemies":"Small Slimes","floor":5,"turns":2},{"damage":7,"enemies":"Jaw Worm","floor":8,"turns":2},{"damage":4,"enemies":"Blue Slaver","floor":10,"turns":3},{"damage":0,"enemies":"Lots of Slimes","floor":12,"turns":4},{"damage":9,"enemies":"3 Sentries","floor":13,"turns":4},{"damage":12,"enemies":"Exordium Wildlife","floor":14,"turns":4},{"damage":24,"enemies":"The Guardian","floor":16,"turns":8},{"damage":0,"enemies":"3 Byrds","floor":18,"turns":3},{"damage":27,"enemies":"2 Thieves","floor":19,"turns":3},{"damage":22,"enemies":"Snake Plant","floor":21,"turns":4},{"damage":5,"enemies":"Snecko","floor":22,"turns":4},{"damage":14,"enemies":"Book of Stabbing","floor":23,"turns":6},{"damage":27,"enemies":"Sentry and Sphere","floor":25,"turns":6},{"damage":12,"enemies":"Centurion and Healer","floor":28,"turns":1}],"seed_played":"1081760636794799279","potions_obtained":[{"floor":10,"key":"Explosive Potion"},{"floor":13,"key":"PowerPotion"},{"floor":14,"key":"Energy Potion"},{"floor":19,"key":"GhostInAJar"},{"floor":21,"key":"Explosive Potion"},{"floor":22,"key":"GhostInAJar"}],"is_trial":false,"path_per_floor":["M","?","$","?","M","R","?","M","T","M","R","M","E","M","R","B",null,"M","M","$","M","M","E","R","M","T","?","M"],"character_chosen":"THE_SILENT","items_purchased":["Blur","Bronze Scales","Escape Plan"],"campfire_rested":2,"item_purchase_floors":[3,20,20],"current_hp_per_floor":[70,76,76,76,75,75,75,68,68,64,64,64,55,43,65,41,76,76,49,49,27,22,8,30,3,3,9,0],"gold":182,"neow_bonus":"","is_prod":false,"is_daily":true,"chose_seed":false,"campfire_upgraded":2,"win_rate":0,"timestamp":1550675818,"path_taken":["M","?","$","?","?","R","?","M","T","M","R","M","E","M","R","BOSS","M","?","$","M","M","E","R","M","T","?","M"],"build_version":"2019-01-23","purchased_purges":0,"victory":false,"max_hp_per_floor":[70,76,76,76,76,76,76,76,76,76,76,76,76,76,76,76,76,76,76,76,76,76,76,76,76,76,82,82],"card_choices":[{"not_picked":["Outmaneuver"],"picked":"Prepared","floor":1},{"not_picked":["Bane"],"picked":"Calculated Gamble","floor":5},{"not_picked":["Flying Knee","Infinite Blades"],"picked":"SKIP","floor":8},{"not_picked":["Outmaneuver","Poisoned Stab"],"picked":"SKIP","floor":10},{"not_picked":["Leg Sweep"],"picked":"Footwork","floor":12},{"not_picked":["All Out Attack","Poisoned Stab"],"picked":"SKIP","floor":13},{"not_picked":["Slice"],"picked":"Crippling Poison","floor":14},{"not_picked":["Tools of the Trade"],"picked":"Bullet Time","floor":16},{"not_picked":["Flechettes"],"picked":"Backflip","floor":18},{"not_picked":["Outmaneuver","Bane+1"],"picked":"SKIP","floor":19},{"not_picked":["Well Laid Plans"],"picked":"Deadly Poison","floor":21},{"not_picked":["Blade Dance","Backflip"],"picked":"SKIP","floor":22},{"not_picked":["Dagger Spray"],"picked":"Concentrate","floor":23},{"not_picked":["Deflect","Flechettes+1"],"picked":"SKIP","floor":25}],"player_experience":557283,"relics_obtained":[{"floor":9,"key":"Bottled Flame"},{"floor":13,"key":"Tiny Chest"},{"floor":23,"key":"Mercury Hourglass"},{"floor":26,"key":"Potion Belt"}],"event_choices":[{"damage_healed":0,"gold_gain":0,"player_choice":"Box","damage_taken":0,"relics_obtained":["Darkstone Periapt"],"max_hp_gain":0,"max_hp_loss":0,"event_name":"Big Fish","floor":2,"gold_loss":0,"cards_obtained":["Regret"]},{"damage_healed":0,"gold_gain":0,"player_choice":"Ignored","damage_taken":0,"max_hp_gain":0,"max_hp_loss":0,"event_name":"Liars Game","floor":4,"gold_loss":0},{"cards_removed":["Regret"],"damage_healed":0,"gold_gain":0,"player_choice":"Purged","damage_taken":0,"max_hp_gain":0,"max_hp_loss":0,"event_name":"Purifier","floor":7,"gold_loss":0},{"damage_healed":0,"gold_gain":0,"player_choice":"Smashed Altar","damage_taken":0,"max_hp_gain":0,"max_hp_loss":0,"event_name":"Forgotten Altar","floor":27,"gold_loss":0,"cards_obtained":["Decay"]}],"is_beta":false,"boss_relics":[{"not_picked":["Busted Crown","Ectoplasm"],"picked":"Ring of the Serpent"}],"items_purged_floors":[],"is_endless":false,"potions_floor_spawned":[10,13,14,19,21,22],"killed_by":"Centurion and Healer","ascension_level":0}