{"gold_per_floor":[111,111,111,111,131,131,152,226,301,451,28,46,60,95,95,193,193,218,218,218,218,231,231,106,123,123,0,0,16,47,47,47,125,125,141,156,167,185,64,64,75,90,113,140,152],"floor_reached":45,"playtime":1649,"items_purged":["Strike_B"],"score":826,"play_id":"5f98b192-18d1-404e-afff-bd5709eed187","local_time":"20190220184315","is_ascension_mode":true,"campfire_choices":[{"data":"Go for the Eyes","floor":6.0,"key":"SMITH"},{"data":"Loop","floor":15.0,"key":"SMITH"},{"data":"Biased Cognition","floor":23.0,"key":"SMITH"},{"data":"Dualcast","floor":28,"key":"SMITH"},{"data":"Redo","floor":32,"key":"SMITH"},{"data":"Defragment","floor":40,"key":"SMITH"}],"neow_cost":"NONE","seed_source_timestamp":684654173553934,"circlet_count":0,"master_deck":["AscendersBane","Zap+1","Dualcast+1","Coolheaded","Go for the Eyes+1","Cold Snap+1","Redo+1","Doubt","Cold Snap","BootSequence","Go for the Eyes","Loop+1","Compile Driver+1","Biased Cognition+1","Leap","Conserve Battery","Static Discharge+1","Cold Snap+1","Rainbow","Hologram","Genetic Algorithm","Fusion","Hello World","Thunder Strike","Conserve Battery","Coolheaded+1","Static Discharge+1","Skim","Parasite","Conserve Battery","Defragment","Defragment+1","Leap+1"],"special_seed":0,"relics":["Cracked Core","Orichalcum","Bloody Idol","Tiny Chest","Symbiotic Virus","Cables","Pen Nib","Runic Dome","The Courier","Whetstone","Emotion Chip","DataDisk","Ornamental Fan","Pandora\u0027s Box","MawBank"],"potions_floor_usage":[],"damage_taken":[{"damage":2.0,"enemies":"2 Louse","floor":1.0,"turns":3.0},{"damage":0.0,"enemies":"Small Slimes","floor":5.0,"turns":3.0},{"damage":0.0,"enemies":"Jaw Worm","floor":7.0,"turns":3.0},{"damage":11.0,"enemies":"Gremlin Nob","floor":8.0,"turns":6.0},{"damage":0.0,"enemies":"2 Fungi Beasts","floor":12.0,"turns":2.0},{"damage":1.0,"enemies":"Looter","floor":13.0,"turns":2.0},{"damage":3.0,"enemies":"Lagavulin","floor":14.0,"turns":5.0},{"damage":17.0,"enemies":"The Guardian","floor":16.0,"turns":12.0},{"damage":0.0,"enemies":"Chosen","floor":18.0,"turns":3.0},{"damage":10.0,"enemies":"2 Thieves","floor":22.0,"turns":3.0},{"damage":0.0,"enemies":"Snake Plant","floor":25.0,"turns":2.0},{"damage":0,"enemies":"Cultist and Chosen","floor":29,"turns":4},{"damage":5,"enemies":"Gremlin Leader","floor":30,"turns":3},{"damage":46,"enemies":"Automaton","floor":33,"turns":9},{"damage":6,"enemies":"3 Shapes","floor":35,"turns":4},{"damage":17,"enemies":"3 Darklings","floor":36,"turns":5},{"damage":0,"enemies":"Spire Growth","floor":37,"turns":5},{"damage":15,"enemies":"Writhing Mass","floor":38,"turns":6},{"damage":17,"enemies":"Sphere and 2 Shapes","floor":41,"turns":4},{"damage":0,"enemies":"Maw","floor":42,"turns":5},{"damage":0,"enemies":"Jaw Worm Horde","floor":44,"turns":4},{"damage":50,"enemies":"Reptomancer","floor":45,"turns":4}],"seed_played":"-1930924914350189675","potions_obtained":[{"floor":5.0,"key":"SteroidPotion"},{"floor":8.0,"key":"Fire Potion"},{"floor":18.0,"key":"FocusPotion"},{"floor":25.0,"key":"AttackPotion"},{"floor":35,"key":"FocusPotion"}],"is_trial":false,"path_per_floor":["M","?","?","?","M","R","M","E","T","?","$","M","M","E","R","B",null,"M","?","?","T","M","R","$","M","T","$","R","M","E","$","R","B",null,"M","M","M","M","$","R","M","M","T","M","E"],"character_chosen":"DEFECT","items_purchased":["Cables","Cold Snap","BootSequence","Whetstone","DataDisk","Defragment","Defragment"],"campfire_rested":0,"item_purchase_floors":[11,11,11,24,27,39,39],"current_hp_per_floor":[62,62,62,55,55,55,55,44,44,44,44,44,43,40,40,23,54,54,54,54,54,54,54,54,59,59,59,59,64,64,64,64,23,54,53,41,46,36,36,36,24,29,34,44,0],"gold":152,"neow_bonus":"RANDOM_COMMON_RELIC","is_prod":false,"is_daily":false,"chose_seed":false,"campfire_upgraded":6,"win_rate":0,"timestamp":1550709795,"path_taken":["M","?","?","?","M","R","M","E","T","?","$","M","M","E","R","BOSS","M","?","?","?","M","R","$","M","T","$","R","?","E","$","R","BOSS","M","M","M","M","$","R","M","M","T","M","E"],"build_version":"2019-01-23","purchased_purges":1,"victory":false,"max_hp_per_floor":[71,71,64,64,64,64,64,64,64,64,64,64,64,64,64,64,64,64,64,64,64,64,64,64,64,64,64,64,64,64,64,64,64,64,64,64,64,64,64,64,64,64,64,64,64],"card_choices":[{"not_picked":["Tempest","Stack"],"picked":"Coolheaded","floor":1.0},{"not_picked":["Compile Driver","Blizzard"],"picked":"Go for the Eyes","floor":5.0},{"not_picked":["Melter","Streamline"],"picked":"Cold Snap","floor":7.0},{"not_picked":["Hello World","Streamline"],"picked":"Redo","floor":8.0},{"not_picked":["Reprogram","Turbo"],"picked":"Go for the Eyes","floor":12.0},{"not_picked":["Gash","Cold Snap"],"picked":"Loop","floor":13.0},{"not_picked":["Gash","Steam"],"picked":"Compile Driver","floor":14.0},{"not_picked":["Rainbow","Core Surge"],"picked":"Biased Cognition","floor":16.0},{"not_picked":["Go for the Eyes+1","BootSequence","Hello World"],"picked":"SKIP","floor":18.0},{"not_picked":["Sweeping Beam","Coolheaded"],"picked":"Conserve Battery","floor":22.0},{"not_picked":["Beam Cell","Auto Shields"],"picked":"Static Discharge+1","floor":25.0},{"not_picked":["Machine Learning","Compile Driver+1"],"picked":"Cold Snap+1","floor":29},{"not_picked":["Turbo","Stack","Aggregate"],"picked":"SKIP","floor":30},{"not_picked":["Fission","Buffer"],"picked":"Rainbow","floor":33},{"not_picked":["Redo","Rebound+1"],"picked":"Coolheaded+1","floor":35},{"not_picked":["Steam","Conserve Battery"],"picked":"Static Discharge+1","floor":36},{"not_picked":["Darkness","Streamline+1"],"picked":"Skim","floor":37},{"not_picked":["Redo+1","Go for the Eyes"],"picked":"Conserve Battery","floor":38},{"not_picked":["Steam","Genetic Algorithm"],"picked":"Leap+1","floor":41},{"not_picked":["Buffer","Beam Cell+1","Storm"],"picked":"SKIP","floor":42},{"not_picked":["Hologram","Tempest+1","Recycle"],"picked":"SKIP","floor":44}],"player_experience":196071,"relics_obtained":[{"floor":8.0,"key":"Tiny Chest"},{"floor":9.0,"key":"Symbiotic Virus"},{"floor":14.0,"key":"Pen Nib"},{"floor":21.0,"key":"The Courier"},{"floor":26.0,"key":"Emotion Chip"},{"floor":30,"key":"Ornamental Fan"},{"floor":43,"key":"MawBank"}],"event_choices":[{"damage_healed":0.0,"max_hp_gain":0.0,"max_hp_loss":0.0,"gold_gain":0.0,"event_name":"Living Wall","player_choice":"Grow","floor":2.0,"gold_loss":0.0,"damage_taken":0.0,"cards_upgraded":["Zap"]},{"damage_healed":0.0,"max_hp_gain":0.0,"max_hp_loss":7.0,"gold_gain":0.0,"event_name":"Golden Idol","player_choice":"Lose Max HP","floor":3.0,"gold_loss":0.0,"damage_taken":0.0,"relics_obtained":["Golden Idol"]},{"cards_removed":["Strike_B"],"damage_healed":0.0,"max_hp_gain":0.0,"max_hp_loss":0.0,"gold_gain":0.0,"event_name":"Golden Wing","player_choice":"Card Removal","floor":4.0,"gold_loss":0.0,"damage_taken":7.0},{"damage_healed":0.0,"max_hp_gain":0.0,"max_hp_loss":0.0,"gold_gain":150.0,"event_name":"Liars Game","player_choice":"AGREE","floor":10.0,"gold_loss":0.0,"damage_taken":0.0,"cards_obtained":["Doubt"]},{"damage_healed":0.0,"max_hp_gain":0.0,"max_hp_loss":0.0,"gold_gain":0.0,"event_name":"Forgotten Altar","player_choice":"Gave Idol","floor":19.0,"relics_lost":["Golden Idol"],"gold_loss":0.0,"damage_taken":0.0,"relics_obtained":["Bloody Idol"]},{"damage_healed":0.0,"max_hp_gain":0.0,"max_hp_loss":0.0,"gold_gain":0.0,"event_name":"The Library","player_choice":"Read","floor":20.0,"gold_loss":0.0,"damage_taken":0.0,"cards_obtained":["Leap"]}],"is_beta":false,"boss_relics":[{"not_picked":["Lizard Tail","Velvet Choker"],"picked":"Runic Dome"},{"not_picked":["Coffee Dripper","Runic Pyramid"],"picked":"Pandora\u0027s Box"}],"items_purged_floors":[11],"is_endless":false,"potions_floor_spawned":[5,8,18,25,30,35,37,42,44],"killed_by":"Reptomancer","ascension_level":15}