{"gold_per_floor":[117,117,117,131,51,51,69,69,95,22,40,40,56,66,66,143,143,162,162,128,128],"floor_reached":21,"playtime":2623,"items_purged":[],"score":291,"play_id":"fe78c0ef-5ec6-4a89-ae26-06ea01094c2c","local_time":"20181115191726","is_ascension_mode":true,"campfire_choices":[{"floor":6.0,"key":"REST"},{"data":"Leg Sweep","floor":8.0,"key":"SMITH"},{"data":"Dash","floor":15,"key":"SMITH"}],"neow_cost":"PERCENT_DAMAGE","seed_source_timestamp":0,"circlet_count":0,"master_deck":["AscendersBane","Defend_G+1","Defend_G+1","Defend_G","Defend_G","Defend_G","Strike_G","Strike_G","Strike_G","Strike_G","Survivor","Neutralize","PiercingWail","Infinite Blades","Leg Sweep+1","Expertise","Escape Plan","Escape Plan","Dash+1","Doppelganger","Shame","Normality","Decay","Prepared+1"],"special_seed":0,"relics":["Ring of the Snake","Turnip","Potion Belt","War Paint","Calling Bell","Ancient Tea Set","Dodecahedron","Prayer Wheel"],"potions_floor_usage":[16,18],"damage_taken":[{"damage":0.0,"enemies":"Jaw Worm","floor":1.0,"turns":5.0},{"damage":0.0,"enemies":"Small Slimes","floor":4.0,"turns":6.0},{"damage":0.0,"enemies":"Cultist","floor":7.0,"turns":6.0},{"damage":0.0,"enemies":"3 Louse","floor":11.0,"turns":6.0},{"damage":0.0,"enemies":"Large Slime","floor":13.0,"turns":6.0},{"damage":1,"enemies":"Exordium Wildlife","floor":14,"turns":9},{"damage":8,"enemies":"The Guardian","floor":16,"turns":19},{"damage":20,"enemies":"Chosen","floor":18,"turns":9},{"damage":32,"enemies":"2 Thieves","floor":20,"turns":5},{"damage":7,"enemies":"Centurion and Healer","floor":21,"turns":1}],"seed_played":"-1987680966002570111","potions_obtained":[{"floor":1.0,"key":"Fire Potion"},{"floor":11.0,"key":"PowerPotion"},{"floor":14,"key":"PowerPotion"},{"floor":18,"key":"Ancient Potion"}],"is_trial":false,"path_per_floor":["M","?","?","M","$","R","M","R","T","$","M","?","M","M","M","R","B",null,"M","?","M","M"],"character_chosen":"THE_SILENT","items_purchased":["Leg Sweep","Escape Plan"],"campfire_rested":1,"item_purchase_floors":[5,10],"current_hp_per_floor":[44,19,12,12,12,31,31,31,31,31,31,31,31,30,30,22,55,35,35,3,0],"gold":128,"neow_bonus":"ONE_RARE_RELIC","is_prod":false,"is_daily":false,"chose_seed":false,"campfire_upgraded":2,"win_rate":0,"timestamp":1542305846,"path_taken":["M","?","?","M","$","R","M","R","T","$","M","?","M","M","R","BOSS","M","?","?","M"],"build_version":"2018-11-08","purchased_purges":0,"victory":false,"max_hp_per_floor":[66,66,66,66,66,66,66,66,66,66,66,66,66,66,66,66,66,66,66,66,66],"card_choices":[{"not_picked":["Expertise","Calculated Gamble"],"picked":"PiercingWail","floor":1.0},{"not_picked":["Backstab","Flying Knee"],"picked":"Infinite Blades","floor":4.0},{"not_picked":["Flying Knee","Underhanded Strike"],"picked":"Expertise","floor":7.0},{"not_picked":["Masterful Stab","Dagger Spray"],"picked":"Escape Plan","floor":11.0},{"not_picked":["Underhanded Strike","Slice","Quick Slash"],"picked":"SKIP","floor":13},{"not_picked":["Acrobatics","Flying Knee"],"picked":"Dash","floor":14},{"not_picked":["Phantasmal Killer","A Thousand Cuts"],"picked":"Doppelganger","floor":16},{"not_picked":["Concentrate+1","Reflex"],"picked":"Prepared+1","floor":18},{"not_picked":["Slice","Deadly Poison","Night Terror"],"picked":"SKIP","floor":18},{"not_picked":["Crippling Poison","Predator","Quick Slash"],"picked":"SKIP","floor":20},{"not_picked":["Outmaneuver","Dagger Throw","All Out Attack"],"picked":"SKIP","floor":20}],"player_experience":530364,"relics_obtained":[{"floor":9.0,"key":"War Paint"},{"floor":17,"key":"Ancient Tea Set"},{"floor":17,"key":"Dodecahedron"},{"floor":17,"key":"Prayer Wheel"}],"event_choices":[{"damage_healed":0.0,"max_hp_gain":0.0,"max_hp_loss":0.0,"gold_gain":0.0,"event_name":"Scrap Ooze","player_choice":"Success","floor":2.0,"gold_loss":0.0,"damage_taken":25.0,"relics_obtained":["Potion Belt"]},{"cards_removed":["Strike_G"],"damage_healed":0.0,"max_hp_gain":0.0,"max_hp_loss":0.0,"gold_gain":0.0,"event_name":"Golden Wing","player_choice":"Card Removal","floor":3.0,"gold_loss":0.0,"damage_taken":7.0},{"damage_healed":0.0,"max_hp_gain":0.0,"max_hp_loss":0.0,"gold_gain":0.0,"event_name":"Liars Game","player_choice":"Ignored","floor":12.0,"gold_loss":0.0,"damage_taken":0.0},{"damage_healed":0,"gold_gain":0,"player_choice":"Ignored","damage_taken":0,"max_hp_gain":0,"max_hp_loss":0,"event_name":"N\u0027loth","floor":19,"gold_loss":0}],"is_beta":false,"boss_relics":[{"not_picked":["Coffee Dripper","Velvet Choker"],"picked":"Calling Bell"}],"items_purged_floors":[],"is_endless":false,"potions_floor_spawned":[1,11,14,18],"killed_by":"Centurion and Healer","ascension_level":14}