{"gold_per_floor":[16,16,27,27,43,74,74,102,102,102,113,131,131,149,149,246,246,260,270,285,9,33,33,61,61,109,121,121,151,151,151],"floor_reached":31,"playtime":1177,"items_purged":["Regret"],"score":411,"play_id":"0d407eed-8812-4445-94c8-854aab5064cd","local_time":"20190201233526","is_ascension_mode":true,"campfire_choices":[{"data":"Dualcast","floor":7.0,"key":"SMITH"},{"floor":10,"key":"REST"},{"data":"Redo","floor":15,"key":"SMITH"},{"data":"Conserve Battery","floor":23,"key":"SMITH"},{"floor":25,"key":"REST"},{"floor":28,"key":"REST"}],"neow_cost":"NO_GOLD","seed_source_timestamp":1050169674236126,"circlet_count":0,"master_deck":["AscendersBane","Strike_B","Strike_B","Defend_B","Defend_B","Defend_B","Defend_B","Zap+1","Dualcast+1","Ball Lightning","BootSequence","Skim","Glacier","Melter","Steam","Redo+1","Self Repair","Beam Cell","Electrodynamics","Shame","Parasite","Cold Snap","Conserve Battery+1","Leap","Coolheaded","Go for the Eyes+1","Beam Cell+1","Leap+1","Redo"],"special_seed":0,"relics":["Cracked Core","Bird Faced Urn","Bag of Marbles","Sundial","Anchor","Calling Bell","Juzu Bracelet","Kunai","Incense Burner","Runic Capacitor","Dream Catcher","Potion Belt","Bag of Preparation","Red Mask"],"potions_floor_usage":[],"damage_taken":[{"damage":3.0,"enemies":"2 Louse","floor":1.0,"turns":3.0},{"damage":2.0,"enemies":"Jaw Worm","floor":3.0,"turns":3.0},{"damage":6.0,"enemies":"Cultist","floor":5.0,"turns":3.0},{"damage":20.0,"enemies":"3 Sentries","floor":6.0,"turns":6.0},{"damage":25,"enemies":"Lagavulin","floor":8,"turns":6},{"damage":0,"enemies":"Exordium Wildlife","floor":11,"turns":2},{"damage":0,"enemies":"Lots of Slimes","floor":12,"turns":3},{"damage":0,"enemies":"Looter","floor":14,"turns":4},{"damage":18,"enemies":"The Guardian","floor":16,"turns":13},{"damage":0,"enemies":"Spheric Guardian","floor":18,"turns":1},{"damage":17,"enemies":"Chosen","floor":19,"turns":6},{"damage":7,"enemies":"3 Cultists","floor":20,"turns":4},{"damage":56,"enemies":"Gremlin Leader","floor":24,"turns":8},{"damage":23,"enemies":"Shelled Parasite and Fungi","floor":27,"turns":6},{"damage":33,"enemies":"Masked Bandits","floor":29,"turns":6},{"damage":22,"enemies":"Snecko","floor":31,"turns":6}],"seed_played":"567366849429966402","potions_obtained":[{"floor":1.0,"key":"FocusPotion"},{"floor":6.0,"key":"Poison Potion"},{"floor":12,"key":"Energy Potion"},{"floor":29,"key":"Strength Potion"}],"is_trial":false,"path_per_floor":["M","?","M","?","M","E","R","E","T","R","M","M","?","M","R","B",null,"M","M","M","$","T","R","E","R","T","M","R","?","?","M"],"character_chosen":"DEFECT","items_purchased":["Runic Capacitor"],"campfire_rested":3,"item_purchase_floors":[21],"current_hp_per_floor":[65,70,68,68,62,42,42,17,17,41,41,41,41,50,50,41,70,70,62,57,57,57,57,12,36,36,24,48,17,17,0],"gold":151,"neow_bonus":"ONE_RARE_RELIC","is_prod":false,"is_daily":false,"chose_seed":false,"campfire_upgraded":3,"win_rate":0,"timestamp":1549085726,"path_taken":["M","?","M","?","M","E","R","E","T","R","?","M","?","M","R","BOSS","M","M","M","$","?","R","E","R","T","M","R","?","?","M"],"build_version":"2019-01-23","purchased_purges":1,"victory":false,"max_hp_per_floor":[75,80,80,80,80,80,80,80,80,80,80,80,80,80,80,80,80,80,80,80,80,80,80,80,80,80,80,80,80,80,80],"card_choices":[{"not_picked":["Double Energy","Coolheaded"],"picked":"Ball Lightning","floor":1.0},{"not_picked":["Compile Driver","Scrape"],"picked":"BootSequence","floor":3.0},{"not_picked":["Double Energy","Turbo"],"picked":"Skim","floor":5.0},{"not_picked":["Recycle","Hologram"],"picked":"Glacier","floor":6.0},{"not_picked":["Skim","Undo"],"picked":"Melter","floor":8},{"not_picked":["Rip and Tear","Auto Shields"],"picked":"Steam","floor":11},{"not_picked":["Force Field","Turbo"],"picked":"Redo","floor":12},{"not_picked":["Stack","Compile Driver"],"picked":"Beam Cell","floor":14},{"not_picked":["Amplify","Core Surge"],"picked":"Electrodynamics","floor":16},{"not_picked":["Loop","Consume"],"picked":"Cold Snap","floor":18},{"not_picked":["Ball Lightning+1","Coolheaded"],"picked":"Conserve Battery","floor":19},{"not_picked":["Compile Driver","Tempest"],"picked":"Leap","floor":20},{"not_picked":["Streamline+1","Hologram"],"picked":"Coolheaded","floor":24},{"not_picked":["Darkness","Redo"],"picked":"Go for the Eyes+1","floor":25},{"not_picked":["Gash","Blizzard"],"picked":"Beam Cell+1","floor":27},{"not_picked":["Force Field","Doom and Gloom"],"picked":"Leap+1","floor":28},{"not_picked":["Rebound+1","Hyperbeam"],"picked":"Redo","floor":29}],"player_experience":161788,"relics_obtained":[{"floor":6.0,"key":"Bag of Marbles"},{"floor":8,"key":"Sundial"},{"floor":9,"key":"Anchor"},{"floor":17,"key":"Juzu Bracelet"},{"floor":17,"key":"Kunai"},{"floor":17,"key":"Incense Burner"},{"floor":22,"key":"Dream Catcher"},{"floor":24,"key":"Potion Belt"},{"floor":26,"key":"Bag of Preparation"},{"floor":29,"key":"Red Mask"}],"event_choices":[{"damage_healed":0.0,"max_hp_gain":5.0,"max_hp_loss":0.0,"gold_gain":0.0,"event_name":"Big Fish","player_choice":"Donut","floor":2.0,"gold_loss":0.0,"damage_taken":0.0},{"damage_healed":0.0,"max_hp_gain":0.0,"max_hp_loss":0.0,"gold_gain":0.0,"event_name":"Accursed Blacksmith","player_choice":"Forge","floor":4.0,"gold_loss":0.0,"damage_taken":0.0,"cards_upgraded":["Zap"]},{"damage_healed":0,"gold_gain":0,"cards_transformed":["Strike_B"],"player_choice":"Transformed","damage_taken":0,"max_hp_gain":0,"max_hp_loss":0,"event_name":"Transmorgrifier","floor":13,"gold_loss":0,"cards_obtained":["Self Repair"]},{"damage_healed":0,"gold_gain":0,"player_choice":"Fought Bandits","damage_taken":0,"max_hp_gain":0,"max_hp_loss":0,"event_name":"Masked Bandits","floor":29,"gold_loss":0},{"cards_removed":["Strike_B"],"damage_healed":0,"gold_gain":0,"player_choice":"Purged","damage_taken":0,"max_hp_gain":0,"max_hp_loss":0,"event_name":"Purifier","floor":30,"gold_loss":0}],"is_beta":false,"boss_relics":[{"not_picked":["Fusion Hammer","Ectoplasm"],"picked":"Calling Bell"}],"items_purged_floors":[21],"is_endless":false,"potions_floor_spawned":[1,6,11,12,19,29],"killed_by":"Snecko","ascension_level":11}