{"gold_per_floor":[368,24,24,24,34,59,59,90,172,190,210,210,242,20,20,92,92,112,5,5,5,5,5,5,5,29,60,75,75,90,90],"floor_reached":31,"playtime":952,"items_purged":["Shame"],"score":538,"play_id":"d2aa06c8-f771-4093-93a8-78573202e7e6","local_time":"20190223162807","is_ascension_mode":true,"campfire_choices":[{"data":"Zap","floor":7.0,"key":"SMITH"},{"floor":12.0,"key":"REST"},{"data":"Dualcast","floor":15.0,"key":"SMITH"},{"data":"Go for the Eyes","floor":23.0,"key":"SMITH"},{"floor":25.0,"key":"REST"},{"data":"Barrage","floor":29,"key":"SMITH"}],"neow_cost":"CURSE","seed_source_timestamp":9698008470800,"circlet_count":0,"master_deck":["AscendersBane","Strike_B+1","Strike_B+1","Strike_B+1","Strike_B+1","Defend_B+1","Defend_B+1","Defend_B+1","Defend_B+1","Zap+1","Dualcast+1","Go for the Eyes+1","Conserve Battery","Compile Driver","Cold Snap","White Noise","Leap","Echo Form","Glacier","Ball Lightning","Go for the Eyes+1","Barrage+1","Capacitor"],"special_seed":0,"relics":["Cracked Core","Anchor","Blood Vial","Strawberry","Blue Candle","Orichalcum","Runic Capacitor","Velvet Choker","Smiling Mask","Centennial Puzzle"],"potions_floor_usage":[27],"damage_taken":[{"damage":2.0,"enemies":"2 Louse","floor":1.0,"turns":4.0},{"damage":1.0,"enemies":"Cultist","floor":5.0,"turns":3.0},{"damage":5.0,"enemies":"3 Sentries","floor":6.0,"turns":3.0},{"damage":49.0,"enemies":"Gremlin Nob","floor":8.0,"turns":4.0},{"damage":0.0,"enemies":"Jaw Worm","floor":10.0,"turns":2.0},{"damage":0.0,"enemies":"2 Fungi Beasts","floor":11.0,"turns":3.0},{"damage":1.0,"enemies":"3 Sentries","floor":13.0,"turns":5.0},{"damage":50.0,"enemies":"Hexaghost","floor":16.0,"turns":12.0},{"damage":17.0,"enemies":"Chosen","floor":18.0,"turns":7.0},{"damage":10,"enemies":"Book of Stabbing","floor":27,"turns":7},{"damage":4,"enemies":"Shell Parasite","floor":28,"turns":4},{"damage":0,"enemies":"Centurion and Healer","floor":30,"turns":7},{"damage":86,"enemies":"Gremlin Leader","floor":31,"turns":8}],"seed_played":"-552365942844828245","potions_obtained":[{"floor":5.0,"key":"AttackPotion"},{"floor":8.0,"key":"Explosive Potion"},{"floor":16.0,"key":"SpeedPotion"},{"floor":18.0,"key":"SkillPotion"}],"is_trial":false,"path_per_floor":["M","$","?","?","M","E","R","E","T","M","M","R","E","$","R","B",null,"M","$","?","?","?","R","$","R","T","E","M","R","M","E"],"character_chosen":"DEFECT","items_purchased":["Conserve Battery","Compile Driver","Anchor","Runic Capacitor","Glacier","Ball Lightning"],"campfire_rested":2,"item_purchase_floors":[2,2,2,14,19,19],"current_hp_per_floor":[62,62,67,67,66,61,61,21,21,23,25,49,50,50,50,2,63,48,48,48,48,48,48,48,72,72,64,62,62,64,0],"gold":90,"neow_bonus":"TWO_FIFTY_GOLD","is_prod":false,"is_daily":false,"chose_seed":false,"campfire_upgraded":4,"win_rate":0,"timestamp":1550932087,"path_taken":["M","$","?","?","M","E","R","E","T","?","M","R","E","?","R","BOSS","M","$","?","?","?","R","$","R","T","E","?","R","M","E"],"build_version":"2019-01-23","purchased_purges":1,"victory":false,"max_hp_per_floor":[71,71,76,76,76,76,76,83,83,83,83,83,83,83,83,83,83,83,83,83,83,83,83,83,83,83,83,83,83,83,83],"card_choices":[{"not_picked":["Skim","Chill"],"picked":"Go for the Eyes","floor":1.0},{"not_picked":["Streamline","Skim"],"picked":"Cold Snap","floor":5.0},{"not_picked":["Reinforced Body","Storm"],"picked":"White Noise","floor":6.0},{"not_picked":["Barrage","Compile Driver","Redo"],"picked":"SKIP","floor":8.0},{"not_picked":["Hologram","Storm","Barrage"],"picked":"SKIP","floor":10.0},{"not_picked":["Force Field","Undo"],"picked":"Leap","floor":11.0},{"not_picked":["Genetic Algorithm","Gash","Melter"],"picked":"SKIP","floor":13.0},{"not_picked":["Creative AI","Machine Learning"],"picked":"Echo Form","floor":16.0},{"not_picked":["Stack","FTL","Beam Cell"],"picked":"SKIP","floor":18.0},{"not_picked":["Cold Snap","Coolheaded","Reprogram"],"picked":"SKIP","floor":27},{"not_picked":["Recycle","Skim"],"picked":"Barrage","floor":28},{"not_picked":["Stack","Force Field"],"picked":"Capacitor","floor":30}],"player_experience":915141,"relics_obtained":[{"floor":6.0,"key":"Blood Vial"},{"floor":8.0,"key":"Strawberry"},{"floor":9.0,"key":"Blue Candle"},{"floor":13.0,"key":"Orichalcum"},{"floor":26.0,"key":"Smiling Mask"},{"floor":27,"key":"Centennial Puzzle"}],"event_choices":[{"damage_healed":0.0,"max_hp_gain":5.0,"max_hp_loss":0.0,"gold_gain":0.0,"event_name":"Big Fish","player_choice":"Donut","floor":3.0,"gold_loss":0.0,"damage_taken":0.0},{"damage_healed":0.0,"max_hp_gain":0.0,"max_hp_loss":0.0,"gold_gain":0.0,"event_name":"Accursed Blacksmith","player_choice":"Forge","floor":4.0,"gold_loss":0.0,"damage_taken":0.0,"cards_upgraded":["Go for the Eyes"]},{"damage_healed":0.0,"max_hp_gain":0.0,"max_hp_loss":0.0,"gold_gain":0.0,"event_name":"Beggar","player_choice":"Ignored","floor":20.0,"gold_loss":0.0,"damage_taken":0.0},{"damage_healed":0.0,"max_hp_gain":0.0,"max_hp_loss":0.0,"gold_gain":0.0,"event_name":"Back to Basics","player_choice":"Simplicity","floor":21.0,"gold_loss":0.0,"damage_taken":0.0,"cards_upgraded":["Strike_B","Strike_B","Strike_B","Strike_B","Defend_B","Defend_B","Defend_B","Defend_B"]},{"damage_healed":0.0,"max_hp_gain":0.0,"max_hp_loss":0.0,"gold_gain":0.0,"event_name":"Match and Keep!","player_choice":"1 cards matched","floor":22.0,"gold_loss":0.0,"damage_taken":0.0,"cards_obtained":["Go for the Eyes"]}],"is_beta":false,"boss_relics":[{"not_picked":["Calling Bell","Runic Dome"],"picked":"Velvet Choker"}],"items_purged_floors":[2],"is_endless":false,"potions_floor_spawned":[5,8,16,18],"killed_by":"Gremlin Leader","ascension_level":20}