{"gold_per_floor":[10,22,22,197,210,239,251,264,264,264],"floor_reached":10,"playtime":1052,"items_purged":[],"score":91,"play_id":"792a0e0c-9fc2-4d34-8b4e-449a6b33c917","local_time":"20180724205116","is_ascension_mode":true,"campfire_choices":[],"neow_cost":"NO_GOLD","seed_source_timestamp":29528270851317,"circlet_count":0,"master_deck":["Defend_G","Defend_G","Defend_G","Defend_G","Defend_G","Strike_G","Strike_G","Strike_G","Strike_G","Survivor","Neutralize","Calculated Gamble","Caltrops","Doubt","Deflect","Leg Sweep"],"relics":["Ring of the Snake","Art of War","Meat on the Bone"],"potions_floor_usage":[6,10,10],"damage_taken":[{"damage":6,"enemies":"Jaw Worm","floor":1,"turns":7},{"damage":0,"enemies":"Cultist","floor":2,"turns":5},{"damage":8,"enemies":"Small Slimes","floor":5,"turns":5},{"damage":49,"enemies":"Lagavulin","floor":6,"turns":13},{"damage":1,"enemies":"Blue Slaver","floor":7,"turns":6},{"damage":8,"enemies":"3 Louse","floor":8,"turns":4},{"damage":5,"enemies":"Gremlin Gang","floor":10,"turns":2}],"seed_played":"1704036751305744833","potions_obtained":[{"floor":1,"key":"Fire Potion"},{"floor":7,"key":"Block Potion"},{"floor":8,"key":"LiquidBronze"}],"is_trial":false,"path_per_floor":["M","M","?","?","M","E","M","M","T"],"character_chosen":"THE_SILENT","items_purchased":[],"campfire_rested":0,"item_purchase_floors":[],"current_hp_per_floor":[71,71,71,71,63,14,13,5,5,0],"gold":264,"neow_bonus":"TWENTY_PERCENT_HP_BONUS","is_prod":false,"is_daily":false,"chose_seed":false,"campfire_upgraded":0,"win_rate":0,"timestamp":1532458276,"path_taken":["M","M","?","?","M","E","M","?","T","M"],"build_version":"2018-07-19v2","purchased_purges":0,"victory":false,"max_hp_per_floor":[84,84,84,84,84,84,84,84,84,84],"card_choices":[{"not_picked":["Crippling Poison","Quick Slash"],"picked":"Calculated Gamble","floor":1},{"not_picked":["Choke","Dodge and Roll"],"picked":"Caltrops","floor":2},{"not_picked":["Accuracy","Dagger Throw"],"picked":"Deflect","floor":5},{"not_picked":["Masterful Stab","Setup"],"picked":"Leg Sweep","floor":6},{"not_picked":["Quick Slash","Skewer","Riddle With Holes"],"picked":"SKIP","floor":7},{"not_picked":["Bouncing Flask","Cloak And Dagger","Bane"],"picked":"SKIP","floor":8}],"player_experience":188867,"relics_obtained":[{"floor":6,"key":"Art of War"},{"floor":9,"key":"Meat on the Bone"}],"event_choices":[{"event_name":"Living Wall","player_choice":"Forget","floor":3,"damage_taken":0},{"event_name":"Liars Game","player_choice":"agreed","floor":4,"damage_taken":0}],"is_beta":false,"boss_relics":[],"items_purged_floors":[],"is_endless":false,"potions_floor_spawned":[1,7,8],"killed_by":"Gremlin Gang","ascension_level":6}