{"path_per_floor":["M","$","?","M","?","R","M","$","T","R","M","?","M","E","R","B",null,"M","?","?","?","M","R","?","R","T","M","$","M","M","$","R","B",null,"M","?","M","$","M","R","M","?","T","M","R","M","M","?","R"],"character_chosen":"DEFECT","items_purchased":["Defragment","Storm","Mango","Capacitor"],"gold_per_floor":[109,34,34,47,47,47,59,59,84,84,98,128,142,170,170,271,271,289,289,289,289,309,309,309,309,359,375,40,51,65,65,65,161,161,178,178,198,117,136,136,146,146,146,161,161,178,189,189,189,189],"floor_reached":50,"campfire_rested":4,"playtime":1804,"item_purchase_floors":[2,28,28,38],"current_hp_per_floor":[74,74,74,68,65,65,56,56,56,56,53,36,21,7,29,21,75,64,64,64,64,40,62,62,62,62,61,75,84,88,88,88,49,89,66,66,66,66,69,69,25,25,25,10,36,22,30,30,56,0],"items_purged":[],"gold":189,"score":586,"play_id":"0663e3bd-847f-4631-b861-7ba4f4d030ed","local_time":"20180602094932","is_prod":false,"is_daily":false,"chose_seed":false,"is_ascension_mode":true,"campfire_upgraded":5,"win_rate":0,"timestamp":1527896972,"campfire_choices":[{"data":"Defragment","floor":6,"key":"SMITH"},{"data":"Zap","floor":10,"key":"SMITH"},{"floor":15,"key":"REST"},{"floor":23,"key":"REST"},{"data":"White Noise","floor":25,"key":"SMITH"},{"data":"Storm","floor":32,"key":"SMITH"},{"data":"Defragment","floor":40,"key":"SMITH"},{"floor":45,"key":"REST"},{"floor":49,"key":"REST"}],"path_taken":["M","$","?","M","?","R","M","?","T","R","M","?","?","E","R","BOSS","M","?","?","?","?","R","?","R","T","M","$","M","?","$","R","BOSS","M","?","M","$","?","R","M","?","T","M","R","M","M","?","R","BOSS"],"build_version":"2018-05-31","seed_source_timestamp":130584000605467,"purchased_purges":0,"victory":false,"master_deck":["Defend_B","Defend_B","Defend_B","Zap+1","Dualcast","Clumsy","Conserve Battery","Defragment+1","Regret","Sweeping Beam","Sweeping Beam+1","White Noise+1","Capacitor","Genetic Algorithm","Darkness","Rainbow","Force Field+1","Bite+1","Bite+1","Bite+1","Bite+1","Bite+1","Static Discharge","Force Field","Decay","Rebound+1","Storm+1","Leap","Melter+1","Thunder Strike+1","Defragment+1","Storm+1","Capacitor+1","Capacitor","Hologram","Storm+1","Injury","Leap","Amplify","Conserve Battery+1","Flash of Steel+1"],"max_hp_per_floor":[75,75,75,75,75,75,75,75,75,75,75,75,75,75,75,75,75,75,75,75,75,75,75,75,75,75,75,89,89,89,89,89,89,89,89,89,89,89,89,89,89,89,89,89,89,89,89,89,89,89],"relics":["Cracked Core","Turnip","Bag of Preparation","Molten Egg 2","Odd Mushroom","Lantern","Cursed Key","Happy Flower","Anchor","Mango","Black Star","Sundial"],"card_choices":[{"not_picked":["Steam Power","Turbo"],"picked":"Conserve Battery","floor":1},{"not_picked":["Beam Cell","Skim"],"picked":"Sweeping Beam","floor":4},{"not_picked":["Stack","Coolheaded"],"picked":"Sweeping Beam+1","floor":7},{"not_picked":["Beam Cell+1","Sweeping Beam+1"],"picked":"White Noise","floor":11},{"not_picked":["Compile Driver+1","Sweeping Beam+1"],"picked":"Capacitor","floor":12},{"not_picked":["Barrage+1","Reprogram"],"picked":"Genetic Algorithm","floor":13},{"not_picked":["Conserve Battery","Seek"],"picked":"Darkness","floor":14},{"not_picked":["Core Surge+1","Meteor Strike+1"],"picked":"Rainbow","floor":16},{"not_picked":["Barrage+1","Recycle+1"],"picked":"Force Field+1","floor":18},{"not_picked":["Sweeping Beam+1","Go for the Eyes+1"],"picked":"Force Field","floor":22},{"not_picked":["Gash+1","Conserve Battery"],"picked":"Rebound+1","floor":27},{"not_picked":["Hologram","Conserve Battery+1"],"picked":"Leap","floor":29},{"not_picked":["Streamline+1","Go for the Eyes+1"],"picked":"Melter+1","floor":30},{"not_picked":["Machine Learning","Core Surge+1"],"picked":"Thunder Strike+1","floor":33},{"not_picked":["Hologram+1","Rebound+1"],"picked":"Defragment","floor":35},{"not_picked":["Glacier+1","Rebound+1"],"picked":"Capacitor+1","floor":37},{"not_picked":["Streamline+1","Compile Driver+1"],"picked":"Hologram","floor":39},{"not_picked":["Coolheaded+1","Static Discharge"],"picked":"Storm+1","floor":41},{"not_picked":["Chaos","Chill+1"],"picked":"Leap","floor":44},{"not_picked":["Steam+1","Beam Cell+1"],"picked":"Amplify","floor":46},{"not_picked":["Genetic Algorithm","Leap"],"picked":"Conserve Battery+1","floor":47},{"not_picked":["Purity","Enlightenment"],"picked":"Flash of Steel+1","floor":48}],"player_experience":137345,"potions_floor_usage":[14,16,33,44,50],"damage_taken":[{"damage":1,"enemies":"2 Louse","floor":1,"turns":2},{"damage":6,"enemies":"Jaw Worm","floor":4,"turns":5},{"damage":9,"enemies":"Small Slimes","floor":7,"turns":3},{"damage":5,"enemies":"2 Fungi Beasts","floor":11,"turns":3},{"damage":19,"enemies":"The Mushroom Lair","floor":12,"turns":3},{"damage":17,"enemies":"Looter","floor":13,"turns":3},{"damage":16,"enemies":"3 Sentries","floor":14,"turns":5},{"damage":10,"enemies":"The Guardian","floor":16,"turns":9},{"damage":11,"enemies":"Spheric Guardian","floor":18,"turns":4},{"damage":27,"enemies":"3 Byrds","floor":22,"turns":4},{"damage":1,"enemies":"3 Cultists","floor":27,"turns":4},{"damage":10,"enemies":"Snecko","floor":29,"turns":6},{"damage":10,"enemies":"Snake Plant","floor":30,"turns":5},{"damage":55,"enemies":"Automaton","floor":33,"turns":9},{"damage":30,"enemies":"3 Shapes","floor":35,"turns":4},{"damage":0,"enemies":"Orb Walker","floor":37,"turns":1},{"damage":15,"enemies":"Maw","floor":39,"turns":6},{"damage":53,"enemies":"Sphere and 2 Shapes","floor":41,"turns":3},{"damage":18,"enemies":"4 Shapes","floor":44,"turns":3},{"damage":17,"enemies":"3 Darklings","floor":46,"turns":3},{"damage":5,"enemies":"Maw","floor":47,"turns":5},{"damage":80,"enemies":"Awakened One","floor":50,"turns":6}],"relics_obtained":[{"floor":9,"key":"Blood Vial"},{"floor":12,"key":"Odd Mushroom"},{"floor":14,"key":"Lantern"},{"floor":26,"key":"Anchor"},{"floor":43,"key":"Sundial"}],"event_choices":[{"event_name":"Big Fish","player_choice":"Box","floor":3,"damage_taken":0},{"event_name":"Scrap Ooze","player_choice":"success","floor":5,"damage_taken":3},{"event_name":"Mushrooms","player_choice":"Fought Mushrooms","floor":12,"damage_taken":0},{"event_name":"Vampires","player_choice":"Became a vampire (Vial)","floor":19,"damage_taken":0},{"event_name":"The Mausoleum","player_choice":"Yes","floor":20,"damage_taken":0},{"event_name":"The Library","player_choice":"Read","floor":21,"damage_taken":0},{"event_name":"The Lab","player_choice":"Got Potions","floor":24,"damage_taken":0},{"event_name":"Duplicator","player_choice":"One dupe","floor":36,"damage_taken":0},{"event_name":"SensoryStone","player_choice":"Memory 1","floor":48,"damage_taken":0}],"boss_relics":[{"not_picked":["Runic Pyramid","Orrery"],"picked":"Cursed Key"},{"not_picked":["Philosopher\u0027s Stone","Lizard Tail"],"picked":"Black Star"}],"items_purged_floors":[],"potions_floor_spawned":[7,11,12,18,33,39,41,44,47],"seed_played":"7572941786428467943","killed_by":"Awakened One","ascension_level":3,"potions_obtained":[{"floor":7,"key":"FearPotion"},{"floor":11,"key":"Weak Potion"},{"floor":12,"key":"LiquidBronze"},{"floor":18,"key":"LiquidBronze"},{"floor":24,"key":"SneckoOil"},{"floor":33,"key":"Strength Potion"},{"floor":41,"key":"AttackPotion"},{"floor":44,"key":"Strength Potion"}],"is_trial":false}