{"gold_per_floor":[117,133,144,144,35,64,64,99,99,125,17,31,51,51,51,152,152,164,64,79,99,53,53,53,53,53,84,84,109,109,123,123,225,225,240,340,215,225,242,242,92,92,167,167,167,186,219,236,236,236,236,236,39,69,69],"floor_reached":55,"playtime":2611,"items_purged":["Strike_B","Strike_B","Strike_B","Defend_B"],"score":901,"play_id":"0fe10160-8434-4027-9670-831510348cc9","local_time":"20190126000247","is_ascension_mode":true,"campfire_choices":[{"data":"Zap","floor":7.0,"key":"SMITH"},{"floor":15.0,"key":"REST"},{"data":"Defragment","floor":23.0,"key":"SMITH"},{"data":"Dualcast","floor":25.0,"key":"SMITH"},{"data":"Capacitor","floor":32.0,"key":"SMITH"},{"floor":40.0,"key":"RECALL"},{"data":"Go for the Eyes","floor":42.0,"key":"SMITH"},{"data":"Steam","floor":44.0,"key":"SMITH"},{"data":"Blizzard","floor":49.0,"key":"SMITH"},{"data":"Coolheaded","floor":52.0,"key":"SMITH"}],"neow_cost":"NONE","seed_source_timestamp":445210220662670,"circlet_count":0,"master_deck":["Defend_B","Defend_B+1","Zap+1","Dualcast+1","BootSequence+1","Ball Lightning","FTL","Leap","Conserve Battery","Capacitor+1","Cold Snap","Defragment+1","Sweeping Beam","Steam+1","Electrodynamics","Coolheaded+1","Redo","Coolheaded","Ball Lightning","Turbo+1","Cold Snap+1","Amplify+1","Go for the Eyes+1","Capacitor+1","Hologram+1","Hologram+1","Heatsinks+1","Blizzard+1","Stack+1","Glacier+1"],"special_seed":0,"relics":["FrozenCore","NeowsBlessing","Bag of Preparation","Pantograph","Oddly Smooth Stone","DataDisk","Toxic Egg 2","Blood Vial","Enchiridion","Vajra","Nuclear Battery","Turnip","Anchor","Bronze Scales","Shuriken"],"potions_floor_usage":[55,55],"damage_taken":[{"damage":0.0,"enemies":"Cultist","floor":1.0,"turns":1.0},{"damage":0.0,"enemies":"Jaw Worm","floor":2.0,"turns":1.0},{"damage":0.0,"enemies":"Small Slimes","floor":3.0,"turns":1.0},{"damage":29.0,"enemies":"Lagavulin","floor":6.0,"turns":6.0},{"damage":12.0,"enemies":"3 Sentries","floor":8.0,"turns":6.0},{"damage":0.0,"enemies":"Exordium Wildlife","floor":12.0,"turns":4.0},{"damage":0.0,"enemies":"2 Fungi Beasts","floor":13.0,"turns":2.0},{"damage":4.0,"enemies":"Hexaghost","floor":16.0,"turns":9.0},{"damage":3.0,"enemies":"3 Byrds","floor":18.0,"turns":2.0},{"damage":4.0,"enemies":"Spheric Guardian","floor":20.0,"turns":5.0},{"damage":5.0,"enemies":"Chosen and Byrds","floor":21.0,"turns":5.0},{"damage":1.0,"enemies":"Book of Stabbing","floor":27.0,"turns":8.0},{"damage":5.0,"enemies":"Slavers","floor":29.0,"turns":4.0},{"damage":6.0,"enemies":"Snake Plant","floor":31.0,"turns":6.0},{"damage":12.0,"enemies":"Collector","floor":33.0,"turns":8.0},{"damage":0.0,"enemies":"Orb Walker","floor":35.0,"turns":4.0},{"damage":2.0,"enemies":"Mind Bloom Boss Battle","floor":36.0,"turns":9.0},{"damage":0.0,"enemies":"3 Shapes","floor":38.0,"turns":3.0},{"damage":0.0,"enemies":"Jaw Worm Horde","floor":39.0,"turns":2.0},{"damage":5.0,"enemies":"Sphere and 2 Shapes","floor":46.0,"turns":5.0},{"damage":11.0,"enemies":"Nemesis","floor":47.0,"turns":7.0},{"damage":0.0,"enemies":"Maw","floor":48.0,"turns":7.0},{"damage":20.0,"enemies":"Awakened One","floor":50.0,"turns":14.0},{"damage":50,"enemies":"Shield and Spear","floor":54,"turns":6},{"damage":50,"enemies":"The Heart","floor":55,"turns":6}],"seed_played":"9094916411837954108","potions_obtained":[{"floor":8.0,"key":"Block Potion"},{"floor":12.0,"key":"GamblersBrew"},{"floor":13.0,"key":"EssenceOfSteel"},{"floor":16.0,"key":"GamblersBrew"},{"floor":18.0,"key":"Ancient Potion"},{"floor":29.0,"key":"Fire Potion"}],"is_trial":false,"path_per_floor":["M","M","M","?","$","E","R","E","T","T","$","M","M","?","R","B",null,"M","$","M","M","$","R","?","R","T","E","?","E","?","M","R","B",null,"M","?","$","M","M","R","$","R","T","R","?","M","E","M","R","B",null,"R","$","E","B"],"character_chosen":"DEFECT","items_purchased":["FTL","Capacitor","Cold Snap","Coolheaded","Bronze Scales","Stack+1"],"campfire_rested":1,"item_purchase_floors":[5,11,11,22,53,53],"current_hp_per_floor":[68,68,68,53,53,24,24,12,12,12,12,12,12,12,34,55,70,67,67,63,58,58,58,58,58,58,57,41,38,38,34,34,49,69,71,73,73,75,75,75,75,75,75,75,75,70,61,63,63,55,70,70,70,22,0],"gold":69,"neow_bonus":"THREE_ENEMY_KILL","is_prod":false,"is_daily":false,"chose_seed":false,"campfire_upgraded":8,"win_rate":0,"timestamp":1548482567,"path_taken":["M","?","M","?","$","E","R","E","T","?","$","M","M","?","R","BOSS","M","$","M","M","?","R","?","R","T","E","?","E","?","M","R","BOSS","M","?","$","M","M","R","$","R","T","R","?","M","E","?","R","BOSS","R","$","E","BOSS"],"build_version":"2019-01-23","purchased_purges":4,"victory":false,"max_hp_per_floor":[75,75,75,75,75,75,75,75,75,75,75,75,75,75,75,75,75,75,75,75,75,75,75,75,75,75,75,75,75,75,75,75,75,75,75,75,75,75,75,75,75,75,75,75,75,75,75,75,75,75,75,75,75,75,75],"card_choices":[{"not_picked":["Rebound","Sweeping Beam"],"picked":"Gash","floor":1.0},{"not_picked":["Hologram","Darkness"],"picked":"BootSequence","floor":2.0},{"not_picked":["Heatsinks","Self Repair"],"picked":"Ball Lightning","floor":3.0},{"not_picked":["Multi-Cast","Consume"],"picked":"Leap","floor":6.0},{"not_picked":["FTL","Force Field"],"picked":"Conserve Battery","floor":8.0},{"not_picked":["Gash","Redo"],"picked":"Defragment","floor":12.0},{"not_picked":["Gash","Auto Shields"],"picked":"Sweeping Beam","floor":13.0},{"not_picked":["Meteor Strike","Creative AI"],"picked":"Electrodynamics","floor":16.0},{"not_picked":["Hello World","Rebound","Sweeping Beam"],"picked":"SKIP","floor":18.0},{"not_picked":["Conserve Battery","Reinforced Body"],"picked":"Coolheaded","floor":20.0},{"not_picked":["Turbo","Aggregate"],"picked":"Redo","floor":21.0},{"not_picked":["Creative AI","Streamline"],"picked":"Ball Lightning","floor":27.0},{"not_picked":["Aggregate+1","Rebound"],"picked":"Turbo+1","floor":29.0},{"not_picked":["Storm","Reprogram+1"],"picked":"Cold Snap+1","floor":31.0},{"not_picked":["Multi-Cast+1","Hyperbeam"],"picked":"Amplify+1","floor":33.0},{"not_picked":["Hello World+1","Stack+1"],"picked":"Go for the Eyes","floor":35.0},{"not_picked":["Auto Shields+1","Turbo+1"],"picked":"Capacitor+1","floor":36.0},{"not_picked":["Ball Lightning","Leap+1"],"picked":"Hologram+1","floor":38.0},{"not_picked":["Turbo+1","Steam+1"],"picked":"Hologram+1","floor":39.0},{"not_picked":["Scrape","Auto Shields+1","Fusion+1"],"picked":"SKIP","floor":46.0},{"not_picked":["FTL+1","Capacitor+1"],"picked":"Heatsinks+1","floor":47.0},{"not_picked":["Reprogram+1","Ball Lightning"],"picked":"Blizzard","floor":48.0},{"not_picked":["Steam Power+1","Conserve Battery+1"],"picked":"Glacier+1","floor":54}],"player_experience":131863,"relics_obtained":[{"floor":6.0,"key":"Bag of Preparation"},{"floor":8.0,"key":"Pantograph"},{"floor":9.0,"key":"Oddly Smooth Stone"},{"floor":10.0,"key":"DataDisk"},{"floor":26.0,"key":"Toxic Egg 2"},{"floor":27.0,"key":"Blood Vial"},{"floor":28.0,"key":"Enchiridion"},{"floor":29.0,"key":"Vajra"},{"floor":36.0,"key":"Turnip"},{"floor":47.0,"key":"Anchor"},{"floor":54,"key":"Shuriken"}],"event_choices":[{"damage_healed":0.0,"max_hp_gain":0.0,"max_hp_loss":0.0,"gold_gain":0.0,"event_name":"Shining Light","player_choice":"Entered Light","floor":4.0,"gold_loss":0.0,"damage_taken":15.0,"cards_upgraded":["Defend_B","BootSequence"]},{"damage_healed":0.0,"max_hp_gain":0.0,"max_hp_loss":0.0,"gold_gain":0.0,"cards_transformed":["Gash"],"event_name":"Transmorgrifier","player_choice":"Transformed","floor":14.0,"gold_loss":0.0,"damage_taken":0.0,"cards_obtained":["Steam"]},{"damage_healed":0.0,"max_hp_gain":0.0,"max_hp_loss":0.0,"gold_gain":0.0,"event_name":"Vampires","player_choice":"Ignored","floor":24.0,"gold_loss":0.0,"damage_taken":0.0},{"damage_healed":0.0,"max_hp_gain":0.0,"max_hp_loss":0.0,"gold_gain":0.0,"event_name":"Cursed Tome","player_choice":"Obtained Book","floor":28.0,"gold_loss":0.0,"damage_taken":16.0},{"cards_removed":["Strike_B"],"damage_healed":0.0,"max_hp_gain":0.0,"max_hp_loss":0.0,"gold_gain":0.0,"event_name":"Purifier","player_choice":"Purged","floor":30.0,"gold_loss":0.0,"damage_taken":0.0},{"damage_healed":0.0,"max_hp_gain":0.0,"max_hp_loss":0.0,"gold_gain":0.0,"event_name":"MindBloom","player_choice":"Fight","floor":36.0,"gold_loss":0.0,"damage_taken":0.0},{"cards_removed":["Defend_B"],"damage_healed":0.0,"max_hp_gain":0.0,"max_hp_loss":0.0,"gold_gain":0.0,"event_name":"Purifier","player_choice":"Purged","floor":45.0,"gold_loss":0.0,"damage_taken":0.0}],"is_beta":false,"boss_relics":[{"not_picked":["Orrery","Busted Crown"],"picked":"FrozenCore"},{"not_picked":["Eternal Feather","Empty Cage"],"picked":"Nuclear Battery"}],"items_purged_floors":[5,19,37,41],"is_endless":false,"potions_floor_spawned":[8,12,13,16,18,29,39,46,48,54],"killed_by":"The Heart","ascension_level":6}