{"gold_per_floor":[110,64,64,74,74,74,103,55,128,159,159,159,172,247,247,343,343,362,461,113,113,113,113],"floor_reached":23,"playtime":667,"items_purged":[],"score":211,"play_id":"6274f53c-0e8a-43f5-9934-ecf70ad5c174","local_time":"20190126150639","is_ascension_mode":true,"campfire_choices":[{"floor":6,"key":"REST"},{"floor":11,"key":"REST"},{"floor":15,"key":"REST"}],"neow_cost":"NONE","seed_source_timestamp":844707812904981,"circlet_count":0,"master_deck":["Strike_B","Strike_B","Strike_B","Strike_B","Defend_B","Defend_B","Defend_B","Defend_B","Zap","Dualcast","Capacitor","Conserve Battery","Hologram","Leap","Turbo","Stack","Meteor Strike","Echo Form","Coolheaded","Glacier","Go for the Eyes","Writhe"],"relics":["Cracked Core","Bronze Scales","Orichalcum","Ice Cream","Pen Nib","Cables","Gambling Chip","Spirit Poop","Black Star","Ornamental Fan","Matryoshka"],"potions_floor_usage":[13,23],"damage_taken":[{"damage":4,"enemies":"Jaw Worm","floor":1,"turns":4},{"damage":13,"enemies":"Small Slimes","floor":4,"turns":3},{"damage":41,"enemies":"Gremlin Nob","floor":7,"turns":6},{"damage":14,"enemies":"Lagavulin","floor":10,"turns":6},{"damage":0,"enemies":"Cultist","floor":13,"turns":3},{"damage":36,"enemies":"Hexaghost","floor":16,"turns":10},{"damage":2,"enemies":"3 Byrds","floor":18,"turns":3},{"damage":66,"enemies":"Gremlin Leader","floor":23,"turns":6}],"seed_played":"6070553989253191534","potions_obtained":[{"floor":10,"key":"Fruit Juice"},{"floor":13,"key":"SpeedPotion"},{"floor":18,"key":"Swift Potion"}],"is_trial":false,"path_per_floor":["M","$","?","M","?","R","E","$","T","E","R","?","M","?","R","B",null,"M","?","$","?","?","E"],"character_chosen":"DEFECT","items_purchased":["Conserve Battery","Turbo","Ornamental Fan","Glacier","Go for the Eyes"],"campfire_rested":3,"item_purchase_floors":[2,8,20,20,20],"current_hp_per_floor":[71,71,71,58,46,68,27,27,27,13,35,35,40,29,53,17,80,78,78,78,78,63,0],"gold":113,"neow_bonus":"RANDOM_COMMON_RELIC","is_prod":false,"is_daily":false,"chose_seed":false,"campfire_upgraded":0,"win_rate":0,"timestamp":1548533199,"path_taken":["M","$","?","M","?","R","E","$","T","E","R","?","?","?","R","BOSS","M","?","$","?","?","E"],"build_version":"2019-01-23","purchased_purges":0,"victory":false,"max_hp_per_floor":[75,75,75,75,75,75,75,75,75,75,75,75,80,80,80,80,80,80,80,80,80,85,85],"card_choices":[{"not_picked":["Streamline","Go for the Eyes"],"picked":"Capacitor","floor":1},{"not_picked":["Leap","Recycle"],"picked":"Hologram","floor":4},{"not_picked":["Hologram","Scrape"],"picked":"Leap","floor":7},{"not_picked":["Sweeping Beam","Reprogram"],"picked":"Stack","floor":10},{"not_picked":["Compile Driver","Redo"],"picked":"Meteor Strike","floor":13},{"not_picked":["Multi-Cast","Seek"],"picked":"Echo Form","floor":16},{"not_picked":["Double Energy","Turbo"],"picked":"Coolheaded","floor":18}],"player_experience":234870,"relics_obtained":[{"floor":7,"key":"Pen Nib"},{"floor":9,"key":"Cables"},{"floor":10,"key":"Gambling Chip"}],"event_choices":[{"damage_healed":0,"gold_gain":0,"player_choice":"Box","damage_taken":0,"relics_obtained":["Orichalcum"],"max_hp_gain":0,"max_hp_loss":0,"event_name":"Big Fish","floor":3,"gold_loss":0,"cards_obtained":["Regret"]},{"damage_healed":0,"gold_gain":0,"player_choice":"Success","damage_taken":12,"relics_obtained":["Ice Cream"],"max_hp_gain":0,"max_hp_loss":0,"event_name":"Scrap Ooze","floor":5,"gold_loss":0},{"cards_removed":["Regret"],"damage_healed":0,"gold_gain":0,"player_choice":"Offered Curse","damage_taken":0,"relics_obtained":["Spirit Poop"],"max_hp_gain":0,"max_hp_loss":0,"event_name":"Bonfire Elementals","floor":12,"gold_loss":0},{"damage_healed":0,"gold_gain":75,"player_choice":"Gather Gold","damage_taken":11,"max_hp_gain":0,"max_hp_loss":0,"event_name":"World of Goop","floor":14,"gold_loss":0},{"damage_healed":0,"gold_gain":99,"player_choice":"Stole From Cult","damage_taken":0,"max_hp_gain":0,"max_hp_loss":0,"event_name":"Nest","floor":19,"gold_loss":0},{"damage_healed":0,"gold_gain":0,"player_choice":"Opened","damage_taken":0,"relics_obtained":["Matryoshka"],"max_hp_gain":0,"max_hp_loss":0,"event_name":"The Mausoleum","floor":21,"gold_loss":0,"cards_obtained":["Writhe"]},{"damage_healed":0,"gold_gain":0,"player_choice":"Shed Blood","damage_taken":20,"max_hp_gain":5,"max_hp_loss":0,"event_name":"Forgotten Altar","floor":22,"gold_loss":0}],"is_beta":false,"boss_relics":[{"not_picked":["Coffee Dripper","Tiny House"],"picked":"Black Star"}],"items_purged_floors":[],"is_endless":false,"potions_floor_spawned":[10,13,18],"killed_by":"Gremlin Leader","ascension_level":2}