{"gold_per_floor":[114,289,299,299,313,338,338,368,416,416,68,96,129,54,54,159,159,170,170,157,5,24,54,76,117,154,166,277,300,344,366,378,493,505,534,546,125,136,136,136,170,185,185,185,220,220,237,237],"floor_reached":48,"playtime":5498,"items_purged":["Doubt"],"score":739,"play_id":"3a2ac805-e128-44f3-b0c4-55336c6d8ee2","local_time":"20190212171730","is_ascension_mode":true,"campfire_choices":[{"floor":7,"key":"REST"},{"data":"Go for the Eyes","floor":10,"key":"SMITH"},{"data":"Defragment","floor":15,"key":"SMITH"},{"floor":32,"key":"RECALL"},{"floor":40,"key":"REST"}],"neow_cost":"PERCENT_DAMAGE","seed_source_timestamp":404011287398398,"circlet_count":0,"master_deck":["Strike_B","Strike_B","Defend_B","Defend_B","Defend_B","Zap","Dualcast","Conserve Battery","Go for the Eyes+1","Consume","Hologram","Defragment+1","Coolheaded","Force Field","Loop","Seek","Cold Snap","Defragment","Heatsinks+1","Capacitor+1","FTL+1","Steam Power","Redo+1","Creative AI+1","Heatsinks+1","Consume","Aggregate+1","Normality","Impatience"],"relics":["Cracked Core","Pantograph","Dream Catcher","Omamori","Anchor","Odd Mushroom","Meat on the Bone","Cursed Key","WarpedTongs","Oddly Smooth Stone","MawBank","Red Mask","Regal Pillow","Frozen Egg 2","Fusion Hammer","PreservedInsect","Medical Kit","Letter Opener","Vajra","Potion Belt"],"potions_floor_usage":[12,13,20,24,25,30,33,38,41,42],"damage_taken":[{"damage":0,"enemies":"2 Louse","floor":1,"turns":3},{"damage":3,"enemies":"Jaw Worm","floor":3,"turns":4},{"damage":0,"enemies":"Cultist","floor":5,"turns":4},{"damage":40,"enemies":"3 Sentries","floor":6,"turns":10},{"damage":25,"enemies":"Lagavulin","floor":8,"turns":8},{"damage":4,"enemies":"The Mushroom Lair","floor":12,"turns":6},{"damage":2,"enemies":"3 Sentries","floor":13,"turns":16},{"damage":19,"enemies":"Hexaghost","floor":16,"turns":16},{"damage":0,"enemies":"Shell Parasite","floor":18,"turns":11},{"damage":0,"enemies":"2 Thieves","floor":20,"turns":4},{"damage":0,"enemies":"Centurion and Healer","floor":22,"turns":9},{"damage":0,"enemies":"Book of Stabbing","floor":23,"turns":10},{"damage":0,"enemies":"Snecko","floor":24,"turns":7},{"damage":24,"enemies":"Masked Bandits","floor":25,"turns":8},{"damage":8,"enemies":"Snake Plant","floor":29,"turns":6},{"damage":10,"enemies":"Slavers","floor":30,"turns":8},{"damage":12,"enemies":"Centurion and Healer","floor":31,"turns":7},{"damage":16,"enemies":"Collector","floor":33,"turns":16},{"damage":0,"enemies":"Orb Walker","floor":35,"turns":5},{"damage":0,"enemies":"3 Shapes","floor":38,"turns":5},{"damage":70,"enemies":"Reptomancer","floor":41,"turns":9},{"damage":0,"enemies":"Transient","floor":42,"turns":5},{"damage":20,"enemies":"Nemesis","floor":45,"turns":5},{"damage":11,"enemies":"Writhing Mass","floor":47,"turns":7},{"damage":35,"enemies":"Reptomancer","floor":48,"turns":2}],"seed_played":"-9155153041781002687","potions_obtained":[{"floor":6,"key":"Energy Potion"},{"floor":8,"key":"Weak Potion"},{"floor":13,"key":"FearPotion"},{"floor":18,"key":"EssenceOfSteel"},{"floor":20,"key":"PowerPotion"},{"floor":23,"key":"Weak Potion"},{"floor":24,"key":"SkillPotion"},{"floor":31,"key":"SkillPotion"},{"floor":38,"key":"SkillPotion"},{"floor":41,"key":"Regen Potion"}],"is_trial":false,"path_per_floor":["?","T","M","?","?","M","?","?","?","M","?","?","?"],"character_chosen":"DEFECT","items_purchased":["Defragment","Anchor","Coolheaded","Loop","Oddly Smooth Stone","PreservedInsect","Heatsinks+1","Medical Kit"],"campfire_rested":2,"item_purchase_floors":[11,11,11,14,21,37,37,37],"current_hp_per_floor":[54,54,51,51,51,11,33,8,8,8,8,4,2,2,2,20,61,61,61,61,61,61,61,61,49,49,49,49,41,43,43,43,52,69,69,69,69,69,69,75,17,44,44,44,36,26,27,0],"gold":237,"neow_bonus":"REMOVE_TWO","is_prod":false,"is_daily":false,"chose_seed":false,"campfire_upgraded":2,"win_rate":0,"timestamp":1549988250,"path_taken":["M","?","M","?","?","E","R","E","T","R","$","?","E","$","R","BOSS","M","?","?","$","M","E","M","?","T","?","?","M","E","?","R","BOSS","M","?","$","M","$","R","E","M","T","?","E","?","M","E"],"build_version":"2019-01-23","purchased_purges":1,"victory":false,"max_hp_per_floor":[75,75,75,75,75,75,75,75,75,75,75,75,75,75,75,75,75,75,75,75,75,75,75,75,75,75,75,75,75,75,75,75,75,75,75,75,75,75,75,75,75,75,75,71,71,71,71,71],"card_choices":[{"not_picked":["Steam","Beam Cell","Heatsinks"],"picked":"SKIP","floor":1},{"not_picked":["Steam","Rip and Tear"],"picked":"Conserve Battery","floor":3},{"not_picked":["Gash","Heatsinks"],"picked":"Go for the Eyes","floor":5},{"not_picked":["Barrage","Thunder Strike"],"picked":"Consume","floor":6},{"not_picked":["Redo","Compile Driver"],"picked":"Hologram","floor":8},{"not_picked":["Beam Cell","Thunder Strike"],"picked":"Force Field","floor":13},{"not_picked":["Machine Learning","Rainbow"],"picked":"Seek","floor":16},{"not_picked":["Streamline","Consume"],"picked":"Cold Snap","floor":18},{"not_picked":["Leap","Meteor Strike"],"picked":"Defragment","floor":20},{"not_picked":["Ball Lightning","Blizzard+1"],"picked":"Heatsinks+1","floor":22},{"not_picked":["Cold Snap","Hologram","Reinforced Body+1"],"picked":"SKIP","floor":23},{"not_picked":["Consume","Auto Shields","Undo"],"picked":"SKIP","floor":24},{"not_picked":["Gash","Stack"],"picked":"Capacitor+1","floor":25},{"not_picked":["Rip and Tear","Recycle"],"picked":"FTL+1","floor":29},{"not_picked":["Tempest+1","Coolheaded"],"picked":"Steam Power","floor":30},{"not_picked":["Scrape","Cold Snap"],"picked":"Redo+1","floor":31},{"not_picked":["Buffer+1","Amplify"],"picked":"Creative AI+1","floor":33},{"not_picked":["Sweeping Beam+1","Darkness+1","Streamline"],"picked":"SKIP","floor":35},{"not_picked":["Beam Cell+1","Reinforced Body+1","Darkness"],"picked":"SKIP","floor":38},{"not_picked":["Doom and Gloom","Meteor Strike"],"picked":"Consume","floor":41},{"not_picked":["Steam+1","Coolheaded"],"picked":"Aggregate+1","floor":42},{"not_picked":["Rip and Tear","Gash+1","Beam Cell"],"picked":"SKIP","floor":45},{"not_picked":["Dark Shackles","Panache+1"],"picked":"Impatience","floor":46},{"not_picked":["Hologram+1","Go for the Eyes","Sweeping Beam"],"picked":"SKIP","floor":47}],"player_experience":151910,"relics_obtained":[{"floor":6,"key":"Pantograph"},{"floor":8,"key":"Dream Catcher"},{"floor":9,"key":"Omamori"},{"floor":12,"key":"Odd Mushroom"},{"floor":13,"key":"Meat on the Bone"},{"floor":23,"key":"MawBank"},{"floor":25,"key":"Red Mask"},{"floor":26,"key":"Regal Pillow"},{"floor":30,"key":"Frozen Egg 2"},{"floor":41,"key":"Letter Opener"},{"floor":43,"key":"Vajra"},{"floor":45,"key":"Potion Belt"}],"event_choices":[{"damage_healed":0,"gold_gain":175,"player_choice":"AGREE","damage_taken":0,"max_hp_gain":0,"max_hp_loss":0,"event_name":"Liars Game","floor":2,"gold_loss":0,"cards_obtained":["Doubt"]},{"damage_healed":0,"gold_gain":0,"player_choice":"Fought Mushrooms","damage_taken":0,"max_hp_gain":0,"max_hp_loss":0,"event_name":"Mushrooms","floor":12,"gold_loss":0},{"damage_healed":0,"gold_gain":0,"player_choice":"Rummage","damage_taken":0,"relics_obtained":["WarpedTongs"],"max_hp_gain":0,"max_hp_loss":0,"event_name":"Accursed Blacksmith","floor":19,"gold_loss":0,"cards_obtained":["Pain"]},{"damage_healed":0,"gold_gain":0,"player_choice":"Fought Bandits","damage_taken":0,"max_hp_gain":0,"max_hp_loss":0,"event_name":"Masked Bandits","floor":25,"gold_loss":0},{"damage_healed":0,"gold_gain":0,"player_choice":"Ignored","damage_taken":0,"max_hp_gain":0,"max_hp_loss":0,"event_name":"Vampires","floor":27,"gold_loss":0},{"damage_healed":0,"gold_gain":99,"player_choice":"Stole From Cult","damage_taken":0,"max_hp_gain":0,"max_hp_loss":0,"event_name":"Nest","floor":28,"gold_loss":0},{"cards_removed":["Defend_B"],"damage_healed":0,"gold_gain":0,"player_choice":"Removed Skill","damage_taken":0,"max_hp_gain":0,"max_hp_loss":0,"event_name":"Falling","floor":36,"gold_loss":0},{"damage_healed":0,"gold_gain":0,"player_choice":"Max HP","damage_taken":0,"max_hp_gain":0,"max_hp_loss":4,"event_name":"Winding Halls","floor":44,"gold_loss":0},{"damage_healed":0,"gold_gain":0,"player_choice":"Memory 3","damage_taken":10,"max_hp_gain":0,"max_hp_loss":0,"event_name":"SensoryStone","floor":46,"gold_loss":0}],"is_beta":false,"boss_relics":[{"not_picked":["Velvet Choker","Ectoplasm"],"picked":"Cursed Key"},{"not_picked":["Tiny House","White Beast Statue"],"picked":"Fusion Hammer"}],"items_purged_floors":[11],"is_endless":false,"potions_floor_spawned":[6,8,13,18,20,23,24,31,38,41],"killed_by":"Reptomancer","ascension_level":5}