{"gold_per_floor":[110,35,35,47,23,56,70,70,70,70,70,87,87,102,102,197,197,212,238,337,337,337,337,350,364,364,364,377,395,408,408,408,408],"floor_reached":33,"playtime":5382,"items_purged":["Clumsy"],"score":247,"play_id":"ca3c89ef-0c36-4bf3-86c9-35715c3538bf","local_time":"20190223231055","is_ascension_mode":false,"campfire_choices":[{"data":"Armaments","floor":8,"key":"SMITH"},{"data":"Pommel Strike","floor":10,"key":"SMITH"},{"data":"Pommel Strike","floor":13,"key":"SMITH"},{"data":"Flex","floor":15,"key":"SMITH"},{"floor":23,"key":"REST"},{"floor":27,"key":"REST"},{"floor":32,"key":"REST"}],"neow_cost":"CURSE","seed_source_timestamp":627582013211059,"circlet_count":0,"master_deck":["Strike_R","Strike_R","Strike_R","Strike_R","Defend_R","Defend_R","Defend_R","Defend_R","Bash","Pommel Strike+1","Pommel Strike+1","Armaments+1","Dual Wield","Iron Wave","Iron Wave","Flex+1","Fiend Fire","Dark Embrace","Clothesline","True Grit","Reaper","Armaments","Shrug It Off","Body Slam","Headbutt","J.A.X.","Limit Break","Spot Weakness+1","Seeing Red+1","Dropkick","Reaper","Decay"],"relics":["Burning Blood","Thread and Needle","Question Card","Vajra","Orrery","Red Mask","Gremlin Horn"],"potions_floor_usage":[14,19,19,29,30,33],"damage_taken":[{"damage":8,"enemies":"Jaw Worm","floor":1,"turns":4},{"damage":0,"enemies":"2 Louse","floor":4,"turns":3},{"damage":38,"enemies":"Lagavulin","floor":6,"turns":10},{"damage":0,"enemies":"Cultist","floor":7,"turns":3},{"damage":2,"enemies":"Exordium Thugs","floor":12,"turns":5},{"damage":2,"enemies":"Large Slime","floor":14,"turns":5},{"damage":28,"enemies":"The Guardian","floor":16,"turns":14},{"damage":57,"enemies":"3 Byrds","floor":18,"turns":12},{"damage":47,"enemies":"Masked Bandits","floor":19,"turns":7},{"damage":23,"enemies":"Spheric Guardian","floor":24,"turns":6},{"damage":10,"enemies":"Snecko","floor":25,"turns":7},{"damage":25,"enemies":"Snake Plant","floor":28,"turns":5},{"damage":21,"enemies":"Sentry and Sphere","floor":29,"turns":9},{"damage":4,"enemies":"Shelled Parasite and Fungi","floor":30,"turns":10},{"damage":54,"enemies":"Champ","floor":33,"turns":15}],"seed_played":"3081125175215122698","potions_obtained":[{"floor":1,"key":"Regen Potion"},{"floor":7,"key":"SkillPotion"},{"floor":12,"key":"AttackPotion"},{"floor":19,"key":"GamblersBrew"},{"floor":29,"key":"SpeedPotion"},{"floor":30,"key":"FearPotion"}],"is_trial":false,"path_per_floor":["M","$","?","M","$","E","M","R","T","R","?","M","R","M","R","B",null,"M","?","?","?","?","R","M","M","T","R","M","M","M","?","R","B"],"character_chosen":"IRONCLAD","items_purchased":["Armaments"],"campfire_rested":3,"item_purchase_floors":[5],"current_hp_per_floor":[78,78,83,85,85,53,59,59,59,59,59,63,63,81,81,59,85,49,8,8,8,8,33,16,18,18,43,24,9,11,11,36,0],"gold":408,"neow_bonus":"ONE_RARE_RELIC","is_prod":false,"is_daily":false,"chose_seed":false,"campfire_upgraded":4,"win_rate":0,"timestamp":1550931055,"path_taken":["M","$","?","M","$","E","M","R","T","R","?","M","R","?","R","BOSS","M","?","?","?","?","R","M","M","T","R","?","?","M","?","R","BOSS"],"build_version":"2019-01-23","purchased_purges":1,"victory":false,"max_hp_per_floor":[80,80,85,85,85,85,85,85,85,85,85,85,85,85,85,85,85,85,85,85,85,85,85,85,85,85,85,85,85,85,85,85,85],"card_choices":[{"not_picked":["True Grit","Wild Strike"],"picked":"Pommel Strike","floor":1},{"not_picked":["Twin Strike","Rampage"],"picked":"Pommel Strike","floor":4},{"not_picked":["Evolve","Flex"],"picked":"Dual Wield","floor":6},{"not_picked":["Flex","Body Slam","Cleave"],"picked":"Iron Wave","floor":7},{"not_picked":["Havoc","Warcry","Twin Strike"],"picked":"Flex","floor":12},{"not_picked":["Thunderclap","Second Wind","Searing Blow"],"picked":"Fiend Fire","floor":14},{"not_picked":["Limit Break","Berserk","Barricade"],"picked":"Dark Embrace","floor":16},{"not_picked":["Battle Trance","Anger","Havoc"],"picked":"Clothesline","floor":17},{"not_picked":["Disarm","Hemokinesis","Thunderclap"],"picked":"True Grit","floor":17},{"not_picked":["Headbutt","Sword Boomerang","Heavy Blade"],"picked":"Reaper","floor":17},{"not_picked":["Anger","Shrug It Off","Perfected Strike"],"picked":"Armaments","floor":17},{"not_picked":["Entrench","Sword Boomerang","Sever Soul"],"picked":"Shrug It Off","floor":17},{"not_picked":["Shrug It Off","Carnage","Iron Wave+1"],"picked":"Body Slam","floor":18},{"not_picked":["Evolve","Sever Soul","Anger+1"],"picked":"Headbutt","floor":19},{"not_picked":["Sword Boomerang","Flame Barrier","Second Wind"],"picked":"Limit Break","floor":24},{"not_picked":["Sword Boomerang","Twin Strike","Wild Strike"],"picked":"Spot Weakness+1","floor":25},{"not_picked":["Wild Strike","Clash","Iron Wave"],"picked":"Seeing Red+1","floor":28},{"not_picked":["Uppercut","Wild Strike+1","Pommel Strike"],"picked":"Dropkick","floor":29},{"not_picked":["Infernal Blade","Twin Strike","Bloodletting"],"picked":"Reaper","floor":30}],"player_experience":356951,"relics_obtained":[{"floor":6,"key":"Question Card"},{"floor":9,"key":"Vajra"},{"floor":19,"key":"Red Mask"},{"floor":26,"key":"Gremlin Horn"}],"event_choices":[{"damage_healed":0,"gold_gain":0,"player_choice":"Donut","damage_taken":0,"max_hp_gain":5,"max_hp_loss":0,"event_name":"Big Fish","floor":3,"gold_loss":0},{"cards_removed":["Strike_R"],"damage_healed":0,"gold_gain":0,"player_choice":"Took Card","damage_taken":0,"max_hp_gain":0,"max_hp_loss":0,"event_name":"NoteForYourself","floor":11,"gold_loss":0,"cards_obtained":["Iron Wave"]},{"damage_healed":0,"gold_gain":0,"player_choice":"Fought Bandits","damage_taken":0,"max_hp_gain":0,"max_hp_loss":0,"event_name":"Masked Bandits","floor":19,"gold_loss":0},{"damage_healed":0,"gold_gain":99,"player_choice":"Stole From Cult","damage_taken":0,"max_hp_gain":0,"max_hp_loss":0,"event_name":"Nest","floor":20,"gold_loss":0},{"damage_healed":0,"gold_gain":0,"player_choice":"Obtain J.A.X.","damage_taken":0,"max_hp_gain":0,"max_hp_loss":0,"event_name":"Drug Dealer","floor":21,"gold_loss":0,"cards_obtained":["J.A.X."]},{"damage_healed":0,"gold_gain":0,"player_choice":"Ignored","damage_taken":0,"max_hp_gain":0,"max_hp_loss":0,"event_name":"Cursed Tome","floor":22,"gold_loss":0},{"damage_healed":0,"gold_gain":0,"player_choice":"Cursed","damage_taken":0,"max_hp_gain":0,"max_hp_loss":0,"event_name":"Wheel of Change","floor":31,"gold_loss":0,"cards_obtained":["Decay"]}],"is_beta":false,"boss_relics":[{"not_picked":["Tiny House","Empty Cage"],"picked":"Orrery"}],"items_purged_floors":[2],"is_endless":false,"potions_floor_spawned":[1,7,12,19,29,30],"killed_by":"Champ","ascension_level":0}