{"gold_per_floor":[114,126,51,67,86,113,113,113,113,127,127,27,42,53,53,152,152,172,172,190,210,85,85,112,112,112,112,128,128,140,150,150,250,250,266,266,283,139,158,158,177,117,171,171],"floor_reached":44,"playtime":3906,"items_purged":["Strike_B","Strike_B","Heatsinks"],"score":434,"play_id":"ce2a01f8-ee74-4dfa-b048-6db86d822c9b","local_time":"20190120154914","is_ascension_mode":false,"campfire_choices":[{"data":"Multi-Cast","floor":8,"key":"SMITH"},{"data":"Self Repair","floor":11,"key":"SMITH"},{"data":"Zap","floor":15,"key":"SMITH"},{"data":"Electrodynamics","floor":23,"key":"SMITH"},{"data":"Capacitor","floor":25,"key":"SMITH"},{"data":"Dualcast","floor":27,"key":"SMITH"},{"floor":32,"key":"REST"},{"floor":40,"key":"REST"}],"neow_cost":"NONE","seed_source_timestamp":99881304667146,"circlet_count":0,"master_deck":["Zap+1","Dualcast+1","Multi-Cast+1","Self Repair+1","Leap+1","Electrodynamics+1","Fission+1","Capacitor+1","Consume+1","Leap+1","Redo+1","BootSequence+1","Fission+1","Defragment+1","BootSequence+1"],"relics":["Cracked Core","NeowsBlessing","Meat on the Bone","Toxic Egg 2","Pandora\u0027s Box","Kunai","Dodecahedron","Omamori","Empty Cage","Ancient Tea Set","Pen Nib"],"potions_floor_usage":[16,28,28,33],"damage_taken":[{"damage":0,"enemies":"Small Slimes","floor":1,"turns":1},{"damage":0,"enemies":"Cultist","floor":2,"turns":1},{"damage":0,"enemies":"2 Louse","floor":4,"turns":1},{"damage":13,"enemies":"Red Slaver","floor":5,"turns":3},{"damage":25,"enemies":"3 Sentries","floor":6,"turns":7},{"damage":0,"enemies":"2 Fungi Beasts","floor":10,"turns":3},{"damage":11,"enemies":"Large Slime","floor":13,"turns":6},{"damage":0,"enemies":"Blue Slaver","floor":14,"turns":4},{"damage":41,"enemies":"Slime Boss","floor":16,"turns":13},{"damage":12,"enemies":"Shell Parasite","floor":18,"turns":3},{"damage":0,"enemies":"3 Byrds","floor":20,"turns":2},{"damage":14,"enemies":"Cultist and Chosen","floor":21,"turns":3},{"damage":15,"enemies":"Gremlin Leader","floor":24,"turns":5},{"damage":2,"enemies":"Chosen and Byrds","floor":28,"turns":4},{"damage":12,"enemies":"Centurion and Healer","floor":30,"turns":5},{"damage":16,"enemies":"Snecko","floor":31,"turns":5},{"damage":51,"enemies":"Collector","floor":33,"turns":7},{"damage":9,"enemies":"3 Darklings","floor":35,"turns":3},{"damage":21,"enemies":"Orb Walker","floor":37,"turns":4},{"damage":29,"enemies":"4 Shapes","floor":39,"turns":3},{"damage":37,"enemies":"Jaw Worm Horde","floor":41,"turns":3},{"damage":61,"enemies":"Reptomancer","floor":44,"turns":2}],"seed_played":"6826074564648200283","potions_obtained":[{"floor":5,"key":"SteroidPotion"},{"floor":10,"key":"Poison Potion"},{"floor":13,"key":"SpeedPotion"},{"floor":16,"key":"AttackPotion"},{"floor":28,"key":"SpeedPotion"},{"floor":30,"key":"Energy Potion"},{"floor":33,"key":"FearPotion"},{"floor":37,"key":"SpeedPotion"}],"is_trial":false,"path_per_floor":["M","M","$","M","M","E","?","R","T","M","R","$","M","M","R","B",null,"M","?","M","M","$","R","E","R","T","R","M","?","M","M","R","B",null,"M","?","M","$","M","R","M","?","T","E"],"character_chosen":"DEFECT","items_purchased":["Ancient Tea Set"],"campfire_rested":2,"item_purchase_floors":[38],"current_hp_per_floor":[75,75,75,75,62,37,37,37,37,49,49,49,48,58,58,39,75,73,75,75,71,71,71,66,66,66,66,74,74,72,66,75,46,75,66,66,55,55,48,70,45,45,45,0],"gold":171,"neow_bonus":"THREE_ENEMY_KILL","is_prod":false,"is_daily":false,"chose_seed":false,"campfire_upgraded":6,"win_rate":0.0,"timestamp":1547995754,"path_taken":["M","M","$","M","M","E","?","R","T","M","R","$","?","M","R","BOSS","M","?","M","M","$","R","E","R","T","R","?","?","M","M","R","BOSS","M","?","M","$","M","R","M","?","T","E"],"build_version":"2019-01-17v2","purchased_purges":3,"victory":false,"max_hp_per_floor":[75,75,75,75,75,75,75,75,75,75,75,75,75,75,75,75,75,75,75,75,75,75,75,75,75,75,75,75,75,75,75,75,75,75,75,75,75,75,75,75,75,75,75,75],"card_choices":[{"not_picked":["Beam Cell","Gash"],"picked":"Sweeping Beam","floor":1},{"not_picked":["Rebound","Glacier","Steam"],"picked":"SKIP","floor":2},{"not_picked":["Redo","Scrape"],"picked":"Multi-Cast","floor":4},{"not_picked":["Gash","Stack","Hello World"],"picked":"SKIP","floor":5},{"not_picked":["Force Field","Beam Cell"],"picked":"Coolheaded","floor":6},{"not_picked":["Compile Driver","Darkness+1"],"picked":"Self Repair","floor":10},{"not_picked":["Self Repair","Streamline"],"picked":"Leap+1","floor":13},{"not_picked":["Melter","Coolheaded+1"],"picked":"Multi-Cast+1","floor":14},{"not_picked":["Seek+1","Reboot+1"],"picked":"Electrodynamics","floor":16},{"not_picked":["Go for the Eyes","Cold Snap"],"picked":"Leap+1","floor":18},{"not_picked":["Gash","Ball Lightning"],"picked":"Redo+1","floor":20},{"not_picked":["Seek+1","Gash+1","Reprogram+1"],"picked":"SKIP","floor":21},{"not_picked":["Ball Lightning","Compile Driver"],"picked":"BootSequence+1","floor":24},{"not_picked":["Cold Snap","Conserve Battery+1","Go for the Eyes"],"picked":"SKIP","floor":28},{"not_picked":["Compile Driver","Self Repair","Rebound"],"picked":"SKIP","floor":30},{"not_picked":["Go for the Eyes+1","Cold Snap+1","Compile Driver"],"picked":"SKIP","floor":31},{"not_picked":["Multi-Cast+1","Biased Cognition"],"picked":"Fission+1","floor":33},{"not_picked":["Gash","Reinforced Body+1"],"picked":"Defragment+1","floor":35},{"not_picked":["Cold Snap+1","FTL+1","Defragment"],"picked":"SKIP","floor":37},{"not_picked":["Capacitor+1","Go for the Eyes","Compile Driver"],"picked":"SKIP","floor":39},{"not_picked":["Hologram+1","Sweeping Beam"],"picked":"BootSequence+1","floor":41}],"player_experience":44575,"relics_obtained":[{"floor":6,"key":"Meat on the Bone"},{"floor":9,"key":"Toxic Egg 2"},{"floor":24,"key":"Kunai"},{"floor":26,"key":"Dodecahedron"},{"floor":43,"key":"Pen Nib"}],"event_choices":[{"cards_removed":["Defend_B"],"damage_healed":0,"gold_gain":0,"player_choice":"Purged","damage_taken":0,"max_hp_gain":0,"max_hp_loss":0,"event_name":"Purifier","floor":7,"gold_loss":0},{"cards_removed":["Blizzard"],"damage_healed":2,"gold_gain":0,"player_choice":"Offered Uncommon","damage_taken":0,"max_hp_gain":0,"max_hp_loss":0,"event_name":"Bonfire Elementals","floor":19,"gold_loss":0},{"damage_healed":0,"gold_gain":0,"player_choice":"Opened","damage_taken":0,"relics_obtained":["Omamori"],"max_hp_gain":0,"max_hp_loss":0,"event_name":"The Mausoleum","floor":29,"gold_loss":0,"cards_obtained":["Writhe"]},{"cards_removed":["Sweeping Beam"],"damage_healed":0,"gold_gain":0,"player_choice":"Removed Attack","damage_taken":0,"max_hp_gain":0,"max_hp_loss":0,"event_name":"Falling","floor":36,"gold_loss":0},{"cards_removed":["Multi-Cast"],"damage_healed":0,"gold_gain":0,"player_choice":"Single Remove","damage_taken":0,"max_hp_gain":0,"max_hp_loss":0,"event_name":"Designer","floor":42,"gold_loss":60}],"is_beta":false,"boss_relics":[{"not_picked":["Eternal Feather","Philosopher\u0027s Stone"],"picked":"Pandora\u0027s Box"},{"not_picked":["Tiny House","Busted Crown"],"picked":"Empty Cage"}],"items_purged_floors":[3,12,22],"is_endless":false,"potions_floor_spawned":[5,10,13,16,20,21,28,30,33,37,41],"killed_by":"Reptomancer","ascension_level":0}