{"path_per_floor":["M","$","?","M","$","E","M","?","T","R","M","?","M","$","R"],"character_chosen":"DEFECT","items_purchased":["Scrape","Steam","FTL","Flash of Steel","Vajra"],"gold_per_floor":[113,33,33,53,6,39,56,231,257,257,269,298,313,41,41,41],"floor_reached":16,"campfire_rested":2,"playtime":467,"item_purchase_floors":[2,5,14,14,14],"current_hp_per_floor":[61,61,61,61,61,48,42,42,42,62,57,37,30,30,50,0],"items_purged":[],"gold":41,"score":120,"play_id":"94bcd4a9-2418-4fa1-a2b8-448997c768d6","local_time":"20180603075704","is_prod":false,"is_daily":false,"chose_seed":false,"is_ascension_mode":true,"campfire_upgraded":0,"win_rate":0,"timestamp":1527976624,"campfire_choices":[{"floor":10,"key":"REST"},{"floor":15,"key":"REST"}],"path_taken":["M","$","?","M","?","E","M","?","T","R","?","?","?","$","R","BOSS"],"build_version":"2018-05-31","seed_source_timestamp":185492743244549,"purchased_purges":0,"victory":false,"master_deck":["Strike_B","Strike_B","Strike_B","Defend_B","Defend_B","Defend_B","Zap","Dualcast+1","Machine Learning","Lockon","Gash","Scrape","Sweeping Beam","Steam","Sweeping Beam","Chill","Doubt","Gash","Hologram","Stack","FTL","Flash of Steel"],"max_hp_per_floor":[68,68,68,68,68,68,68,68,68,68,68,68,68,68,68,68],"relics":["Cracked Core","DataDisk","Singing Bowl","Odd Mushroom","Vajra"],"card_choices":[{"not_picked":["Barrage","FTL"],"picked":"Gash","floor":1},{"not_picked":["Reprogram","Static Discharge"],"picked":"Sweeping Beam","floor":4},{"not_picked":["Genetic Algorithm","Self Repair"],"picked":"Sweeping Beam","floor":6},{"not_picked":["Turbo","Double Energy"],"picked":"Chill","floor":7},{"not_picked":["Barrage","Static Discharge"],"picked":"Gash","floor":11},{"not_picked":["Streamline","Stack"],"picked":"Hologram","floor":12},{"not_picked":["Doom and Gloom","Hologram"],"picked":"Stack","floor":13}],"player_experience":146908,"potions_floor_usage":[16,16],"damage_taken":[{"damage":7,"enemies":"Small Slimes","floor":1,"turns":3},{"damage":0,"enemies":"Cultist","floor":4,"turns":2},{"damage":13,"enemies":"Gremlin Nob","floor":6,"turns":3},{"damage":6,"enemies":"Jaw Worm","floor":7,"turns":2},{"damage":5,"enemies":"Exordium Thugs","floor":11,"turns":5},{"damage":20,"enemies":"The Mushroom Lair","floor":12,"turns":3},{"damage":7,"enemies":"Blue Slaver","floor":13,"turns":3},{"damage":52,"enemies":"Hexaghost","floor":16,"turns":9}],"relics_obtained":[{"floor":6,"key":"DataDisk"},{"floor":9,"key":"Singing Bowl"},{"floor":12,"key":"Odd Mushroom"}],"event_choices":[{"event_name":"Upgrade Shrine","player_choice":"Upgraded","floor":3,"damage_taken":0},{"event_name":"Liars Game","player_choice":"agreed","floor":8,"damage_taken":0},{"event_name":"Mushrooms","player_choice":"Fought Mushrooms","floor":12,"damage_taken":0}],"boss_relics":[],"items_purged_floors":[],"potions_floor_spawned":[7,11,13],"seed_played":"4638863159679826379","killed_by":"Hexaghost","ascension_level":4,"potions_obtained":[{"floor":7,"key":"PowerPotion"},{"floor":11,"key":"Poison Potion"},{"floor":13,"key":"Energy Potion"}],"is_trial":false}