{"gold_per_floor":[109,109,109,122,40,40,40,40,66,66,85,111,141,69,69,168,168,182,182,202,221,234,234,234,234,260,185,204,303,14,14,14,14],"floor_reached":33,"playtime":772,"items_purged":[],"score":266,"play_id":"aff54e89-47cf-4b37-9f6f-02bfe38c3462","local_time":"20190119033400","is_ascension_mode":false,"campfire_choices":[{"data":"Panacea","floor":6,"key":"SMITH"},{"data":"Zap","floor":8,"key":"SMITH"},{"data":"Sweeping Beam","floor":10,"key":"SMITH"},{"data":"Static Discharge","floor":15,"key":"SMITH"},{"floor":23,"key":"REST"},{"floor":25,"key":"REST"},{"data":"Tempest","floor":32,"key":"SMITH"}],"neow_cost":"NONE","seed_source_timestamp":198220146845418,"circlet_count":0,"master_deck":["Defend_B","Defend_B","Defend_B","Zap+1","Dualcast","Force Field","Sweeping Beam+1","Panacea+1","Rebound","Ball Lightning","Static Discharge+1","Thunder Strike","Gash+1","Gash+1","Steam","Go for the Eyes","Tempest+1","Loop","Bite","Bite","Bite","Bite","Bite"],"relics":["Cracked Core","NeowsBlessing","Anchor","Pen Nib","Vajra","Inserter","FossilizedHelix","Ancient Tea Set","MealTicket"],"potions_floor_usage":[16,16],"damage_taken":[{"damage":0,"enemies":"Small Slimes","floor":1,"turns":1},{"damage":0,"enemies":"Jaw Worm","floor":4,"turns":1},{"damage":0,"enemies":"2 Louse","floor":11,"turns":1},{"damage":18,"enemies":"3 Sentries","floor":13,"turns":4},{"damage":55,"enemies":"The Guardian","floor":16,"turns":9},{"damage":26,"enemies":"3 Byrds","floor":18,"turns":3},{"damage":20,"enemies":"Spheric Guardian","floor":20,"turns":4},{"damage":11,"enemies":"Snake Plant","floor":21,"turns":2},{"damage":0,"enemies":"Chosen and Byrds","floor":22,"turns":6},{"damage":16,"enemies":"Shelled Parasite and Fungi","floor":28,"turns":4},{"damage":57,"enemies":"Collector","floor":33,"turns":3}],"seed_played":"9107828575553922885","potions_obtained":[{"floor":4,"key":"Dexterity Potion"},{"floor":13,"key":"GamblersBrew"}],"is_trial":false,"path_per_floor":["M","?","?","M","$","R","$","R","T","R","M","T","E","$","R","B",null,"M","?","M","M","M","R","T","R","T","?","M","?","$","?","R","B"],"character_chosen":"DEFECT","items_purchased":["Panacea","Static Discharge","MealTicket","Loop"],"campfire_rested":2,"item_purchase_floors":[5,14,30,30],"current_hp_per_floor":[75,75,80,80,80,80,80,80,80,80,80,80,62,62,62,7,80,54,54,34,23,23,47,47,71,71,71,55,55,55,55,55,0],"gold":14,"neow_bonus":"THREE_ENEMY_KILL","is_prod":false,"is_daily":false,"chose_seed":false,"campfire_upgraded":5,"win_rate":0.0,"timestamp":1547886840,"path_taken":["M","?","?","M","$","R","$","R","T","R","M","?","E","?","R","BOSS","M","?","M","M","?","R","?","R","T","?","M","?","$","?","R","BOSS"],"build_version":"2019-01-17v2","purchased_purges":0,"victory":false,"max_hp_per_floor":[75,75,80,80,80,80,80,80,80,80,80,80,80,80,80,80,80,80,80,80,80,80,80,80,80,80,80,80,80,80,56,56,56],"card_choices":[{"not_picked":["Redo","Compile Driver"],"picked":"Force Field","floor":1},{"not_picked":["Aggregate","Redo"],"picked":"Sweeping Beam","floor":4},{"not_picked":["Barrage","Steam"],"picked":"Rebound","floor":11},{"not_picked":["Rebound","BootSequence"],"picked":"Ball Lightning","floor":13},{"not_picked":["Biased Cognition","Meteor Strike"],"picked":"Thunder Strike","floor":16},{"not_picked":["Reprogram","Streamline+1"],"picked":"Gash","floor":18},{"not_picked":["Barrage","Coolheaded"],"picked":"Gash+1","floor":20},{"not_picked":["Rip and Tear+1","Streamline"],"picked":"Steam","floor":21},{"not_picked":["Coolheaded","Chill"],"picked":"Go for the Eyes","floor":22},{"not_picked":["Consume","Melter+1"],"picked":"Tempest","floor":28}],"player_experience":117558,"relics_obtained":[{"floor":9,"key":"Anchor"},{"floor":12,"key":"Pen Nib"},{"floor":13,"key":"Vajra"},{"floor":24,"key":"FossilizedHelix"},{"floor":26,"key":"Ancient Tea Set"}],"event_choices":[{"damage_healed":0,"gold_gain":0,"player_choice":"Leave","damage_taken":0,"max_hp_gain":0,"max_hp_loss":0,"event_name":"The Cleric","floor":2,"gold_loss":0},{"damage_healed":0,"gold_gain":0,"player_choice":"Donut","damage_taken":0,"max_hp_gain":5,"max_hp_loss":0,"event_name":"Big Fish","floor":3,"gold_loss":0},{"damage_healed":0,"gold_gain":0,"player_choice":"Upgraded","damage_taken":0,"max_hp_gain":0,"max_hp_loss":0,"event_name":"Upgrade Shrine","floor":19,"gold_loss":0,"cards_upgraded":["Gash"]},{"cards_removed":["Defend_B"],"damage_healed":0,"gold_gain":0,"player_choice":"Gave Gold","damage_taken":0,"max_hp_gain":0,"max_hp_loss":0,"event_name":"Beggar","floor":27,"gold_loss":75},{"damage_healed":0,"gold_gain":99,"player_choice":"Stole From Cult","damage_taken":0,"max_hp_gain":0,"max_hp_loss":0,"event_name":"Nest","floor":29,"gold_loss":0},{"damage_healed":0,"gold_gain":0,"player_choice":"Became a vampire","damage_taken":0,"max_hp_gain":0,"max_hp_loss":24,"event_name":"Vampires","floor":31,"gold_loss":0,"cards_obtained":["Bite","Bite","Bite","Bite","Bite"]}],"is_beta":false,"boss_relics":[{"not_picked":["Tiny House","Cursed Key"],"picked":"Inserter"}],"items_purged_floors":[],"is_endless":false,"potions_floor_spawned":[4,13],"killed_by":"Collector","ascension_level":0}