{"gold_per_floor":[109,124,49,62,137,137,171,184,238,273,273,273,286,304,304,304],"floor_reached":16,"playtime":1242,"items_purged":["Strike_R"],"score":123,"play_id":"8f2db609-3d72-4e18-b236-51ffbb2a4d7a","local_time":"20180714235401","is_ascension_mode":true,"campfire_choices":[{"data":"Flame Barrier","floor":6,"key":"SMITH"},{"floor":11,"key":"REST"},{"data":"Bash","floor":15,"key":"SMITH"}],"neow_cost":"NONE","seed_source_timestamp":10211050009014,"circlet_count":0,"master_deck":["Strike_R","Strike_R","Defend_R","Defend_R","Defend_R","Defend_R","Bash+1","Flame Barrier+1","Entrench","Bludgeon","Shrug It Off"],"relics":["Empty Cage","Meat on the Bone","Boot","Bronze Scales","Matryoshka"],"potions_floor_usage":[7,10,10,16],"damage_taken":[{"damage":1,"enemies":"Cultist","floor":1,"turns":4},{"damage":4,"enemies":"Small Slimes","floor":2,"turns":6},{"damage":1,"enemies":"Jaw Worm","floor":4,"turns":6},{"damage":38,"enemies":"Lagavulin","floor":7,"turns":8},{"damage":7,"enemies":"2 Fungi Beasts","floor":8,"turns":5},{"damage":24,"enemies":"Gremlin Nob","floor":10,"turns":5},{"damage":7,"enemies":"Large Slime","floor":13,"turns":7},{"damage":0,"enemies":"Exordium Thugs","floor":14,"turns":4},{"damage":61,"enemies":"Slime Boss","floor":16,"turns":11}],"seed_played":"1374005345846352739","potions_obtained":[{"floor":2,"key":"Strength Potion"},{"floor":7,"key":"Poison Potion"},{"floor":8,"key":"SteroidPotion"},{"floor":13,"key":"PowerPotion"}],"is_trial":false,"path_per_floor":["M","M","$","M","?","R","E","M","T","E","R","?","M","M","R"],"character_chosen":"IRONCLAD","items_purchased":[],"campfire_rested":1,"item_purchase_floors":[],"current_hp_per_floor":[79,75,75,74,63,63,25,30,30,18,42,35,40,52,52,0],"gold":304,"neow_bonus":"BOSS_RELIC","is_prod":false,"is_daily":false,"chose_seed":false,"campfire_upgraded":2,"win_rate":0,"timestamp":1531605241,"path_taken":["M","M","?","?","?","R","E","M","T","E","R","?","?","?","R","BOSS"],"build_version":"2018-07-12","purchased_purges":1,"victory":false,"max_hp_per_floor":[80,80,80,80,80,80,80,80,80,80,80,80,80,80,80,80],"card_choices":[{"not_picked":["Sword Boomerang","Burning Pact","Bloodletting"],"picked":"SKIP","floor":1},{"not_picked":["Intimidate","Clothesline"],"picked":"Flame Barrier","floor":2},{"not_picked":["Blood for Blood","Wild Strike"],"picked":"Entrench","floor":4},{"not_picked":["Shrug It Off","Rupture"],"picked":"Bludgeon","floor":7},{"not_picked":["Sword Boomerang","Havoc"],"picked":"Shrug It Off","floor":8},{"not_picked":["True Grit","Clash","Double Tap"],"picked":"SKIP","floor":10},{"not_picked":["Wild Strike","Burning Pact","Thunderclap"],"picked":"SKIP","floor":13},{"not_picked":["Flex","Perfected Strike","Rage"],"picked":"SKIP","floor":14}],"player_experience":103353,"relics_obtained":[{"floor":7,"key":"Meat on the Bone"},{"floor":9,"key":"Boot"},{"floor":10,"key":"Bronze Scales"}],"event_choices":[{"event_name":"World of Goop","player_choice":"Gather Gold","floor":5,"damage_taken":0},{"event_name":"Scrap Ooze","player_choice":"success","floor":12,"damage_taken":7}],"boss_relics":[],"items_purged_floors":[3],"is_endless":false,"potions_floor_spawned":[2,7,8,13],"killed_by":"Slime Boss","ascension_level":2}