{"gold_per_floor":[110,127,139,214,232,232,259,259,310,336,336,336,336,347,347,347],"floor_reached":16,"playtime":894,"items_purged":[],"score":176,"play_id":"3705cd47-03cd-47f5-95a1-1036e9ade419","local_time":"20181013094652","is_ascension_mode":true,"campfire_choices":[{"data":"Zap","floor":6,"key":"SMITH"},{"floor":8,"key":"REST"},{"floor":13,"key":"REST"},{"data":"Leap","floor":15,"key":"SMITH"}],"neow_cost":"NONE","seed_source_timestamp":1245420767060,"circlet_count":0,"master_deck":["Strike_B","Strike_B","Strike_B","Defend_B","Defend_B","Defend_B","Defend_B+1","Zap+1","Dualcast","AscendersBane","White Noise+1","BootSequence","Leap+1","White Noise","Chaos+1","Darkness+1","Conserve Battery+1"],"relics":["Cracked Core","Toxic Egg 2","Centennial Puzzle","Bag of Preparation"],"potions_floor_usage":[7,7],"damage_taken":[{"damage":9,"enemies":"Jaw Worm","floor":1,"turns":5},{"damage":0,"enemies":"2 Louse","floor":2,"turns":2},{"damage":0,"enemies":"Small Slimes","floor":3,"turns":4},{"damage":16,"enemies":"Exordium Wildlife","floor":5,"turns":8},{"damage":10,"enemies":"3 Sentries","floor":7,"turns":5},{"damage":21,"enemies":"Lagavulin","floor":10,"turns":5},{"damage":0,"enemies":"Blue Slaver","floor":14,"turns":3},{"damage":36,"enemies":"The Guardian","floor":16,"turns":2}],"seed_played":"4723879104309550022","potions_obtained":[{"floor":1,"key":"LiquidBronze"},{"floor":5,"key":"Explosive Potion"}],"is_trial":false,"path_per_floor":["M","M","M","?","M","R","E","R","T","E","?","?","R","M","R"],"character_chosen":"DEFECT","items_purchased":[],"campfire_rested":2,"item_purchase_floors":[],"current_hp_per_floor":[59,59,59,48,32,32,22,44,44,23,8,8,30,30,30,0],"gold":347,"neow_bonus":"TRANSFORM_CARD","is_prod":false,"is_daily":false,"chose_seed":false,"campfire_upgraded":2,"win_rate":0,"timestamp":1539416812,"path_taken":["M","M","M","?","M","R","E","R","T","E","?","?","R","?","R","BOSS"],"build_version":"2018-10-11","purchased_purges":0,"victory":false,"max_hp_per_floor":[75,75,75,75,75,75,75,75,75,75,75,75,75,75,75,75],"card_choices":[{"not_picked":["Go for the Eyes","Steam"],"picked":"BootSequence","floor":1},{"not_picked":["Recycle","Consume"],"picked":"Leap","floor":2},{"not_picked":["Hello World","Coolheaded"],"picked":"White Noise","floor":3},{"not_picked":["Rebound","Streamline","Double Energy"],"picked":"SKIP","floor":5},{"not_picked":["Genetic Algorithm","Loop"],"picked":"Chaos","floor":7},{"not_picked":["Coolheaded+1","Turbo+1"],"picked":"Darkness+1","floor":10},{"not_picked":["Fusion+1","Scrape"],"picked":"Conserve Battery+1","floor":14}],"player_experience":482400,"relics_obtained":[{"floor":7,"key":"Toxic Egg 2"},{"floor":9,"key":"Centennial Puzzle"},{"floor":10,"key":"Bag of Preparation"}],"event_choices":[{"event_name":"World of Goop","player_choice":"Gather Gold","floor":4,"damage_taken":0},{"event_name":"Shining Light","player_choice":"Entered Light","floor":11,"damage_taken":0},{"event_name":"Dead Adventurer","player_choice":"Searched \u00270\u0027 times","floor":12,"damage_taken":0}],"is_beta":false,"boss_relics":[],"items_purged_floors":[],"is_endless":false,"potions_floor_spawned":[1,5],"killed_by":"The Guardian","ascension_level":12}