{"gold_per_floor":[118,135,150,160,160,160,187,187,187,222,222,252,295,307,319,431,443,465,491,531,543,570,608,620,659,701,725,737,762,794,825,837,947,959,986,683,697,697,697,697,728,293,318,352,372,397,397,10,10,10],"floor_reached":51,"playtime":6246,"items_purged":["Strike_R","Strike_R+1","Defend_R"],"score":1160,"play_id":"1dd77757-ec6a-4215-a5eb-a93c5bf477ad","local_time":"20180806204918","is_ascension_mode":true,"campfire_choices":[{"data":"Shrug It Off","floor":6,"key":"SMITH"},{"data":"Flame Barrier","floor":8,"key":"SMITH"},{"data":"Body Slam","floor":11,"key":"SMITH"},{"data":"Defend_R","floor":15,"key":"SMITH"},{"floor":24,"key":"REST"},{"floor":28,"key":"REST"},{"data":"Barricade","floor":32,"key":"SMITH"},{"floor":40,"key":"REST"},{"data":"Berserk","floor":49,"key":"SMITH"}],"neow_cost":"NONE","seed_source_timestamp":2387059541617,"circlet_count":0,"master_deck":["Defend_R","Defend_R+1","Defend_R+1","Juggernaut","Shrug It Off+1","Feel No Pain","Flame Barrier+1","Body Slam+1","Seeing Red","Power Through+1","Reaper+1","Warcry+1","Barricade+1","Warcry+1","Evolve+1","Berserk+1","Secret Technique","Finesse","Warcry","Metallicize","Secret Technique","Shrug It Off+1","Body Slam","Disarm"],"relics":["Burning Blood","Pear","Mercury Hourglass","Ornamental Fan","MawBank","Matryoshka","Black Star","Red Mask","Dodecahedron","Smiling Mask","Self Forming Clay","The Courier","Tiny Chest","Omamori","Sozu","Whetstone","Paper Frog","Bag of Marbles","Potion Belt","TheAbacus","Pen Nib","War Paint","Blood Vial","Question Card","Meat on the Bone","Red Skull","Oddly Smooth Stone","Centennial Puzzle"],"potions_floor_usage":[16,16,18,20,20,22,25,33,35,37,37],"damage_taken":[{"damage":1,"enemies":"Cultist","floor":1,"turns":4},{"damage":24,"enemies":"Small Slimes","floor":2,"turns":5},{"damage":4,"enemies":"Jaw Worm","floor":3,"turns":5},{"damage":1,"enemies":"2 Fungi Beasts","floor":4,"turns":4},{"damage":36,"enemies":"Gremlin Nob","floor":7,"turns":7},{"damage":13,"enemies":"3 Sentries","floor":10,"turns":6},{"damage":0,"enemies":"Lagavulin","floor":13,"turns":5},{"damage":51,"enemies":"Hexaghost","floor":16,"turns":10},{"damage":4,"enemies":"2 Thieves","floor":18,"turns":4},{"damage":1,"enemies":"Chosen","floor":19,"turns":5},{"damage":37,"floor":20,"turns":5},{"damage":1,"enemies":"3 Cultists","floor":22,"turns":5},{"damage":41,"enemies":"Book of Stabbing","floor":23,"turns":7},{"damage":47,"enemies":"Slavers","floor":25,"turns":5},{"damage":5,"enemies":"Snecko","floor":27,"turns":7},{"damage":3,"enemies":"Cultist and Chosen","floor":29,"turns":6},{"damage":4,"enemies":"Slaver and Parasite","floor":30,"turns":11},{"damage":4,"enemies":"Sentry and Sphere","floor":31,"turns":5},{"damage":0,"enemies":"Champ","floor":33,"turns":12},{"damage":29,"enemies":"Flame Bruiser 1 Orb","floor":35,"turns":6},{"damage":25,"enemies":"3 Darklings","floor":37,"turns":4},{"damage":16,"enemies":"Nemesis","floor":41,"turns":7},{"damage":0,"enemies":"Giant Head","floor":44,"turns":6},{"damage":17,"enemies":"Transient","floor":45,"turns":5},{"damage":19,"enemies":"2 Orb Walkers","floor":46,"turns":5},{"damage":15,"enemies":"Donu and Deca","floor":50,"turns":7}],"seed_played":"-3304559245539964799","potions_obtained":[{"floor":2,"key":"Regen Potion"},{"floor":3,"key":"FearPotion"},{"floor":13,"key":"Energy Potion"},{"floor":16,"key":"Fire Potion"},{"floor":18,"key":"AttackPotion"},{"floor":20,"key":"LiquidBronze"},{"floor":23,"key":"LiquidBronze"},{"floor":27,"key":"LiquidBronze"},{"floor":29,"key":"EntropicBrew"},{"floor":31,"key":"Poison Potion"},{"floor":33,"key":"AttackPotion"}],"is_trial":false,"path_per_floor":["M","M","M","M","?","R","E","R","T","E","R","?","E","?","R","B",null,"M","M","?","?","M","E","R","E","T","M","R","M","M","M","R","B",null,"M","$","M","?","T","R","E","$","T","E","M","E","T","$","R","B"],"character_chosen":"IRONCLAD","items_purchased":["Secret Technique","Finesse","Warcry","Metallicize","Secret Technique","TheAbacus","Oddly Smooth Stone","Body Slam","Centennial Puzzle","Disarm"],"campfire_rested":3,"item_purchase_floors":[36,36,36,42,42,42,48,48,48,48],"current_hp_per_floor":[80,62,64,69,69,69,49,49,49,42,42,42,48,48,48,18,72,74,83,60,51,56,25,52,23,23,28,55,64,66,68,68,78,87,67,67,48,48,48,75,70,70,70,86,79,68,68,68,68,61],"gold":10,"neow_bonus":"TRANSFORM_CARD","is_prod":false,"is_daily":false,"chose_seed":false,"campfire_upgraded":6,"win_rate":0,"timestamp":1533581358,"path_taken":["M","M","?","M","?","R","E","R","T","E","R","?","E","?","R","BOSS","M","M","?","?","?","E","R","E","T","M","R","M","M","?","R","BOSS","M","$","M","?","?","R","E","$","T","E","M","E","?","$","R","BOSS"],"build_version":"2018-08-02","purchased_purges":3,"victory":true,"max_hp_per_floor":[80,80,80,80,80,80,90,90,90,90,90,90,90,90,90,90,90,90,90,90,90,90,90,90,90,90,90,90,90,90,90,90,90,90,90,90,90,90,90,90,90,90,90,90,90,90,90,90,90,90],"card_choices":[{"not_picked":["Anger","Perfected Strike","Disarm"],"picked":"SKIP","floor":1},{"not_picked":["Perfected Strike","Infernal Blade","Sword Boomerang"],"picked":"SKIP","floor":2},{"not_picked":["Burning Pact","Heavy Blade"],"picked":"Shrug It Off","floor":3},{"not_picked":["Battle Trance","Demon Form"],"picked":"Feel No Pain","floor":4},{"not_picked":["Hemokinesis","Twin Strike"],"picked":"Body Slam","floor":7},{"not_picked":["Shrug It Off","Body Slam"],"picked":"Seeing Red","floor":10},{"not_picked":["Sentinel","Heavy Blade"],"picked":"Power Through","floor":13},{"not_picked":["Limit Break","Bludgeon"],"picked":"Reaper","floor":16},{"not_picked":["Sword Boomerang","Headbutt"],"picked":"Warcry+1","floor":18},{"not_picked":["Thunderclap+1","Reckless Charge"],"picked":"Barricade","floor":19},{"not_picked":["Cleave","Pummel+1","Twin Strike"],"picked":"SKIP","floor":22},{"not_picked":["Wild Strike","Anger"],"picked":"Warcry+1","floor":23},{"not_picked":["Thunderclap+1","Hemokinesis+1"],"picked":"Evolve+1","floor":25},{"not_picked":["Perfected Strike","Rage","True Grit"],"picked":"SKIP","floor":27},{"not_picked":["Shockwave+1","Hemokinesis","True Grit"],"picked":"SKIP","floor":29},{"not_picked":["Heavy Blade","Shockwave","Feed"],"picked":"SKIP","floor":30},{"not_picked":["Iron Wave","Pommel Strike","Anger+1"],"picked":"SKIP","floor":31},{"not_picked":["Barricade","Dark Embrace"],"picked":"Berserk","floor":33},{"not_picked":["Cleave+1","Sword Boomerang","Clothesline"],"picked":"SKIP","floor":35},{"not_picked":["Iron Wave","Pommel Strike+1","Fiend Fire"],"picked":"SKIP","floor":37},{"not_picked":["Sword Boomerang","Blood for Blood","Wild Strike"],"picked":"SKIP","floor":41},{"not_picked":["Havoc","Heavy Blade+1","Searing Blow"],"picked":"SKIP","floor":44},{"not_picked":["Sentinel+1","Cleave+1"],"picked":"Shrug It Off+1","floor":45},{"not_picked":["Thunderclap+1","Rampage","Dual Wield"],"picked":"SKIP","floor":46}],"player_experience":272142,"relics_obtained":[{"floor":7,"key":"Pear"},{"floor":9,"key":"Mercury Hourglass"},{"floor":10,"key":"Ornamental Fan"},{"floor":13,"key":"Matryoshka"},{"floor":20,"key":"Red Mask"},{"floor":23,"key":"Dodecahedron"},{"floor":23,"key":"Smiling Mask"},{"floor":25,"key":"Self Forming Clay"},{"floor":25,"key":"The Courier"},{"floor":26,"key":"Tiny Chest"},{"floor":26,"key":"Omamori"},{"floor":39,"key":"Whetstone"},{"floor":39,"key":"Paper Frog"},{"floor":41,"key":"Bag of Marbles"},{"floor":41,"key":"Potion Belt"},{"floor":43,"key":"Pen Nib"},{"floor":44,"key":"War Paint"},{"floor":44,"key":"Blood Vial"},{"floor":46,"key":"Question Card"},{"floor":46,"key":"Meat on the Bone"},{"floor":47,"key":"Red Skull"}],"event_choices":[{"event_name":"Transmorgrifier","player_choice":"Transform","floor":5,"damage_taken":0},{"event_name":"Dead Adventurer","player_choice":"Searched \u00273\u0027 times","floor":12,"damage_taken":0},{"event_name":"Purifier","player_choice":"One Purge","floor":14,"damage_taken":0},{"event_name":"Masked Bandits","player_choice":"Fought over 503 gold","floor":20,"damage_taken":0},{"event_name":"Knowing Skull","player_choice":"","floor":21,"damage_taken":0},{"event_name":"Wheel of Change","player_choice":"Card Removal","floor":38,"damage_taken":0}],"is_beta":false,"boss_relics":[{"not_picked":["Runic Cube","Lizard Tail"],"picked":"Black Star"},{"not_picked":["Pandora\u0027s Box","Tiny House"],"picked":"Sozu"}],"items_purged_floors":[36,42,48],"is_endless":false,"potions_floor_spawned":[2,3,13,16,18,20,23,27,29,31,33,37,44,46],"ascension_level":5}