{"gold_per_floor":[109,184,84,84,104,104,124,143,221,24,43,43,78,98,98,197,197,214,214,214,1,18,18,18,18,72,84,96,142,154,195,207,219],"floor_reached":33,"playtime":1137,"items_purged":[],"score":365,"play_id":"10b590c5-5032-4938-b6d6-88d580333494","local_time":"20190205093318","is_ascension_mode":true,"campfire_choices":[{"floor":6,"key":"REST"},{"floor":12,"key":"REST"},{"floor":15,"key":"REST"},{"data":"White Noise","floor":23,"key":"SMITH"},{"data":"Zap","floor":25,"key":"SMITH"},{"data":"Go for the Eyes","floor":27,"key":"SMITH"},{"floor":30,"key":"REST"},{"floor":32,"key":"REST"}],"neow_cost":"NONE","seed_source_timestamp":1688272143825572,"circlet_count":0,"master_deck":["Strike_B","Defend_B","Defend_B","Defend_B","Zap+1","Dualcast","Beam Cell","Conserve Battery","Ball Lightning+1","Hologram","White Noise+1","Sweeping Beam","Melter+1","Glacier","Go for the Eyes+1","Steam","Loop+1","Conserve Battery","Machine Learning+1","Redo","Coolheaded","Defragment+1","Cold Snap","Leap","Double Energy+1"],"relics":["Cracked Core","Frozen Egg 2","Vajra","Smiling Mask","Sozu","Membership Card","Torii","MawBank","Whetstone","PreservedInsect"],"potions_floor_usage":[13,18,33],"damage_taken":[{"damage":7,"enemies":"Jaw Worm","floor":1,"turns":2},{"damage":1,"enemies":"Small Slimes","floor":5,"turns":3},{"damage":1,"enemies":"Cultist","floor":7,"turns":4},{"damage":6,"enemies":"Large Slime","floor":8,"turns":5},{"damage":5,"enemies":"Exordium Wildlife","floor":11,"turns":3},{"damage":29,"enemies":"Gremlin Nob","floor":13,"turns":4},{"damage":12,"enemies":"3 Louse","floor":14,"turns":4},{"damage":12,"enemies":"Slime Boss","floor":16,"turns":7},{"damage":10,"enemies":"3 Byrds","floor":18,"turns":5},{"damage":11,"enemies":"Shell Parasite","floor":22,"turns":5},{"damage":8,"enemies":"Gremlin Leader","floor":29,"turns":10},{"damage":40,"enemies":"Slavers","floor":31,"turns":4},{"damage":61,"enemies":"Automaton","floor":33,"turns":12}],"seed_played":"-5429162375071018171","potions_obtained":[{"floor":7,"key":"Energy Potion"},{"floor":8,"key":"LiquidBronze"},{"floor":11,"key":"SpeedPotion"},{"floor":16,"key":"GamblersBrew"}],"is_trial":false,"path_per_floor":["M","?","$","?","M","R","M","M","T","$","M","R","E","M","R","B",null,"M","?","?","$","M","R","?","R","T","R","?","E","R","E","R","B"],"character_chosen":"DEFECT","items_purchased":["Ball Lightning","Hologram","Vajra","Go for the Eyes","Membership Card","Defragment+1"],"campfire_rested":5,"item_purchase_floors":[3,3,10,10,21,21],"current_hp_per_floor":[61,50,50,50,49,71,70,64,64,64,59,75,46,34,56,44,67,57,57,75,75,64,64,64,64,64,64,64,56,75,35,57,0],"gold":219,"neow_bonus":"THREE_CARDS","is_prod":false,"is_daily":false,"chose_seed":false,"campfire_upgraded":3,"win_rate":0,"timestamp":1549377198,"path_taken":["M","?","$","?","?","R","M","M","T","$","M","R","E","M","R","BOSS","M","?","?","$","M","R","?","R","T","R","?","E","R","E","R","BOSS"],"build_version":"2019-01-23","purchased_purges":0,"victory":false,"max_hp_per_floor":[75,75,75,75,75,75,75,75,75,75,75,75,75,75,75,75,75,75,75,75,75,75,75,75,75,75,75,75,75,75,75,75,75],"card_choices":[{"not_picked":["Redo","Fusion"],"picked":"Beam Cell","floor":0},{"not_picked":["Beam Cell","Streamline"],"picked":"Conserve Battery","floor":1},{"not_picked":["Recycle","Rebound"],"picked":"Sweeping Beam","floor":5},{"not_picked":["Hologram","Reprogram"],"picked":"Melter","floor":7},{"not_picked":["Darkness","Stack"],"picked":"Glacier","floor":8},{"not_picked":["Genetic Algorithm","Blizzard"],"picked":"Steam","floor":11},{"not_picked":["Steam","Machine Learning+1"],"picked":"Loop+1","floor":13},{"not_picked":["Stack","Steam"],"picked":"Conserve Battery","floor":14},{"not_picked":["Rainbow","Amplify"],"picked":"Machine Learning+1","floor":16},{"not_picked":["Turbo","Rebound","Go for the Eyes"],"picked":"SKIP","floor":18},{"not_picked":["Chill","Turbo"],"picked":"Cold Snap","floor":22},{"not_picked":["Coolheaded","Stack"],"picked":"Double Energy+1","floor":29},{"not_picked":["Coolheaded","Conserve Battery","Go for the Eyes"],"picked":"SKIP","floor":31}],"player_experience":373135,"relics_obtained":[{"floor":9,"key":"Frozen Egg 2"},{"floor":13,"key":"Smiling Mask"},{"floor":26,"key":"MawBank"},{"floor":29,"key":"Whetstone"},{"floor":31,"key":"PreservedInsect"}],"event_choices":[{"damage_healed":0,"gold_gain":75,"player_choice":"Gather Gold","damage_taken":11,"max_hp_gain":0,"max_hp_loss":0,"event_name":"World of Goop","floor":2,"gold_loss":0},{"damage_healed":0,"gold_gain":0,"cards_transformed":["Strike_B"],"player_choice":"Transformed","damage_taken":0,"max_hp_gain":0,"max_hp_loss":0,"event_name":"Transmorgrifier","floor":4,"gold_loss":0,"cards_obtained":["White Noise"]},{"damage_healed":0,"gold_gain":0,"cards_transformed":["Strike_B","Defend_B"],"player_choice":"Became Test Subject","damage_taken":0,"max_hp_gain":0,"max_hp_loss":0,"event_name":"Drug Dealer","floor":19,"gold_loss":0,"cards_obtained":["Redo","Coolheaded"]},{"damage_healed":25,"gold_gain":0,"player_choice":"Heal","damage_taken":0,"max_hp_gain":0,"max_hp_loss":0,"event_name":"The Library","floor":20,"gold_loss":0},{"damage_healed":0,"gold_gain":0,"player_choice":"Opened","damage_taken":0,"relics_obtained":["Torii"],"max_hp_gain":0,"max_hp_loss":0,"event_name":"The Mausoleum","floor":24,"gold_loss":0},{"damage_healed":0,"gold_gain":0,"cards_transformed":["Strike_B"],"player_choice":"Transformed","damage_taken":0,"max_hp_gain":0,"max_hp_loss":0,"event_name":"Transmorgrifier","floor":28,"gold_loss":0,"cards_obtained":["Leap"]}],"is_beta":false,"boss_relics":[{"not_picked":["Snecko Eye","FrozenCore"],"picked":"Sozu"}],"items_purged_floors":[],"is_endless":false,"potions_floor_spawned":[7,8,11,16,22],"killed_by":"Automaton","ascension_level":6}