{"gold_per_floor":[117,134,209,225,242,242,276,276,299,146,161,336,336,336,336,336],"floor_reached":16,"playtime":1017,"items_purged":["Strike_G"],"score":140,"play_id":"b5efe8f1-b796-464f-9816-c65db917e2ff","local_time":"20180814233928","is_ascension_mode":true,"campfire_choices":[{"data":"All Out Attack","floor":6,"key":"SMITH"},{"data":"Masterful Stab","floor":8,"key":"SMITH"},{"floor":13,"key":"REST"},{"data":"Survivor","floor":15,"key":"SMITH"}],"neow_cost":"TEN_PERCENT_HP_LOSS","seed_source_timestamp":2602658477081,"circlet_count":0,"master_deck":["Defend_G","Defend_G","Defend_G","Defend_G","Defend_G","Strike_G","Strike_G","Strike_G","Strike_G","Survivor+1","Neutralize","All Out Attack+1","Deflect","Masterful Stab+1","Outmaneuver","Phantasmal Killer","Deflect"],"relics":["Ring of the Snake","Ice Cream","Juzu Bracelet","Potion Belt"],"potions_floor_usage":[16],"damage_taken":[{"damage":1,"enemies":"2 Louse","floor":1,"turns":3},{"damage":0,"enemies":"Small Slimes","floor":2,"turns":4},{"damage":2,"enemies":"Cultist","floor":4,"turns":4},{"damage":2,"enemies":"Large Slime","floor":5,"turns":7},{"damage":17,"enemies":"Lagavulin","floor":7,"turns":8},{"damage":7,"enemies":"Looter","floor":11,"turns":4},{"damage":43,"enemies":"The Guardian","floor":16,"turns":10}],"seed_played":"-8141762542117378031","potions_obtained":[{"floor":1,"key":"GhostInAJar"}],"is_trial":false,"path_per_floor":["M","M","?","M","M","R","E","R","T","$","M","?","R","?","R"],"character_chosen":"THE_SILENT","items_purchased":["Phantasmal Killer"],"campfire_rested":1,"item_purchase_floors":[10],"current_hp_per_floor":[62,62,51,49,47,47,30,30,30,30,23,23,41,41,41,0],"gold":336,"neow_bonus":"ONE_RARE_RELIC","is_prod":false,"is_daily":false,"chose_seed":false,"campfire_upgraded":3,"win_rate":0,"timestamp":1534282768,"path_taken":["M","M","?","M","?","R","E","R","T","$","M","?","R","?","R","BOSS"],"build_version":"2018-08-09","purchased_purges":1,"victory":false,"max_hp_per_floor":[63,63,63,63,63,63,63,63,63,63,63,63,63,63,63,63],"card_choices":[{"not_picked":["Blur","Escape Plan"],"picked":"All Out Attack","floor":1},{"not_picked":["Quick Slash","Sucker Punch"],"picked":"Deflect","floor":2},{"not_picked":["Slice","Predator"],"picked":"Masterful Stab","floor":4},{"not_picked":["Dagger Spray","Poisoned Stab","Backflip"],"picked":"SKIP","floor":5},{"not_picked":["Poisoned Stab","Well Laid Plans"],"picked":"Outmaneuver","floor":7},{"not_picked":["Endless Agony","Dagger Spray"],"picked":"Deflect","floor":11}],"player_experience":300187,"relics_obtained":[{"floor":7,"key":"Juzu Bracelet"},{"floor":9,"key":"Potion Belt"}],"event_choices":[{"event_name":"World of Goop","player_choice":"Gather Gold","floor":3,"damage_taken":0},{"event_name":"Liars Game","player_choice":"agreed","floor":12,"damage_taken":0},{"event_name":"Living Wall","player_choice":"Forget","floor":14,"damage_taken":0}],"is_beta":false,"boss_relics":[],"items_purged_floors":[10],"is_endless":false,"potions_floor_spawned":[1],"killed_by":"The Guardian","ascension_level":8}