{"gold_per_floor":[116,116,116,66,66,66,77,103,103,103,128,128,60,90,90,192,192,212,230,85,85,85,85,85],"floor_reached":24,"playtime":2678,"items_purged":["Pain"],"score":264,"play_id":"90ba3a01-cc3b-4cff-a5ac-9e3d70db4477","local_time":"20180707220842","is_ascension_mode":true,"campfire_choices":[{"data":"Neutralize","floor":6.0,"key":"SMITH"},{"data":"Dash","floor":10,"key":"SMITH"},{"data":"Outmaneuver","floor":15,"key":"SMITH"},{"floor":23,"key":"REST"}],"neow_cost":"","seed_source_timestamp":0,"circlet_count":0,"master_deck":["Defend_G","Defend_G","Defend_G","Defend_G+1","Strike_G","Strike_G","Strike_G","Survivor+1","Neutralize+1","Dash+1","Outmaneuver+1","Heel Hook","Slice","Heel Hook","Noxious Fumes","Footwork","Blade Dance","Tools of the Trade+1","Normality","Doubt","Accuracy","Blur","After Image","Cloak And Dagger"],"special_seed":0,"relics":["Ring of the Snake","Art of War","Dream Catcher","Darkstone Periapt","Ginger","Calling Bell","Bag of Marbles","Paper Crane","Tingsha"],"potions_floor_usage":[11,11,16],"damage_taken":[{"damage":0.0,"enemies":"2 Louse","floor":1.0,"turns":5.0},{"damage":0.0,"enemies":"Small Slimes","floor":7.0,"turns":4.0},{"damage":5.0,"enemies":"3 Sentries","floor":8.0,"turns":12.0},{"damage":9,"enemies":"Lagavulin","floor":11,"turns":9},{"damage":15,"enemies":"Gremlin Nob","floor":14,"turns":5},{"damage":44,"enemies":"Slime Boss","floor":16,"turns":12},{"damage":21,"enemies":"3 Byrds","floor":18,"turns":6},{"damage":35,"enemies":"Chosen","floor":19,"turns":6},{"damage":61,"enemies":"Gremlin Leader","floor":24,"turns":8}],"seed_played":"3304744839740559236","potions_obtained":[{"floor":7.0,"key":"Energy Potion"},{"floor":8,"key":"Regen Potion"},{"floor":11,"key":"Regen Potion"}],"is_trial":true,"path_per_floor":["M","?","?","?","?","R","M","E","T","R","E","?","$","E","R","B",null,"M","M","$","?","?","R"],"character_chosen":"THE_SILENT","items_purchased":["Footwork","After Image"],"campfire_rested":1,"item_purchase_floors":[13,20],"current_hp_per_floor":[70,56,56,56,56,56,56,51,51,51,57,57,57,42,42,13,88,67,32,32,32,32,58,0],"gold":85,"neow_bonus":"","is_prod":false,"is_daily":false,"chose_seed":false,"campfire_upgraded":3,"win_rate":0,"timestamp":1530994122,"path_taken":["M","?","?","?","?","R","?","E","T","R","E","?","$","E","R","BOSS","M","M","$","?","?","R","E"],"build_version":"2018-07-05","purchased_purges":1,"victory":false,"max_hp_per_floor":[70,70,70,70,70,70,70,70,70,70,70,70,70,70,70,70,88,88,88,88,88,88,88,88],"card_choices":[{"not_picked":["Bane","Deadly Poison"],"picked":"Dash","floor":1.0},{"not_picked":["Flechettes","Underhanded Strike"],"picked":"Slice","floor":7.0},{"not_picked":["Cloak And Dagger","Flying Knee","Quick Slash"],"picked":"SKIP","floor":8},{"not_picked":["Deflect","Acrobatics"],"picked":"Heel Hook","floor":11},{"not_picked":["Accuracy","Distraction"],"picked":"Blade Dance","floor":14},{"not_picked":["Venomology","Bullet Time"],"picked":"Tools of the Trade","floor":16},{"not_picked":["Acrobatics","Expertise+1"],"picked":"Accuracy","floor":18},{"not_picked":["Dagger Throw+1","Acrobatics"],"picked":"Blur","floor":19},{"not_picked":["Backflip","Poisoned Stab"],"picked":"Cloak And Dagger","floor":23}],"player_experience":80116,"relics_obtained":[{"floor":8,"key":"Art of War"},{"floor":9,"key":"Dream Catcher"},{"floor":11,"key":"Darkstone Periapt"},{"floor":14,"key":"Ginger"},{"floor":17,"key":"Bag of Marbles"},{"floor":17,"key":"Paper Crane"},{"floor":17,"key":"Tingsha"}],"event_choices":[{"event_name":"Shining Light","player_choice":"Entered Light","floor":2.0,"damage_taken":0.0},{"event_name":"Match and Keep!","player_choice":"1 cards matched","floor":3.0,"damage_taken":0.0},{"event_name":"The Cleric","player_choice":"Card Removal","floor":4.0,"damage_taken":0.0},{"event_name":"Living Wall","player_choice":"Change","floor":5.0,"damage_taken":0.0},{"event_name":"Transmorgrifier","player_choice":"Transform","floor":12,"damage_taken":0},{"event_name":"Match and Keep!","player_choice":"0 cards matched","floor":21,"damage_taken":0},{"event_name":"Upgrade Shrine","player_choice":"Upgraded","floor":22,"damage_taken":0}],"boss_relics":[{"not_picked":["Ectoplasm","Tiny House"],"picked":"Calling Bell"}],"items_purged_floors":[20],"is_endless":false,"potions_floor_spawned":[7,8,11],"killed_by":"Gremlin Leader","ascension_level":3}