{"gold_per_floor":[111,124,139,139,139,139,158,177,177,196,231,231,251,264,264,335,335,351,370,47,47,63,63,94,94,148,159,192,212,212,243,243,243],"floor_reached":33,"playtime":3454,"items_purged":["Strike_B"],"score":802,"play_id":"5f7c6f7e-6659-486a-9cc9-1c0b16024696","local_time":"20181128232456","is_ascension_mode":true,"campfire_choices":[{"data":"Zap","floor":6,"key":"SMITH"},{"data":"Chill","floor":12,"key":"SMITH"},{"data":"Chaos","floor":15,"key":"SMITH"},{"data":"Fission","floor":23,"key":"SMITH"},{"data":"Panacea","floor":25,"key":"SMITH"},{"data":"Reboot","floor":30,"key":"SMITH"},{"data":"Undo","floor":32,"key":"SMITH"}],"neow_cost":"CURSE","seed_source_timestamp":0,"circlet_count":0,"master_deck":["AscendersBane","Strike_B","Strike_B","Strike_B","Defend_B","Defend_B","Defend_B","Defend_B","Zap+1","Dualcast","Conserve Battery","Chill+1","Recycle+1","Steam","Undo+1","Chaos+1","Chill","BootSequence","Reboot+1","Tempest","Fission+1","Panacea+1","Tempest","Auto Shields+1","White Noise+1"],"special_seed":0,"relics":["Cracked Core","Dead Branch","Bottled Lightning","Sundial","Black Star","Mummified Hand","Kunai","Omamori","Toxic Egg 2","Pear","Mercury Hourglass","Blue Candle"],"potions_floor_usage":[11,18,28,28],"damage_taken":[{"damage":3,"enemies":"Small Slimes","floor":1,"turns":3},{"damage":4,"enemies":"2 Louse","floor":2,"turns":4},{"damage":0,"enemies":"Cultist","floor":3,"turns":4},{"damage":0,"enemies":"3 Louse","floor":7,"turns":5},{"damage":0,"enemies":"Gremlin Gang","floor":8,"turns":5},{"damage":3,"enemies":"Blue Slaver","floor":10,"turns":3},{"damage":6,"enemies":"Lagavulin","floor":11,"turns":6},{"damage":0,"enemies":"2 Fungi Beasts","floor":13,"turns":4},{"damage":0,"enemies":"Exordium Thugs","floor":14,"turns":4},{"damage":20,"enemies":"The Guardian","floor":16,"turns":12},{"damage":0,"enemies":"Spheric Guardian","floor":18,"turns":4},{"damage":0,"enemies":"Chosen","floor":19,"turns":5},{"damage":2,"enemies":"Snake Plant","floor":22,"turns":3},{"damage":0,"enemies":"Book of Stabbing","floor":24,"turns":4},{"damage":0,"enemies":"Snecko","floor":27,"turns":2},{"damage":0,"enemies":"Gremlin Leader","floor":28,"turns":3},{"damage":0,"enemies":"Sentry and Sphere","floor":29,"turns":3},{"damage":0,"enemies":"Book of Stabbing","floor":31,"turns":5},{"damage":105,"enemies":"Automaton","floor":33,"turns":12}],"seed_played":"8673473852963197448","potions_obtained":[{"floor":2,"key":"Dexterity Potion"},{"floor":3,"key":"Block Potion"},{"floor":13,"key":"SteroidPotion"},{"floor":14,"key":"Energy Potion"},{"floor":18,"key":"PowerPotion"}],"is_trial":false,"path_per_floor":["M","M","M","?","?","R","M","M","T","M","E","R","M","M","R","B",null,"M","M","$","?","M","R","E","R","T","M","E","M","R","E","R","B"],"character_chosen":"DEFECT","items_purchased":["Fission","Panacea"],"campfire_rested":0,"item_purchase_floors":[20,20],"current_hp_per_floor":[65,61,61,54,54,54,54,54,54,51,45,45,45,45,45,25,63,63,63,63,63,61,61,61,61,61,61,71,71,71,71,71,0],"gold":243,"neow_bonus":"ONE_RARE_RELIC","is_prod":false,"is_daily":false,"chose_seed":false,"campfire_upgraded":7,"win_rate":0,"timestamp":1543443896,"path_taken":["M","M","M","?","?","R","M","?","T","M","E","R","M","M","R","BOSS","M","M","$","?","?","R","E","R","T","M","E","M","R","E","R","BOSS"],"build_version":"2018-11-15","purchased_purges":1,"victory":false,"max_hp_per_floor":[75,75,75,75,75,75,75,75,75,75,75,75,75,75,75,75,75,75,75,75,75,75,75,75,75,75,75,85,85,85,85,85,85],"card_choices":[{"not_picked":["Rebound","Steam"],"picked":"Conserve Battery","floor":1},{"not_picked":["Ball Lightning","Go for the Eyes"],"picked":"Chill","floor":2},{"not_picked":["Streamline","FTL"],"picked":"Recycle","floor":3},{"not_picked":["Cold Snap","Conserve Battery"],"picked":"Steam","floor":7},{"not_picked":["Compile Driver","Coolheaded","Go for the Eyes"],"picked":"SKIP","floor":8},{"not_picked":["Compile Driver","Streamline"],"picked":"Undo","floor":10},{"not_picked":["Static Discharge","Conserve Battery"],"picked":"Chaos","floor":11},{"not_picked":["Scrape","Tempest"],"picked":"Chill","floor":13},{"not_picked":["Hyperbeam","Static Discharge"],"picked":"BootSequence","floor":14},{"not_picked":["Rainbow","Hyperbeam"],"picked":"Reboot","floor":16},{"not_picked":["Rip and Tear","Cold Snap+1","Steam Power"],"picked":"SKIP","floor":18},{"not_picked":["Redo","Steam"],"picked":"Tempest","floor":19},{"not_picked":["Fusion","FTL+1","Sunder"],"picked":"SKIP","floor":22},{"not_picked":["Go for the Eyes","Fusion"],"picked":"Tempest","floor":24},{"not_picked":["Loop","Redo","Rip and Tear"],"picked":"SKIP","floor":27},{"not_picked":["Conserve Battery","Rebound"],"picked":"Auto Shields+1","floor":28},{"not_picked":["Turbo+1","Multi-Cast+1"],"picked":"White Noise+1","floor":29},{"not_picked":["Force Field+1","Hologram+1","Steam Power+1"],"picked":"SKIP","floor":31}],"player_experience":546743,"relics_obtained":[{"floor":9,"key":"Bottled Lightning"},{"floor":11,"key":"Sundial"},{"floor":24,"key":"Mummified Hand"},{"floor":24,"key":"Kunai"},{"floor":26,"key":"Omamori"},{"floor":28,"key":"Toxic Egg 2"},{"floor":28,"key":"Pear"},{"floor":31,"key":"Mercury Hourglass"},{"floor":31,"key":"Blue Candle"}],"event_choices":[{"cards_removed":["Injury"],"damage_healed":0,"gold_gain":0,"player_choice":"Card Removal","damage_taken":7,"max_hp_gain":0,"max_hp_loss":0,"event_name":"Golden Wing","floor":4,"gold_loss":0},{"damage_healed":0,"gold_gain":0,"player_choice":"Forge","damage_taken":0,"max_hp_gain":0,"max_hp_loss":0,"event_name":"Accursed Blacksmith","floor":5,"gold_loss":0,"cards_upgraded":["Recycle"]},{"damage_healed":0,"gold_gain":0,"player_choice":"Leave","damage_taken":0,"max_hp_gain":0,"max_hp_loss":0,"event_name":"FaceTrader","floor":21,"gold_loss":0}],"is_beta":false,"boss_relics":[{"not_picked":["Busted Crown","Tiny House"],"picked":"Black Star"}],"items_purged_floors":[20],"is_endless":false,"potions_floor_spawned":[2,3,10,13,14,18,19,27],"killed_by":"Automaton","ascension_level":13}