{"gold_per_floor":[116,191,23,23,23,48,76,106,182,210,227,227,46,46,46,46],"floor_reached":16,"playtime":470,"items_purged":["Strike_B","Strike_B"],"score":243,"play_id":"934616f8-9fb9-43f7-9550-908d8f60a397","local_time":"20190212181138","is_ascension_mode":true,"campfire_choices":[{"data":"Zap","floor":12,"key":"SMITH"},{"data":"Dualcast","floor":15,"key":"SMITH"}],"neow_cost":"NONE","seed_source_timestamp":3562395271529,"circlet_count":0,"master_deck":["AscendersBane","Strike_B","Strike_B","Defend_B","Defend_B","Defend_B","Defend_B","Zap+1","Dualcast+1","Leap","Dramatic Entrance+1","Sweeping Beam","Glacier","Chill","Leap","Capacitor","Sunder"],"relics":["Cracked Core","NeowsBlessing","Unceasing Top","Girya","Odd Mushroom","Omamori","Blue Candle","Centennial Puzzle"],"potions_floor_usage":[],"damage_taken":[{"damage":0,"enemies":"Cultist","floor":1,"turns":1},{"damage":0,"enemies":"Gremlin Nob","floor":6,"turns":1},{"damage":0,"enemies":"The Mushroom Lair","floor":7,"turns":1},{"damage":16,"enemies":"3 Sentries","floor":8,"turns":8},{"damage":20,"enemies":"Lagavulin","floor":10,"turns":8},{"damage":0,"enemies":"Small Slimes","floor":11,"turns":3},{"damage":23,"enemies":"Hexaghost","floor":16,"turns":14}],"seed_played":"7313373527564323038","potions_obtained":[{"floor":1,"key":"SneckoOil"},{"floor":8,"key":"GamblersBrew"},{"floor":10,"key":"Dexterity Potion"}],"is_trial":false,"path_per_floor":["M","?","$","?","T","E","?","E","T","E","M","R","$","?","R","B"],"character_chosen":"DEFECT","items_purchased":["Dramatic Entrance","Sunder"],"campfire_rested":0,"item_purchase_floors":[3,13],"current_hp_per_floor":[64,53,53,58,58,58,58,42,42,22,22,22,22,22,22,0],"gold":46,"neow_bonus":"THREE_ENEMY_KILL","is_prod":false,"is_daily":false,"chose_seed":false,"campfire_upgraded":2,"win_rate":0,"timestamp":1550016698,"path_taken":["M","?","$","?","?","E","?","E","T","E","?","R","$","?","R","BOSS"],"build_version":"2019-01-23","purchased_purges":2,"victory":false,"max_hp_per_floor":[71,71,71,76,76,76,76,76,76,76,76,76,76,76,76,76],"card_choices":[{"not_picked":["Compile Driver","Streamline"],"picked":"Leap","floor":1},{"not_picked":["Static Discharge","Barrage"],"picked":"Sweeping Beam","floor":6},{"not_picked":["Darkness","Auto Shields"],"picked":"Glacier","floor":7},{"not_picked":["Compile Driver","FTL"],"picked":"Chill","floor":8},{"not_picked":["Force Field","Fusion"],"picked":"Leap","floor":10},{"not_picked":["Conserve Battery","Lockon"],"picked":"Capacitor","floor":11}],"player_experience":183938,"relics_obtained":[{"floor":5,"key":"Unceasing Top"},{"floor":6,"key":"Girya"},{"floor":7,"key":"Odd Mushroom"},{"floor":8,"key":"Omamori"},{"floor":9,"key":"Blue Candle"},{"floor":10,"key":"Centennial Puzzle"}],"event_choices":[{"damage_healed":0,"gold_gain":75,"player_choice":"Gather Gold","damage_taken":11,"max_hp_gain":0,"max_hp_loss":0,"event_name":"World of Goop","floor":2,"gold_loss":0},{"damage_healed":0,"gold_gain":0,"player_choice":"Donut","damage_taken":0,"max_hp_gain":5,"max_hp_loss":0,"event_name":"Big Fish","floor":4,"gold_loss":0},{"damage_healed":0,"gold_gain":0,"player_choice":"Fought Mushrooms","damage_taken":0,"max_hp_gain":0,"max_hp_loss":0,"event_name":"Mushrooms","floor":7,"gold_loss":0},{"damage_healed":0,"gold_gain":0,"player_choice":"Upgraded","damage_taken":0,"max_hp_gain":0,"max_hp_loss":0,"event_name":"Upgrade Shrine","floor":14,"gold_loss":0,"cards_upgraded":["Dramatic Entrance"]}],"is_beta":false,"boss_relics":[],"items_purged_floors":[3,13],"is_endless":false,"potions_floor_spawned":[1,8,10],"killed_by":"Hexaghost","ascension_level":15}