{"gold_per_floor":[17,36,36,36,52,87,106,106,106,106,141,160,160,160],"floor_reached":14,"playtime":990,"items_purged":[],"score":185,"play_id":"719afab5-60f8-4d33-a1c7-53d0e5a102ad","local_time":"20190128222847","is_ascension_mode":true,"campfire_choices":[{"floor":8,"key":"REST"},{"data":"Shrug It Off","floor":10,"key":"SMITH"},{"floor":13,"key":"REST"}],"neow_cost":"NO_GOLD","seed_source_timestamp":666322916533,"circlet_count":0,"master_deck":["AscendersBane","Strike_R","Strike_R","Strike_R","Strike_R","Strike_R","Defend_R","Defend_R","Defend_R","Defend_R","Bash","Shrug It Off+1","Ghostly Armor","Spot Weakness","Heavy Blade"],"relics":["Burning Blood","Magic Flower","Gambling Chip","Peace Pipe","Bottled Flame"],"potions_floor_usage":[6],"damage_taken":[{"damage":2,"enemies":"2 Louse","floor":1,"turns":3},{"damage":7,"enemies":"Cultist","floor":2,"turns":4},{"damage":1,"enemies":"Small Slimes","floor":5,"turns":4},{"damage":59,"enemies":"Lagavulin","floor":6,"turns":8},{"damage":10,"enemies":"Looter","floor":7,"turns":4},{"damage":40,"enemies":"3 Sentries","floor":11,"turns":15},{"damage":2,"enemies":"2 Fungi Beasts","floor":12,"turns":4},{"damage":44,"enemies":"Lagavulin","floor":14,"turns":5}],"seed_played":"-4701622824329817392","potions_obtained":[{"floor":5,"key":"Energy Potion"},{"floor":11,"key":"SpeedPotion"},{"floor":12,"key":"Dexterity Potion"}],"is_trial":false,"path_per_floor":["M","M","?","$","M","E","M","R","T","R","E","M","R","E"],"character_chosen":"IRONCLAD","items_purchased":[],"campfire_rested":2,"item_purchase_floors":[],"current_hp_per_floor":[75,75,75,75,75,25,24,46,46,46,15,22,44,0],"gold":160,"neow_bonus":"ONE_RARE_RELIC","is_prod":false,"is_daily":false,"chose_seed":false,"campfire_upgraded":1,"win_rate":0,"timestamp":1548710927,"path_taken":["M","M","?","$","M","E","M","R","T","R","E","M","R","E"],"build_version":"2019-01-23","purchased_purges":0,"victory":false,"max_hp_per_floor":[75,75,75,75,75,75,75,75,75,75,75,75,75,75],"card_choices":[{"not_picked":["Havoc","Thunderclap","Heavy Blade"],"picked":"SKIP","floor":1},{"not_picked":["Wild Strike","Clothesline"],"picked":"Shrug It Off","floor":2},{"not_picked":["Pommel Strike","Armaments","Twin Strike"],"picked":"SKIP","floor":5},{"not_picked":["Armaments","Anger","Power Through"],"picked":"SKIP","floor":6},{"not_picked":["True Grit","Cleave"],"picked":"Ghostly Armor","floor":7},{"not_picked":["Body Slam","Flex"],"picked":"Spot Weakness","floor":11},{"not_picked":["Clothesline","Corruption"],"picked":"Heavy Blade","floor":12}],"player_experience":726555,"relics_obtained":[{"floor":6,"key":"Gambling Chip"},{"floor":9,"key":"Peace Pipe"},{"floor":11,"key":"Bottled Flame"}],"event_choices":[{"damage_healed":0,"gold_gain":0,"player_choice":"Ignored","damage_taken":0,"max_hp_gain":0,"max_hp_loss":0,"event_name":"Liars Game","floor":3,"gold_loss":0}],"is_beta":false,"boss_relics":[],"items_purged_floors":[],"is_endless":false,"potions_floor_spawned":[5,11,12],"killed_by":"Lagavulin","ascension_level":17}