{"gold_per_floor":[119,119,129,144,155,155,180,180,180,180,199,217,217,282,282,379,379,393,393,406,156,81,81,101,101,101,116,116,128,138,38,38,142,142,161,36,36,52,52,52,63,63,63,81,81,95,113,123,123,123],"floor_reached":51,"playtime":1819,"items_purged":["Strike_B","Strike_B","Defend_B"],"score":653,"play_id":"4adead74-23bd-41b6-80ef-ebc527f09d22","local_time":"20190224002254","is_ascension_mode":false,"campfire_choices":[{"data":"Go for the Eyes","floor":6.0,"key":"SMITH"},{"data":"Beam Cell","floor":8.0,"key":"SMITH"},{"data":"Zap","floor":13.0,"key":"SMITH"},{"data":"Dualcast","floor":15.0,"key":"SMITH"},{"data":"Hologram","floor":23.0,"key":"SMITH"},{"data":"FTL","floor":25.0,"key":"SMITH"},{"data":"Biased Cognition","floor":28.0,"key":"SMITH"},{"data":"Coolheaded","floor":32.0,"key":"SMITH"},{"data":"Zap","floor":40.0,"key":"SMITH"},{"data":"Panache","floor":42.0,"key":"SMITH"},{"floor":49.0,"key":"REST"}],"neow_cost":"","seed_source_timestamp":0,"circlet_count":0,"master_deck":["Strike_B","Strike_B","Defend_B","Defend_B","Zap+1","Dualcast+1","FTL+1","Steam","Beam Cell+1","Go for the Eyes+1","Coolheaded+1","Melter","Hologram+1","Cold Snap","Biased Cognition+1","Go for the Eyes+1","BootSequence+1","Panache+1","Defragment+1","Consume+1","Compile Driver","All For One","Thunder Strike","Zap+1","Conserve Battery+1","Steam+1"],"special_seed":0,"relics":["Cracked Core","Bag of Preparation","Bottled Lightning","Calipers","White Beast Statue","Bottled Flame","Philosopher\u0027s Stone","Blue Candle"],"potions_floor_usage":[50,50,50],"damage_taken":[{"damage":0.0,"enemies":"Small Slimes","floor":1.0,"turns":2.0},{"damage":1.0,"enemies":"Cultist","floor":3.0,"turns":3.0},{"damage":0.0,"enemies":"Jaw Worm","floor":4.0,"turns":3.0},{"damage":5.0,"enemies":"Looter","floor":5.0,"turns":3.0},{"damage":28.0,"enemies":"Lagavulin","floor":7.0,"turns":6.0},{"damage":0.0,"enemies":"Large Slime","floor":11.0,"turns":3.0},{"damage":1.0,"enemies":"Blue Slaver","floor":12.0,"turns":2.0},{"damage":27.0,"enemies":"Lagavulin Event","floor":14.0,"turns":4.0},{"damage":13.0,"enemies":"The Guardian","floor":16.0,"turns":10.0},{"damage":0.0,"enemies":"Spheric Guardian","floor":18.0,"turns":2.0},{"damage":0.0,"enemies":"3 Byrds","floor":20.0,"turns":4.0},{"damage":0.0,"enemies":"Sentry and Sphere","floor":24.0,"turns":2.0},{"damage":0.0,"enemies":"Centurion and Healer","floor":27.0,"turns":5.0},{"damage":0.0,"enemies":"Chosen and Byrds","floor":29.0,"turns":4.0},{"damage":1.0,"enemies":"3 Cultists","floor":30.0,"turns":4.0},{"damage":52.0,"enemies":"Automaton","floor":33.0,"turns":12.0},{"damage":1.0,"enemies":"3 Darklings","floor":35.0,"turns":3.0},{"damage":0.0,"enemies":"3 Shapes","floor":38.0,"turns":3.0},{"damage":17.0,"enemies":"Spire Growth","floor":41.0,"turns":4.0},{"damage":0.0,"enemies":"Sphere and 2 Shapes","floor":44.0,"turns":2.0},{"damage":0.0,"enemies":"Transient","floor":46.0,"turns":5.0},{"damage":19.0,"enemies":"Jaw Worm Horde","floor":47.0,"turns":4.0},{"damage":5.0,"enemies":"Spire Growth","floor":48.0,"turns":4.0},{"damage":24,"enemies":"Awakened One","floor":50,"turns":17}],"seed_played":"-7554730940685468872","potions_obtained":[{"floor":1.0,"key":"Regen Potion"},{"floor":5.0,"key":"Energy Potion"},{"floor":12.0,"key":"Energy Potion"},{"floor":20.0,"key":"Strength Potion"},{"floor":24.0,"key":"Explosive Potion"},{"floor":27.0,"key":"Weak Potion"},{"floor":30.0,"key":"Block Potion"},{"floor":33.0,"key":"AttackPotion"},{"floor":35.0,"key":"AttackPotion"},{"floor":38.0,"key":"FearPotion"},{"floor":41.0,"key":"Weak Potion"},{"floor":47.0,"key":"SkillPotion"}],"is_trial":true,"path_per_floor":["M","?","M","M","M","R","E","R","T","?","M","M","R","?","R","B",null,"M","?","M","$","?","R","M","R","T","M","R","M","M","$","R","B",null,"M","$","?","M","?","R","M","R","T","M","$","M","M","M","R","B",null],"character_chosen":"DEFECT","items_purchased":["Panache"],"campfire_rested":1,"item_purchase_floors":[21],"current_hp_per_floor":[75,75,74,74,69,69,41,41,41,66,66,65,65,38,38,25,75,75,75,75,75,75,75,75,75,75,75,75,75,74,74,74,22,75,74,74,71,71,71,71,54,54,54,54,54,54,35,30,51,27],"gold":123,"neow_bonus":"","is_prod":false,"is_daily":false,"chose_seed":false,"campfire_upgraded":10,"win_rate":0,"timestamp":1550935374,"path_taken":["M","?","M","M","?","R","E","R","T","?","M","M","R","?","R","BOSS","M","?","M","$","?","R","M","R","T","M","R","M","M","$","R","BOSS","M","$","?","M","?","R","M","R","T","M","$","?","M","M","R","BOSS"],"build_version":"2019-01-23","purchased_purges":3,"victory":true,"max_hp_per_floor":[75,75,75,75,75,75,75,75,75,75,75,75,75,75,75,75,75,75,75,75,75,75,75,75,75,75,75,75,75,75,75,75,75,75,75,75,71,71,71,71,71,71,71,71,71,71,71,71,71,71],"card_choices":[{"not_picked":["Rebound","Redo"],"picked":"FTL","floor":1.0},{"not_picked":["Leap","Conserve Battery"],"picked":"Steam","floor":3.0},{"not_picked":["Rebound","Double Energy"],"picked":"Beam Cell","floor":4.0},{"not_picked":["Conserve Battery","Turbo"],"picked":"Go for the Eyes","floor":5.0},{"not_picked":["Streamline","Beam Cell"],"picked":"Coolheaded","floor":7.0},{"not_picked":["Biased Cognition","Stack"],"picked":"Melter","floor":11.0},{"not_picked":["Reprogram","Leap"],"picked":"Hologram","floor":12.0},{"not_picked":["Hello World","Fusion"],"picked":"Cold Snap","floor":14.0},{"not_picked":["Seek","Rainbow"],"picked":"Biased Cognition","floor":16.0},{"not_picked":["Steam+1","Recycle"],"picked":"Go for the Eyes+1","floor":18.0},{"not_picked":["Barrage","Cold Snap"],"picked":"BootSequence+1","floor":20.0},{"not_picked":["Reinforced Body+1","Streamline"],"picked":"Defragment+1","floor":24.0},{"not_picked":["Cold Snap","Steam"],"picked":"Consume+1","floor":27.0},{"not_picked":["Recycle","Sweeping Beam+1"],"picked":"Compile Driver","floor":29.0},{"not_picked":["Stack+1","Sweeping Beam+1","Turbo"],"picked":"SKIP","floor":30.0},{"not_picked":["Echo Form","Thunder Strike"],"picked":"All For One","floor":33.0},{"not_picked":["Chaos+1","Melter","Compile Driver"],"picked":"SKIP","floor":35.0},{"not_picked":["Blizzard+1","Sunder+1","Beam Cell"],"picked":"SKIP","floor":38.0},{"not_picked":["Stack+1","Storm+1"],"picked":"Conserve Battery+1","floor":41.0},{"not_picked":["Streamline","Gash+1","Sweeping Beam+1"],"picked":"SKIP","floor":44.0},{"not_picked":["Rebound+1","Darkness+1"],"picked":"Steam+1","floor":46.0},{"not_picked":["Streamline","Hologram","Rebound"],"picked":"SKIP","floor":47.0},{"not_picked":["Consume","Cold Snap+1","Genetic Algorithm"],"picked":"SKIP","floor":48.0}],"player_experience":331973,"relics_obtained":[{"floor":7.0,"key":"Bag of Preparation"},{"floor":9.0,"key":"Bottled Lightning"},{"floor":14.0,"key":"Calipers"},{"floor":26.0,"key":"Bottled Flame"},{"floor":43.0,"key":"Blue Candle"}],"event_choices":[{"damage_healed":0.0,"max_hp_gain":0.0,"max_hp_loss":0.0,"gold_gain":0.0,"event_name":"The Woman in Blue","player_choice":"Bought 0 Potions","floor":2.0,"gold_loss":0.0,"damage_taken":0.0},{"damage_healed":25.0,"max_hp_gain":0.0,"max_hp_loss":0.0,"gold_gain":0.0,"event_name":"Big Fish","player_choice":"Banana","floor":10.0,"gold_loss":0.0,"damage_taken":0.0},{"damage_healed":0.0,"max_hp_gain":0.0,"max_hp_loss":0.0,"gold_gain":0.0,"event_name":"Dead Adventurer","player_choice":"Searched \u00271\u0027 times","floor":14.0,"gold_loss":0.0,"damage_taken":0.0},{"damage_healed":0.0,"max_hp_gain":0.0,"max_hp_loss":0.0,"gold_gain":0.0,"event_name":"Vampires","player_choice":"Ignored","floor":19.0,"gold_loss":0.0,"damage_taken":0.0},{"cards_removed":["Defend_B"],"damage_healed":0.0,"max_hp_gain":0.0,"max_hp_loss":0.0,"gold_gain":0.0,"event_name":"Beggar","player_choice":"Gave Gold","floor":22.0,"gold_loss":75.0,"damage_taken":0.0},{"damage_healed":0.0,"max_hp_gain":0.0,"max_hp_loss":4.0,"gold_gain":0.0,"event_name":"Winding Halls","player_choice":"Max HP","floor":37.0,"gold_loss":0.0,"damage_taken":0.0},{"damage_healed":0.0,"max_hp_gain":0.0,"max_hp_loss":0.0,"gold_gain":0.0,"event_name":"Match and Keep!","player_choice":"2 cards matched","floor":39.0,"gold_loss":0.0,"damage_taken":0.0,"cards_obtained":["Thunder Strike","Zap"]}],"is_beta":false,"boss_relics":[{"not_picked":["Fusion Hammer","Lizard Tail"],"picked":"White Beast Statue"},{"not_picked":["Runic Dome","Tiny House"],"picked":"Philosopher\u0027s Stone"}],"items_purged_floors":[21,31,36],"is_endless":false,"potions_floor_spawned":[1,5,12,16,18,20,24,27,29,30,33,35,38,41,44,46,47,48],"ascension_level":0}