{"gold_per_floor":[110,110,110,127,77,104,31,31,54,54,88,100,3,3],"floor_reached":14,"playtime":949,"items_purged":["Strike_B"],"score":120,"play_id":"876fae72-42c8-4485-ac4c-608e90c8c4ce","local_time":"20190212173333","is_ascension_mode":true,"campfire_choices":[{"data":"Defragment","floor":10,"key":"SMITH"}],"neow_cost":"CURSE","seed_source_timestamp":409527577124228,"circlet_count":0,"master_deck":["Strike_B","Strike_B","Defend_B","Defend_B","Defend_B","Defend_B","Zap","Dualcast","Sunder","Impatience","Coolheaded","Force Field","Defragment+1","Echo Form","Heatsinks","Hologram"],"relics":["Cracked Core","FossilizedHelix","Dream Catcher","Ancient Tea Set","Omamori"],"potions_floor_usage":[6,11,11],"damage_taken":[{"damage":0,"enemies":"Small Slimes","floor":1,"turns":3},{"damage":0,"enemies":"Cultist","floor":4,"turns":3},{"damage":35,"enemies":"Lagavulin","floor":6,"turns":8},{"damage":7,"enemies":"3 Sentries","floor":11,"turns":9},{"damage":0,"enemies":"2 Louse","floor":12,"turns":3},{"damage":35,"enemies":"Gremlin Nob","floor":14,"turns":6}],"seed_played":"-4119315596411225441","potions_obtained":[{"floor":1,"key":"EssenceOfSteel"},{"floor":4,"key":"PowerPotion"},{"floor":6,"key":"GamblersBrew"}],"is_trial":false,"path_per_floor":["?","?","M","?","?"],"character_chosen":"DEFECT","items_purchased":["Defragment","Hologram"],"campfire_rested":0,"item_purchase_floors":[7,13],"current_hp_per_floor":[75,68,68,68,68,33,33,26,26,26,19,19,19,0],"gold":3,"neow_bonus":"ONE_RARE_RELIC","is_prod":false,"is_daily":false,"chose_seed":false,"campfire_upgraded":1,"win_rate":0,"timestamp":1549989213,"path_taken":["M","?","?","?","?","E","$","?","T","R","E","M","$","E"],"build_version":"2019-01-23","purchased_purges":1,"victory":false,"max_hp_per_floor":[75,75,75,75,75,75,75,75,75,75,75,75,75,75],"card_choices":[{"not_picked":["Conserve Battery","Force Field"],"picked":"Sunder","floor":1},{"not_picked":["Doom and Gloom","Fusion"],"picked":"Coolheaded","floor":4},{"not_picked":["Steam","Sweeping Beam"],"picked":"Force Field","floor":6},{"not_picked":["Cold Snap","Skim"],"picked":"Echo Form","floor":11},{"not_picked":["Ball Lightning","Coolheaded"],"picked":"Heatsinks","floor":12}],"player_experience":157408,"relics_obtained":[{"floor":6,"key":"Dream Catcher"},{"floor":9,"key":"Ancient Tea Set"},{"floor":11,"key":"Omamori"}],"event_choices":[{"cards_removed":["Normality"],"damage_healed":0,"gold_gain":0,"player_choice":"Card Removal","damage_taken":7,"max_hp_gain":0,"max_hp_loss":0,"event_name":"Golden Wing","floor":2,"gold_loss":0},{"damage_healed":0,"gold_gain":0,"player_choice":"1 cards matched","damage_taken":0,"max_hp_gain":0,"max_hp_loss":0,"event_name":"Match and Keep!","floor":3,"gold_loss":0,"cards_obtained":["Impatience"]},{"cards_removed":["Strike_B"],"damage_healed":0,"gold_gain":0,"player_choice":"Card Removal","damage_taken":0,"max_hp_gain":0,"max_hp_loss":0,"event_name":"The Cleric","floor":5,"gold_loss":50},{"damage_healed":0,"gold_gain":0,"player_choice":"Damaged","damage_taken":7,"max_hp_gain":0,"max_hp_loss":0,"event_name":"Wheel of Change","floor":8,"gold_loss":0}],"is_beta":false,"boss_relics":[],"items_purged_floors":[13],"is_endless":false,"potions_floor_spawned":[1,4,6],"killed_by":"Gremlin Nob","ascension_level":5}