{"path_per_floor":["M","?","$","$","?","R","E","?","T","M","R","$","?","M","R","B",null,"M","M","M","$","?","E","?"],"character_chosen":"DEFECT","items_purchased":["Ball Lightning","Stack","White Noise","Storm","FTL","Storm","Stack","Regal Pillow"],"gold_per_floor":[113,113,43,43,293,293,321,321,321,335,335,122,122,137,137,232,232,249,264,284,45,45,80,80,80],"floor_reached":25,"campfire_rested":2,"playtime":984,"current_hp_per_floor":[73,73,73,73,73,73,47,32,32,32,54,54,51,46,68,38,75,75,51,37,37,37,8,8,0],"items_purged":[],"gold":80,"score":217,"play_id":"bfbb1414-bcfe-483a-ad9c-fd3c947cfac3","local_time":"20180429124858","is_prod":false,"is_daily":false,"chose_seed":false,"is_ascension_mode":false,"campfire_upgraded":1,"timestamp":1524970138,"path_taken":["M","?","?","$","?","R","E","?","T","M","R","$","?","?","R","BOSS","M","M","?","$","?","E","?","M"],"build_version":"2018-04-27v3","seed_source_timestamp":129492944966192,"purchased_purges":0,"victory":false,"master_deck":["Strike_B","Strike_B+1","Strike_B","Defend_B","Defend_B+1","Defend_B","Defend_B","Zap","Dualcast+1","Ball Lightning","Static Discharge","Ball Lightning","Stack","Regret","Buffer","Force Field","White Noise","Storm","FTL","Hello World","Fission","Barrage","Axe Kick+1","Barrage","Storm","Stack","Conserve Battery"],"max_hp_per_floor":[75,75,75,75,75,75,75,75,75,75,75,75,75,75,75,75,75,75,75,75,75,75,75,75,75],"relics":["Cracked Core","Toolbox","Shuriken","Dodecahedron","Sozu","Regal Pillow","Bottled Flame"],"card_choices":[{"not_picked":["Axe Kick","Sweeping Beam"],"picked":"Ball Lightning","floor":1},{"not_picked":["Impulse","Glacier"],"picked":"Buffer","floor":7},{"not_picked":["Aggregate","Beam Cell"],"picked":"Force Field","floor":10},{"not_picked":["Axe Kick","Hologram"],"picked":"Hello World","floor":14},{"not_picked":["Reboot","All For One"],"picked":"Fission","floor":16},{"not_picked":["Hologram","Ball Lightning"],"picked":"Barrage","floor":18},{"not_picked":["Go for the Eyes","Streamline"],"picked":"Axe Kick","floor":19},{"not_picked":["Beam Cell","Coolheaded"],"picked":"Barrage","floor":20},{"not_picked":["Chill","Darkness"],"picked":"Conserve Battery","floor":23}],"player_experience":2971,"potions_floor_usage":[18],"damage_taken":[{"damage":2,"enemies":"2 Louse","floor":1,"turns":3},{"damage":26,"enemies":"Gremlin Nob","floor":7,"turns":3},{"damage":0,"enemies":"Cultist","floor":10,"turns":3},{"damage":5,"enemies":"Jaw Worm","floor":14,"turns":2},{"damage":30,"enemies":"Hexaghost","floor":16,"turns":6},{"damage":0,"enemies":"Chosen","floor":18,"turns":5},{"damage":24,"enemies":"2 Thieves","floor":19,"turns":4},{"damage":14,"enemies":"Snake Plant","floor":20,"turns":4},{"damage":29,"enemies":"Slavers","floor":23,"turns":5},{"damage":10,"enemies":"Chosen and Byrds","floor":25,"turns":2}],"event_choices":[{"event_name":"Transmorgrifier","player_choice":"Transform","floor":2,"damage_taken":0},{"event_name":"Golden Shrine","player_choice":"Desecrate","floor":5,"damage_taken":0},{"event_name":"Shining Light","player_choice":"Entered Light","floor":8,"damage_taken":0},{"event_name":"Scrap Ooze","player_choice":"success","floor":13,"damage_taken":3},{"event_name":"Drug Dealer","player_choice":"Ignored","floor":22,"damage_taken":0},{"event_name":"Cursed Tome","player_choice":"Ignored","floor":24,"damage_taken":0}],"boss_relics":[{"not_picked":["Tiny House","Runic Pyramid"],"picked":"Sozu"}],"potions_floor_spawned":[10,19,23],"seed_played":"-472808812743570701","killed_by":"Chosen and Byrds","ascension_level":0,"is_trial":false}