{"gold_per_floor":[111,111,111,121,140,173,173,96,121,136,19,32,32,0,0,0],"floor_reached":16,"playtime":1004,"items_purged":[],"score":165,"play_id":"c8b61a27-bbbe-461b-b39c-73a7158657d8","local_time":"20181201140224","is_ascension_mode":true,"campfire_choices":[{"floor":7.0,"key":"REST"},{"floor":13,"key":"REST"},{"data":"Defragment","floor":15,"key":"SMITH"}],"neow_cost":"NONE","seed_source_timestamp":0,"circlet_count":0,"master_deck":["AscendersBane","Strike_B","Strike_B","Strike_B","Defend_B","Defend_B","Defend_B","Defend_B","Zap","Dualcast","Fusion","Skim","Blizzard","Core Surge","Capacitor","Hologram","Defragment+1","Conserve Battery","Double Energy"],"special_seed":0,"relics":["Cracked Core","Potion Belt","Juzu Bracelet"],"potions_floor_usage":[12,12,16],"damage_taken":[{"damage":1.0,"enemies":"Cultist","floor":1.0,"turns":4.0},{"damage":3.0,"enemies":"2 Louse","floor":4.0,"turns":4.0},{"damage":3.0,"enemies":"Jaw Worm","floor":5.0,"turns":5.0},{"damage":23.0,"enemies":"Lagavulin","floor":6.0,"turns":8.0},{"damage":6.0,"enemies":"2 Fungi Beasts","floor":10.0,"turns":3.0},{"damage":33,"enemies":"Large Slime","floor":12,"turns":9},{"damage":52,"enemies":"Hexaghost","floor":16,"turns":10}],"seed_played":"-5177121022848269006","potions_obtained":[{"floor":4.0,"key":"SkillPotion"},{"floor":5.0,"key":"Weak Potion"},{"floor":10.0,"key":"Energy Potion"},{"floor":12,"key":"FearPotion"}],"is_trial":false,"path_per_floor":["M","?","?","M","M","E","R","$","T","M","$","M","R","?","R","B"],"character_chosen":"DEFECT","items_purchased":["Capacitor","Defragment","Conserve Battery"],"campfire_rested":2,"item_purchase_floors":[8,11,11],"current_hp_per_floor":[74,74,67,64,61,38,62,62,62,56,56,23,47,47,47,0],"gold":0,"neow_bonus":"TEN_PERCENT_HP_BONUS","is_prod":false,"is_daily":false,"chose_seed":false,"campfire_upgraded":1,"win_rate":0,"timestamp":1543669344,"path_taken":["M","?","?","M","M","E","R","?","T","M","$","M","R","?","R","BOSS"],"build_version":"2018-11-15","purchased_purges":0,"victory":false,"max_hp_per_floor":[82,82,82,82,82,82,82,82,82,82,82,82,82,82,82,82],"card_choices":[{"not_picked":["Coolheaded","Sunder"],"picked":"Fusion","floor":1.0},{"not_picked":["Recycle","Undo"],"picked":"Skim","floor":4.0},{"not_picked":["Heatsinks","Consume"],"picked":"Blizzard","floor":5.0},{"not_picked":["Barrage","Steam Power"],"picked":"Core Surge","floor":6.0},{"not_picked":["Stack","Sweeping Beam"],"picked":"Hologram","floor":10.0},{"not_picked":["Beam Cell","Go for the Eyes"],"picked":"Double Energy","floor":12}],"player_experience":565505,"relics_obtained":[{"floor":6.0,"key":"Potion Belt"},{"floor":9.0,"key":"Juzu Bracelet"}],"event_choices":[{"damage_healed":0.0,"max_hp_gain":0.0,"max_hp_loss":0.0,"gold_gain":0.0,"event_name":"Scrap Ooze","player_choice":"Fled","floor":2.0,"gold_loss":0.0,"damage_taken":0.0},{"cards_removed":["Strike_B"],"damage_healed":0.0,"max_hp_gain":0.0,"max_hp_loss":0.0,"gold_gain":0.0,"event_name":"Golden Wing","player_choice":"Card Removal","floor":3.0,"gold_loss":0.0,"damage_taken":7.0},{"damage_healed":0,"gold_gain":0,"player_choice":"Left Gold","damage_taken":0,"max_hp_gain":0,"max_hp_loss":0,"event_name":"World of Goop","floor":14,"gold_loss":32}],"is_beta":false,"boss_relics":[],"items_purged_floors":[],"is_endless":false,"potions_floor_spawned":[4,5,10,12],"killed_by":"Hexaghost","ascension_level":13}