{"gold_per_floor":[118,138,238,249,16,16,16,16,16,16,71,85,111,128,128,230,230,230,230,230,130,130,130,130,130,130,130,130,130,130,45,45,45,45,45,45,45,45,45,45,45,45,45,45,45,45,45,45,45,45],"floor_reached":51,"playtime":4447,"items_purged":["Defend_R"],"score":795,"play_id":"5ca7f804-6b60-4e93-b53f-28c2caee33de","local_time":"20190210172150","is_ascension_mode":true,"campfire_choices":[{"data":"Feed","floor":6,"key":"SMITH"},{"data":"Inflame","floor":8,"key":"SMITH"},{"data":"Bash","floor":10,"key":"SMITH"},{"data":"Pommel Strike","floor":15,"key":"SMITH"},{"data":"Shrug It Off","floor":23,"key":"SMITH"},{"data":"Shrug It Off","floor":25,"key":"SMITH"},{"data":"Fiend Fire","floor":29,"key":"SMITH"},{"data":"Ghostly Armor","floor":32,"key":"SMITH"},{"data":"Impervious","floor":40,"key":"SMITH"},{"data":"Ghostly Armor","floor":46,"key":"SMITH"},{"data":"Strike_R+1","floor":49,"key":"PURGE"}],"neow_cost":"PERCENT_DAMAGE","seed_source_timestamp":1919367235941766,"circlet_count":0,"master_deck":["Strike_R+1","Strike_R+1","Strike_R+1","Strike_R+1","Defend_R+1","Defend_R+1","Defend_R+1","Bash+1","Reaper","Reaper","Feed+1","Inflame+1","Pommel Strike+1","Ghostly Armor+1","Fiend Fire+1","Shrug It Off+1","Shrug It Off+1","Impervious+1","Uppercut+1","Ghostly Armor+1","Shrug It Off+1"],"relics":["Burning Blood","Strange Spoon","Bottled Flame","Tiny Chest","Red Skull","Ectoplasm","Turnip","Matryoshka","Vajra","Smiling Mask","Centennial Puzzle","Bag of Preparation","Sundial","Coffee Dripper","Mercury Hourglass","Lantern","Meat on the Bone","Peace Pipe"],"potions_floor_usage":[16,24,27,28,37,45,47],"damage_taken":[{"damage":6,"enemies":"Cultist","floor":1,"turns":4},{"damage":0,"enemies":"2 Louse","floor":2,"turns":3},{"damage":19,"enemies":"Small Slimes","floor":4,"turns":5},{"damage":54,"enemies":"Lagavulin","floor":11,"turns":7},{"damage":14,"enemies":"2 Fungi Beasts","floor":12,"turns":4},{"damage":42,"enemies":"3 Sentries","floor":13,"turns":9},{"damage":2,"enemies":"Looter","floor":14,"turns":3},{"damage":80,"enemies":"The Guardian","floor":16,"turns":13},{"damage":16,"enemies":"Shell Parasite","floor":18,"turns":5},{"damage":20,"enemies":"Spheric Guardian","floor":19,"turns":5},{"damage":8,"enemies":"Colosseum Slavers","floor":20,"turns":5},{"damage":42,"enemies":"Colosseum Nobs","floor":20,"turns":9},{"damage":20,"enemies":"Book of Stabbing","floor":24,"turns":6},{"damage":0,"enemies":"Snecko","floor":27,"turns":3},{"damage":34,"enemies":"Gremlin Leader","floor":28,"turns":6},{"damage":140,"enemies":"Automaton","floor":33,"turns":15},{"damage":38,"enemies":"3 Shapes","floor":35,"turns":4},{"damage":0,"enemies":"Orb Walker","floor":36,"turns":3},{"damage":3,"enemies":"Writhing Mass","floor":38,"turns":4},{"damage":18,"enemies":"4 Shapes","floor":39,"turns":7},{"damage":7,"enemies":"Nemesis","floor":41,"turns":7},{"damage":0,"enemies":"Transient","floor":42,"turns":5},{"damage":18,"enemies":"Jaw Worm Horde","floor":44,"turns":5},{"damage":0,"enemies":"Writhing Mass","floor":45,"turns":4},{"damage":47,"enemies":"Mind Bloom Boss Battle","floor":47,"turns":9},{"damage":9,"enemies":"4 Shapes","floor":48,"turns":4},{"damage":120,"enemies":"Awakened One","floor":50,"turns":20}],"seed_played":"6829510963082443988","potions_obtained":[{"floor":11,"key":"Poison Potion"},{"floor":12,"key":"FearPotion"},{"floor":13,"key":"Weak Potion"},{"floor":20,"key":"AttackPotion"},{"floor":24,"key":"Fire Potion"},{"floor":27,"key":"Energy Potion"},{"floor":37,"key":"Fruit Juice"},{"floor":37,"key":"SmokeBomb"},{"floor":45,"key":"Regen Potion"},{"floor":47,"key":"Fire Potion"}],"is_trial":false,"path_per_floor":["M","M","?","M","$","R","?","R","T","R","E","M","E","M","R","B",null,"M","M","?","$","?","R","E","R","T","M","E","R","?","?","R","B",null,"M","M","?","M","M","R","E","M","T","M","M","R","?","M","R","B",null],"character_chosen":"IRONCLAD","items_purchased":["Strange Spoon","Inflame","Shrug It Off"],"campfire_rested":0,"item_purchase_floors":[5,5,21],"current_hp_per_floor":[56,62,62,64,64,64,69,69,69,69,35,60,49,57,57,42,105,99,85,95,95,95,95,92,92,92,126,133,133,133,133,133,54,137,141,141,146,146,154,154,154,154,154,146,156,156,154,166,166,92],"gold":45,"neow_bonus":"THREE_RARE_CARDS","is_prod":false,"is_daily":false,"chose_seed":false,"campfire_upgraded":10,"win_rate":0,"timestamp":1549815710,"path_taken":["M","?","?","?","$","R","?","R","T","R","E","M","E","M","R","BOSS","M","M","?","$","?","R","E","R","T","M","E","R","?","?","R","BOSS","M","M","?","M","M","R","E","M","T","?","M","R","?","M","R","BOSS"],"build_version":"2019-01-23","purchased_purges":1,"victory":true,"max_hp_per_floor":[80,80,80,80,80,80,85,85,85,85,89,93,97,101,101,105,105,109,109,121,121,121,121,125,125,125,129,133,133,133,133,133,137,137,141,141,146,146,154,154,154,154,154,158,162,162,162,166,166,170],"card_choices":[{"not_picked":["Offering","Juggernaut"],"picked":"Reaper","floor":0},{"not_picked":["Flex","Heavy Blade","Clash"],"picked":"SKIP","floor":1},{"not_picked":["Cleave","Headbutt"],"picked":"Reaper","floor":2},{"not_picked":["Dual Wield","Pommel Strike"],"picked":"Feed","floor":4},{"not_picked":["Second Wind","Entrench","Sever Soul"],"picked":"SKIP","floor":11},{"not_picked":["Warcry","Twin Strike"],"picked":"Pommel Strike","floor":12},{"not_picked":["Pommel Strike","Iron Wave","Dual Wield"],"picked":"SKIP","floor":13},{"not_picked":["Armaments","Havoc"],"picked":"Ghostly Armor","floor":14},{"not_picked":["Bludgeon","Berserk"],"picked":"Fiend Fire","floor":16},{"not_picked":["Iron Wave","Wild Strike","Body Slam"],"picked":"SKIP","floor":18},{"not_picked":["Power Through","Clash","Cleave+1"],"picked":"SKIP","floor":19},{"not_picked":["Fire Breathing","Rupture"],"picked":"Shrug It Off","floor":20},{"not_picked":["Rampage","Cleave","Wild Strike"],"picked":"SKIP","floor":24},{"not_picked":["Dropkick","Sword Boomerang","Armaments"],"picked":"SKIP","floor":27},{"not_picked":["True Grit","Flex+1","Cleave"],"picked":"SKIP","floor":28},{"not_picked":["Barricade","Immolate"],"picked":"Impervious","floor":33},{"not_picked":["Clash","Second Wind+1","True Grit+1"],"picked":"SKIP","floor":35},{"not_picked":["Ghostly Armor","Rupture"],"picked":"Uppercut+1","floor":36},{"not_picked":["Clash","Flex","Sword Boomerang"],"picked":"SKIP","floor":38},{"not_picked":["Warcry","Cleave","Headbutt+1"],"picked":"SKIP","floor":39},{"not_picked":["Warcry","Cleave","Headbutt+1"],"picked":"SKIP","floor":39},{"not_picked":["Sword Boomerang","Headbutt"],"picked":"Ghostly Armor","floor":41},{"not_picked":["Sword Boomerang","True Grit+1","Pommel Strike"],"picked":"SKIP","floor":42},{"not_picked":["Spot Weakness","Carnage+1"],"picked":"Shrug It Off+1","floor":44},{"not_picked":["Dropkick","Berserk","Entrench+1"],"picked":"SKIP","floor":45},{"not_picked":["Headbutt+1","Corruption+1","Power Through+1"],"picked":"SKIP","floor":48}],"player_experience":176096,"relics_obtained":[{"floor":9,"key":"Bottled Flame"},{"floor":11,"key":"Tiny Chest"},{"floor":13,"key":"Red Skull"},{"floor":20,"key":"Turnip"},{"floor":20,"key":"Matryoshka"},{"floor":24,"key":"Vajra"},{"floor":26,"key":"Smiling Mask"},{"floor":26,"key":"Centennial Puzzle"},{"floor":28,"key":"Bag of Preparation"},{"floor":41,"key":"Mercury Hourglass"},{"floor":43,"key":"Lantern"},{"floor":43,"key":"Meat on the Bone"},{"floor":47,"key":"Peace Pipe"}],"event_choices":[{"damage_healed":0,"gold_gain":100,"player_choice":"Pray","damage_taken":0,"max_hp_gain":0,"max_hp_loss":0,"event_name":"Golden Shrine","floor":3,"gold_loss":0},{"damage_healed":0,"gold_gain":0,"player_choice":"Donut","damage_taken":0,"max_hp_gain":5,"max_hp_loss":0,"event_name":"Big Fish","floor":7,"gold_loss":0},{"damage_healed":0,"gold_gain":0,"player_choice":"Fight","damage_taken":0,"max_hp_gain":0,"max_hp_loss":0,"event_name":"Colosseum","floor":20,"gold_loss":0},{"damage_healed":0,"gold_gain":0,"player_choice":"Fought Nobs","damage_taken":0,"max_hp_gain":0,"max_hp_loss":0,"event_name":"Colosseum","floor":20,"gold_loss":0},{"damage_healed":0,"gold_gain":0,"player_choice":"Simplicity","damage_taken":0,"max_hp_gain":0,"max_hp_loss":0,"event_name":"Back to Basics","floor":22,"gold_loss":0,"cards_upgraded":["Strike_R","Strike_R","Strike_R","Strike_R","Strike_R","Defend_R","Defend_R","Defend_R"]},{"damage_healed":0,"gold_gain":99,"player_choice":"Stole From Cult","damage_taken":0,"max_hp_gain":0,"max_hp_loss":0,"event_name":"Nest","floor":30,"gold_loss":0},{"damage_healed":0,"gold_gain":0,"player_choice":"Obtained Relic","damage_taken":0,"relics_obtained":["Sundial"],"max_hp_gain":0,"max_hp_loss":0,"event_name":"Addict","floor":31,"gold_loss":85},{"damage_healed":0,"gold_gain":0,"player_choice":"Got Potions","damage_taken":0,"max_hp_gain":0,"max_hp_loss":0,"event_name":"Lab","floor":37,"gold_loss":0},{"damage_healed":0,"gold_gain":0,"player_choice":"Fight","damage_taken":0,"max_hp_gain":0,"max_hp_loss":0,"event_name":"MindBloom","floor":47,"gold_loss":0}],"is_beta":false,"boss_relics":[{"not_picked":["Orrery","Eternal Feather"],"picked":"Ectoplasm"},{"not_picked":["Calling Bell","Runic Pyramid"],"picked":"Coffee Dripper"}],"items_purged_floors":[21],"is_endless":false,"potions_floor_spawned":[11,12,13,20,20,24,27,41,44,45,47],"ascension_level":2}