{"gold_per_floor":[119,139,156,156,175,175,204,204,204,204,204,218,252,327,327,431,431,441,458,478,478,490,519,534,534,534,559,572,263,294,294,294,395,395,412,424,442,460,114,114,149,149,198,210,249,280,292,331,343,355],"floor_reached":51,"playtime":5178,"items_purged":["Blizzard","Normality"],"score":1098,"play_id":"dd8126bc-4ab6-42d0-a7b6-7ca84dc38ad2","local_time":"20180724221738","is_ascension_mode":true,"campfire_choices":[{"data":"Conserve Battery","floor":6,"key":"SMITH"},{"data":"Seek","floor":8,"key":"SMITH"},{"data":"Redo","floor":10,"key":"SMITH"},{"data":"Reinforced Body","floor":15,"key":"SMITH"},{"data":"Defragment","floor":25,"key":"SMITH"},{"data":"Mind Blast","floor":32,"key":"SMITH"},{"data":"Loop","floor":40,"key":"SMITH"},{"data":"Loop","floor":42,"key":"SMITH"},{"data":"Stack","floor":49,"key":"SMITH"}],"neow_cost":"NONE","seed_source_timestamp":30592205453663,"circlet_count":0,"master_deck":["Strike_B","Strike_B","Defend_B","Defend_B","Defend_B","Defend_B+1","Zap+1","Dualcast","Conserve Battery+1","Stack+1","Cold Snap","Redo+1","Seek+1","Reinforced Body+1","Hologram","Stack","Thunder Strike","Aggregate","Hologram","White Noise","Defragment+1","Static Discharge+1","Defragment+1","Redo+1","Capacitor","Capacitor","All For One","Auto Shields+1","Loop+1","Stack+1","Thunder Strike","Mind Blast+1","Loop+1","Static Discharge","Electrodynamics","Leap+1","Ball Lightning+1","Loop+1","Skim+1","Loop+1","Redo+1","Stack","Heatsinks+1","Conserve Battery","Storm+1","Storm+1","Stack+1","Reinforced Body+1","White Noise","Glacier+1"],"relics":["Cracked Core","War Paint","Prayer Wheel","Bronze Scales","Mummified Hand","Meat on the Bone","Centennial Puzzle","Eternal Feather","Calipers","Cables","Emotion Chip","Smiling Mask","Dodecahedron","Coffee Dripper","Bottled Tornado","Vajra","MawBank","Question Card","Ancient Tea Set","Dream Catcher"],"potions_floor_usage":[7,18,23,23,23,27],"damage_taken":[{"damage":0,"enemies":"Cultist","floor":1,"turns":3},{"damage":0,"enemies":"Small Slimes","floor":2,"turns":2},{"damage":0,"enemies":"2 Louse","floor":3,"turns":2},{"damage":0,"enemies":"Gremlin Gang","floor":5,"turns":6},{"damage":11,"enemies":"3 Sentries","floor":7,"turns":7},{"damage":0,"enemies":"2 Fungi Beasts","floor":12,"turns":2},{"damage":7,"enemies":"Lagavulin","floor":13,"turns":7},{"damage":5,"enemies":"The Guardian","floor":16,"turns":13},{"damage":0,"enemies":"Chosen","floor":18,"turns":5},{"damage":2,"enemies":"3 Byrds","floor":19,"turns":3},{"damage":23,"enemies":"Snake Plant","floor":20,"turns":5},{"damage":9,"enemies":"Centurion and Healer","floor":22,"turns":3},{"damage":26,"enemies":"Gremlin Leader","floor":23,"turns":4},{"damage":28,"enemies":"Sentry and Sphere","floor":24,"turns":5},{"damage":3,"enemies":"Book of Stabbing","floor":27,"turns":4},{"damage":3,"enemies":"3 Cultists","floor":28,"turns":3},{"damage":12,"enemies":"Gremlin Leader","floor":30,"turns":5},{"damage":16,"enemies":"Champ","floor":33,"turns":7},{"damage":22,"enemies":"Orb Walker","floor":35,"turns":4},{"damage":25,"enemies":"3 Darklings","floor":36,"turns":3},{"damage":0,"enemies":"Flame Bruiser 2 Orb","floor":37,"turns":4},{"damage":10,"enemies":"Spire Growth","floor":38,"turns":5},{"damage":6,"enemies":"Nemesis","floor":41,"turns":4},{"damage":12,"enemies":"2 Orb Walkers","floor":45,"turns":2},{"damage":2,"enemies":"4 Shapes","floor":46,"turns":1},{"damage":0,"enemies":"Giant Head","floor":48,"turns":3},{"damage":0,"enemies":"Awakened One","floor":50,"turns":4}],"seed_played":"8146061817565995584","potions_obtained":[{"floor":1,"key":"Explosive Potion"},{"floor":2,"key":"SneckoOil"},{"floor":3,"key":"Explosive Potion"},{"floor":13,"key":"GamblersBrew"},{"floor":18,"key":"FocusPotion"},{"floor":20,"key":"Strength Potion"},{"floor":22,"key":"Regen Potion"},{"floor":24,"key":"AttackPotion"},{"floor":30,"key":"SpeedPotion"},{"floor":37,"key":"Regen Potion"},{"floor":41,"key":"Energy Potion"}],"is_trial":false,"path_per_floor":["M","M","M","T","M","R","E","R","T","R","?","M","E","?","R","B",null,"M","M","M","?","M","E","M","R","T","E","M","$","E","?","R","B",null,"M","M","M","M","$","R","E","R","T","T","E","M","?","E","R","B"],"character_chosen":"DEFECT","items_purchased":["Thunder Strike","Mind Blast","Loop","Bottled Tornado","Conserve Battery"],"campfire_rested":0,"item_purchase_floors":[29,29,29,39,39],"current_hp_per_floor":[75,75,75,75,75,75,64,64,64,64,46,46,39,32,32,39,75,75,73,50,50,41,39,23,38,38,47,44,44,44,44,65,49,75,53,40,47,49,49,75,69,75,75,75,63,61,61,61,75,75],"gold":367,"neow_bonus":"RANDOM_COMMON_RELIC","is_prod":false,"is_daily":false,"chose_seed":false,"campfire_upgraded":9,"win_rate":0,"timestamp":1532463458,"path_taken":["M","?","M","?","?","R","E","R","T","R","?","M","E","?","R","BOSS","M","M","M","?","M","E","M","R","T","E","?","$","E","?","R","BOSS","M","M","M","M","$","R","E","R","T","?","E","?","?","E","R","BOSS"],"build_version":"2018-07-19v2","purchased_purges":2,"victory":true,"max_hp_per_floor":[75,75,75,75,75,75,75,75,75,75,75,75,75,75,75,75,75,75,75,75,75,75,75,75,75,75,75,75,75,75,75,75,75,75,75,75,75,75,75,75,75,75,75,75,75,75,75,75,75,75],"card_choices":[{"not_picked":["Force Field","Sweeping Beam"],"picked":"Conserve Battery","floor":1},{"not_picked":["Gash","Beam Cell"],"picked":"Stack","floor":2},{"not_picked":["Ball Lightning","Compile Driver"],"picked":"Cold Snap","floor":3},{"not_picked":["Rebound","Streamline"],"picked":"Redo","floor":5},{"not_picked":["Streamline","Go for the Eyes","Rebound"],"picked":"SKIP","floor":5},{"not_picked":["Hologram","Aggregate"],"picked":"Seek","floor":7},{"not_picked":["Beam Cell","FTL"],"picked":"Reinforced Body","floor":12},{"not_picked":["Rebound","Rip and Tear"],"picked":"Hologram","floor":12},{"not_picked":["Leap","Hologram"],"picked":"Stack","floor":13},{"not_picked":["Reboot","Hyperbeam"],"picked":"Thunder Strike","floor":16},{"not_picked":["Conserve Battery+1","FTL"],"picked":"Aggregate","floor":18},{"not_picked":["Streamline","Go for the Eyes"],"picked":"Hologram","floor":18},{"not_picked":["Core Surge","Darkness+1"],"picked":"White Noise","floor":19},{"not_picked":["Redo","Rebound"],"picked":"Defragment","floor":19},{"not_picked":["Gash+1","Beam Cell"],"picked":"Blizzard","floor":20},{"not_picked":["Beam Cell","Rebound"],"picked":"Static Discharge+1","floor":20},{"not_picked":["Stack","Chaos"],"picked":"Defragment+1","floor":22},{"not_picked":["Streamline","Barrage+1"],"picked":"Redo+1","floor":22},{"not_picked":["Redo+1","Melter+1"],"picked":"Capacitor","floor":23},{"not_picked":["Streamline","Compile Driver"],"picked":"Capacitor","floor":24},{"not_picked":["Doom and Gloom","Rebound+1"],"picked":"All For One","floor":24},{"not_picked":["Defragment+1","Cold Snap+1"],"picked":"Auto Shields+1","floor":27},{"not_picked":["Turbo","Hologram+1"],"picked":"Loop","floor":28},{"not_picked":["Rip and Tear+1","Rebound"],"picked":"Stack+1","floor":28},{"not_picked":["Force Field","Genetic Algorithm"],"picked":"Static Discharge","floor":30},{"not_picked":["Echo Form","Core Surge"],"picked":"Electrodynamics","floor":33},{"not_picked":["Barrage+1","Self Repair"],"picked":"Leap+1","floor":35},{"not_picked":["Streamline+1","Recycle+1"],"picked":"Ball Lightning+1","floor":35},{"not_picked":["Go for the Eyes+1","Melter+1"],"picked":"Loop+1","floor":36},{"not_picked":["Steam","Force Field"],"picked":"Skim+1","floor":36},{"not_picked":["Cold Snap","Melter+1"],"picked":"Loop+1","floor":37},{"not_picked":["Rip and Tear","Fusion"],"picked":"Redo+1","floor":37},{"not_picked":["Rebound","Sweeping Beam+1"],"picked":"Stack","floor":38},{"not_picked":["Cold Snap","Compile Driver"],"picked":"Heatsinks+1","floor":38},{"not_picked":["Biased Cognition","Turbo+1"],"picked":"Storm+1","floor":41},{"not_picked":["Melter","Defragment","Steam"],"picked":"Storm+1","floor":45},{"not_picked":["Rebound+1","Streamline+1","Beam Cell"],"picked":"Stack+1","floor":46},{"not_picked":["Self Repair","Rebound+1","Hologram"],"picked":"Reinforced Body+1","floor":46},{"not_picked":["Streamline","Reinforced Body","Loop+1"],"picked":"Glacier+1","floor":48}],"player_experience":189919,"relics_obtained":[{"floor":4,"key":"Prayer Wheel"},{"floor":7,"key":"Bronze Scales"},{"floor":9,"key":"Mummified Hand"},{"floor":13,"key":"Centennial Puzzle"},{"floor":23,"key":"Calipers"},{"floor":26,"key":"Cables"},{"floor":27,"key":"Emotion Chip"},{"floor":30,"key":"Smiling Mask"},{"floor":41,"key":"Vajra"},{"floor":43,"key":"MawBank"},{"floor":44,"key":"Question Card"},{"floor":45,"key":"Ancient Tea Set"},{"floor":48,"key":"Dream Catcher"}],"event_choices":[{"event_name":"Scrap Ooze","player_choice":"success","floor":11,"damage_taken":18},{"event_name":"FaceTrader","player_choice":"Touch","floor":14,"damage_taken":0},{"event_name":"Purifier","player_choice":"One Purge","floor":21,"damage_taken":0},{"event_name":"Accursed Blacksmith","player_choice":"Rummage","floor":31,"damage_taken":0},{"event_name":"Transmorgrifier","player_choice":"Transform","floor":47,"damage_taken":0}],"is_beta":false,"boss_relics":[{"not_picked":["Astrolabe","Tiny House"],"picked":"Eternal Feather"},{"not_picked":["White Beast Statue","FrozenCore"],"picked":"Coffee Dripper"}],"items_purged_floors":[29,39],"is_endless":false,"potions_floor_spawned":[1,2,3,13,18,20,22,24,30,37,41,46],"ascension_level":4}