{"gold_per_floor":[115,132,207,207,227,255,13,38,38,38,38,50,64,93,93,193,193,203,203,203,10,25,60,76,95,142,152,152,13,48,48,48,149,149,165,177,192,212,230,230,249,276,303,303,303,0,33,33,33,33],"floor_reached":51,"playtime":4263,"items_purged":["Strike_R"],"score":1144,"play_id":"0e78333b-77f9-49c6-b274-614377909287","local_time":"20180816223918","is_ascension_mode":true,"campfire_choices":[{"floor":11,"key":"REST"},{"data":"Fiend Fire","floor":15,"key":"SMITH"},{"data":"Dark Embrace","floor":28,"key":"SMITH"},{"data":"Havoc","floor":32,"key":"SMITH"},{"data":"Fiend Fire","floor":40,"key":"SMITH"},{"data":"Normality","floor":44,"key":"PURGE"},{"data":"Parasite","floor":49,"key":"PURGE"}],"neow_cost":"TEN_PERCENT_HP_LOSS","seed_source_timestamp":0,"circlet_count":0,"master_deck":["Strike_R+1","Strike_R+1","Strike_R+1","Defend_R+1","Defend_R+1","Defend_R+1","Defend_R+1","Bash+1","Fiend Fire+1","Iron Wave+1","Ghostly Armor+1","Headbutt+1","Battle Trance+1","Shrug It Off+1","Shrug It Off+1","Havoc+1","Warcry+1","Ghostly Armor+1","Dark Embrace+1","Havoc+1","Ghostly+1","Ghostly+1","Ghostly+1","Ghostly+1","Ghostly+1","Warcry+1","Intimidate+1","Pummel+1","Spot Weakness+1","Disarm+1","True Grit+1","True Grit+1","Dark Embrace+1","Fiend Fire+1","Havoc+1","Inflame+1","Warcry+1","Pummel+1","Flame Barrier+1","Havoc+1","Sentinel"],"special_seed":0,"relics":["Burning Blood","The Courier","Charon\u0027s Ashes","Bronze Scales","Self Forming Clay","Mummified Hand","Cursed Key","GremlinMask","Blue Candle","Centennial Puzzle","Ancient Tea Set","Frozen Egg 2","Lizard Tail","Peace Pipe","Juzu Bracelet","Mark of the Bloom","Red Mask","Molten Egg 2"],"potions_floor_usage":[14,16,30,33,42],"damage_taken":[{"damage":0.0,"enemies":"2 Louse","floor":1.0,"turns":3.0},{"damage":7.0,"enemies":"Small Slimes","floor":2.0,"turns":4.0},{"damage":2.0,"enemies":"Jaw Worm","floor":5.0,"turns":4.0},{"damage":15.0,"enemies":"3 Sentries","floor":6.0,"turns":9.0},{"damage":16.0,"enemies":"Gremlin Nob","floor":8.0,"turns":3.0},{"damage":0,"enemies":"3 Louse","floor":12,"turns":1},{"damage":3,"enemies":"Blue Slaver","floor":13,"turns":3},{"damage":5,"enemies":"3 Sentries","floor":14,"turns":3},{"damage":13,"enemies":"The Guardian","floor":16,"turns":11},{"damage":0,"enemies":"3 Byrds","floor":18,"turns":2},{"damage":0,"enemies":"Chosen","floor":22,"turns":3},{"damage":13,"enemies":"Book of Stabbing","floor":23,"turns":5},{"damage":1,"enemies":"Centurion and Healer","floor":24,"turns":5},{"damage":1,"enemies":"Chosen and Byrds","floor":25,"turns":4},{"damage":1,"enemies":"Sentry and Sphere","floor":27,"turns":3},{"damage":10,"enemies":"Slavers","floor":30,"turns":3},{"damage":1,"enemies":"Collector","floor":33,"turns":6},{"damage":1,"enemies":"Orb Walker","floor":35,"turns":5},{"damage":1,"enemies":"3 Darklings","floor":36,"turns":4},{"damage":1,"enemies":"Flame Bruiser 2 Orb","floor":37,"turns":3},{"damage":19,"enemies":"Spire Growth","floor":38,"turns":6},{"damage":2,"enemies":"Sphere and 2 Shapes","floor":39,"turns":4},{"damage":1,"enemies":"4 Shapes","floor":41,"turns":3},{"damage":4,"enemies":"Nemesis","floor":42,"turns":5},{"damage":0,"enemies":"Giant Head","floor":47,"turns":4},{"damage":2,"enemies":"Donu and Deca","floor":50,"turns":4}],"seed_played":"-2982402678117340020","potions_obtained":[{"floor":6.0,"key":"LiquidBronze"},{"floor":8.0,"key":"SkillPotion"},{"floor":12,"key":"SkillPotion"},{"floor":16,"key":"PowerPotion"},{"floor":18,"key":"Fire Potion"},{"floor":27,"key":"LiquidBronze"},{"floor":33,"key":"SpeedPotion"},{"floor":35,"key":"Strength Potion"},{"floor":48,"key":"SteroidPotion"}],"is_trial":false,"path_per_floor":["M","M","?","?","M","E","$","E","T","$","R","M","M","E","R","B",null,"M","?","?","$","M","E","M","M","T","M","R","$","E","$","R","B",null,"M","M","M","M","M","R","M","E","T","R","?","?","E","?","R","B"],"character_chosen":"IRONCLAD","items_purchased":["Charon\u0027s Ashes","Blue Candle","True Grit","True Grit"],"campfire_rested":1,"item_purchase_floors":[7,21,29,29],"current_hp_per_floor":[72,71,60,60,64,55,55,45,45,45,66,72,72,72,72,65,70,72,72,36,36,36,29,34,36,36,36,36,36,32,32,32,36,36,36,36,36,23,27,27,32,34,34,34,34,34,34,34,33,31],"gold":33,"neow_bonus":"THREE_RARE_CARDS","is_prod":false,"is_daily":false,"chose_seed":false,"campfire_upgraded":4,"win_rate":0,"timestamp":1534451958,"path_taken":["M","M","?","?","?","E","$","E","T","?","R","M","M","E","R","BOSS","M","?","?","?","M","E","M","?","T","?","R","$","E","?","R","BOSS","M","M","M","M","M","R","M","E","T","R","?","?","E","?","R","BOSS"],"build_version":"2018-08-09","purchased_purges":1,"victory":true,"max_hp_per_floor":[72,72,72,72,72,72,72,72,72,72,72,72,72,72,72,72,72,72,72,36,36,36,36,36,36,36,36,36,36,36,36,36,36,36,36,36,36,36,36,36,36,36,36,36,36,36,36,36,33,33],"card_choices":[{"not_picked":["Limit Break","Brutality"],"picked":"Fiend Fire","floor":0.0},{"not_picked":["Perfected Strike","Sword Boomerang"],"picked":"Iron Wave","floor":1.0},{"not_picked":["Hemokinesis","Shrug It Off"],"picked":"Ghostly Armor","floor":2.0},{"not_picked":["Iron Wave","Perfected Strike"],"picked":"Battle Trance","floor":5.0},{"not_picked":["Searing Blow","Heavy Blade"],"picked":"Shrug It Off","floor":6.0},{"not_picked":["Armaments","Spot Weakness"],"picked":"Shrug It Off","floor":8.0},{"not_picked":["Anger","Dropkick"],"picked":"Havoc","floor":12},{"not_picked":["Ghostly Armor","Shrug It Off"],"picked":"Warcry","floor":13},{"not_picked":["Clothesline","Barricade"],"picked":"Ghostly Armor","floor":14},{"not_picked":["Double Tap","Impervious"],"picked":"Dark Embrace","floor":16},{"not_picked":["Anger","Metallicize"],"picked":"Havoc","floor":18},{"not_picked":["Flame Barrier","Heavy Blade+1"],"picked":"Warcry","floor":22},{"not_picked":["Sword Boomerang","Ghostly Armor"],"picked":"Intimidate","floor":23},{"not_picked":["Flex","Perfected Strike+1"],"picked":"Pummel","floor":24},{"not_picked":["Iron Wave","Whirlwind"],"picked":"Spot Weakness","floor":25},{"not_picked":["Bludgeon","Entrench"],"picked":"Disarm+1","floor":27},{"not_picked":["Spot Weakness","Thunderclap"],"picked":"Dark Embrace","floor":30},{"not_picked":["Impervious","Immolate"],"picked":"Fiend Fire","floor":33},{"not_picked":["Thunderclap+1","Clash+1"],"picked":"Havoc+1","floor":35},{"not_picked":["Clothesline","Clash+1"],"picked":"Inflame+1","floor":36},{"not_picked":["Flame Barrier+1","Power Through+1"],"picked":"Warcry","floor":37},{"not_picked":["Combust+1","Uppercut+1"],"picked":"Pummel+1","floor":38},{"not_picked":["Headbutt+1","Iron Wave","Fire Breathing+1"],"picked":"SKIP","floor":39},{"not_picked":["Clash","Anger"],"picked":"Flame Barrier+1","floor":41},{"not_picked":["Anger+1","Heavy Blade"],"picked":"Havoc+1","floor":42},{"not_picked":["Body Slam+1","Pummel"],"picked":"Sentinel","floor":47}],"player_experience":305742,"relics_obtained":[{"floor":6.0,"key":"The Courier"},{"floor":8.0,"key":"Bronze Scales"},{"floor":9,"key":"Self Forming Clay"},{"floor":14,"key":"Mummified Hand"},{"floor":23,"key":"Centennial Puzzle"},{"floor":26,"key":"Ancient Tea Set"},{"floor":30,"key":"Frozen Egg 2"},{"floor":42,"key":"Peace Pipe"},{"floor":43,"key":"Juzu Bracelet"},{"floor":47,"key":"Molten Egg 2"}],"event_choices":[{"event_name":"World of Goop","player_choice":"Gather Gold","floor":3.0,"damage_taken":0.0},{"event_name":"Living Wall","player_choice":"Change","floor":4.0,"damage_taken":0.0},{"event_name":"FaceTrader","player_choice":"Trade","floor":19,"damage_taken":0},{"event_name":"Ghosts","player_choice":"Became a Ghost","floor":20,"damage_taken":0},{"event_name":"MindBloom","player_choice":"Upgrade","floor":45,"damage_taken":0},{"event_name":"Tomb of Lord Red Mask","player_choice":"Paid","floor":46,"damage_taken":0},{"event_name":"The Lab","player_choice":"Got Potions","floor":48,"damage_taken":0}],"is_beta":false,"boss_relics":[{"not_picked":["Black Star","Orrery"],"picked":"Cursed Key"},{"not_picked":["White Beast Statue","Snecko Eye"],"picked":"Lizard Tail"}],"items_purged_floors":[29],"is_endless":false,"potions_floor_spawned":[6,8,12,16,18,22,27,33,35,39,41],"ascension_level":7}