{"gold_per_floor":[18,29,74,88,105,105,105,131,157,232,252,252,252,15,15,117,117,131,151,161,161,161,187,187,216,240,272,34,48,60,60],"floor_reached":31,"playtime":4262,"items_purged":["Strike_B"],"score":291,"play_id":"b3dc2b50-4a6f-4ef9-bdb1-4aeb78b07d32","local_time":"20190101140054","is_ascension_mode":true,"campfire_choices":[{"data":"Zap","floor":6,"key":"SMITH"},{"floor":13,"key":"REST"},{"data":"Redo","floor":15,"key":"SMITH"},{"floor":24,"key":"REST"}],"neow_cost":"NO_GOLD","seed_source_timestamp":177003288136061,"circlet_count":0,"master_deck":["Strike_B","Defend_B","Defend_B","Zap+1","Dualcast","Conserve Battery","Gash","Redo+1","Self Repair","Cold Snap","Finesse","Beam Cell","Electrodynamics","Auto Shields+1","Reprogram+1","All For One+1","Gash+1","Genetic Algorithm","Ball Lightning","Rebound+1","Ball Lightning","Gash","Conserve Battery","Go for the Eyes"],"relics":["Cracked Core","Bag of Preparation","Torii","Pocketwatch","Vajra","Question Card","Astrolabe","Centennial Puzzle","Oddly Smooth Stone","MawBank","Pantograph"],"potions_floor_usage":[29],"damage_taken":[{"damage":0,"enemies":"Cultist","floor":1,"turns":2},{"damage":0,"enemies":"Small Slimes","floor":2,"turns":3},{"damage":0,"enemies":"Jaw Worm","floor":4,"turns":3},{"damage":0,"enemies":"Looter","floor":5,"turns":4},{"damage":20,"enemies":"3 Sentries","floor":8,"turns":6},{"damage":11,"enemies":"Gremlin Gang","floor":11,"turns":3},{"damage":47,"enemies":"The Guardian","floor":16,"turns":14},{"damage":2,"enemies":"Shell Parasite","floor":18,"turns":4},{"damage":0,"enemies":"Spheric Guardian","floor":19,"turns":2},{"damage":19,"enemies":"Snake Plant","floor":20,"turns":3},{"damage":22,"enemies":"Book of Stabbing","floor":23,"turns":6},{"damage":28,"enemies":"Gremlin Leader","floor":25,"turns":5},{"damage":14,"enemies":"Centurion and Healer","floor":27,"turns":3},{"damage":1,"enemies":"Snecko","floor":29,"turns":4},{"damage":1,"enemies":"Shelled Parasite and Fungi","floor":30,"turns":2},{"damage":12,"enemies":"Centurion and Healer","floor":31,"turns":1}],"seed_played":"568698178286023891","potions_obtained":[{"floor":1,"key":"PowerPotion"},{"floor":2,"key":"GamblersBrew"},{"floor":5,"key":"SpeedPotion"},{"floor":30,"key":"AttackPotion"}],"is_trial":false,"path_per_floor":["M","M","T","M","M","R","?","E","T","?","M","T","R","$","R","B",null,"M","M","M","?","?","E","R","E","T","M","$","M","M","M"],"character_chosen":"DEFECT","items_purchased":["Cold Snap","Finesse","Beam Cell","Pantograph"],"campfire_rested":2,"item_purchase_floors":[14,14,14,28],"current_hp_per_floor":[75,75,75,75,75,75,63,43,43,32,28,28,50,50,50,10,75,73,73,61,47,47,32,56,28,28,14,14,13,12,0],"gold":60,"neow_bonus":"REMOVE_TWO","is_prod":false,"is_daily":false,"chose_seed":false,"campfire_upgraded":2,"win_rate":0,"timestamp":1546372854,"path_taken":["M","M","?","M","M","R","?","E","T","?","M","?","R","$","R","BOSS","M","M","?","?","?","E","R","E","T","M","$","?","?","M"],"build_version":"2018-12-20","purchased_purges":1,"victory":false,"max_hp_per_floor":[75,75,75,75,75,75,75,75,75,75,75,75,75,75,75,75,75,75,75,75,80,80,80,80,80,80,80,80,80,80,80],"card_choices":[{"not_picked":["Steam Power","Sweeping Beam"],"picked":"Conserve Battery","floor":1},{"not_picked":["Stack","Hologram"],"picked":"Gash","floor":2},{"not_picked":["FTL","Doom and Gloom"],"picked":"Biased Cognition","floor":4},{"not_picked":["BootSequence","Reinforced Body"],"picked":"Redo","floor":5},{"not_picked":["Hello World","Gash"],"picked":"Self Repair","floor":8},{"not_picked":["Heatsinks","Streamline"],"picked":"Steam","floor":11},{"not_picked":["Multi-Cast","Thunder Strike","Echo Form"],"picked":"Electrodynamics","floor":16},{"not_picked":["Steam+1","Glacier","Conserve Battery+1"],"picked":"Gash+1","floor":18},{"not_picked":["BootSequence","Steam Power","Redo"],"picked":"Genetic Algorithm","floor":19},{"not_picked":["Cold Snap+1","Reprogram+1","Genetic Algorithm"],"picked":"Ball Lightning","floor":20},{"not_picked":["Redo+1","Machine Learning","Sweeping Beam"],"picked":"Rebound+1","floor":23},{"not_picked":["Cold Snap","Self Repair","Sweeping Beam+1"],"picked":"Ball Lightning","floor":25},{"not_picked":["Capacitor","Rebound+1","Reprogram"],"picked":"Gash","floor":27},{"not_picked":["Streamline","Tempest","Biased Cognition"],"picked":"Conserve Battery","floor":29},{"not_picked":["Stack+1","Conserve Battery","FTL"],"picked":"Go for the Eyes","floor":30}],"player_experience":12688,"relics_obtained":[{"floor":3,"key":"Bag of Preparation"},{"floor":8,"key":"Pocketwatch"},{"floor":9,"key":"Vajra"},{"floor":12,"key":"Question Card"},{"floor":23,"key":"Centennial Puzzle"},{"floor":25,"key":"Oddly Smooth Stone"},{"floor":26,"key":"MawBank"}],"event_choices":[{"damage_healed":0,"gold_gain":0,"player_choice":"Success","damage_taken":12,"relics_obtained":["Torii"],"max_hp_gain":0,"max_hp_loss":0,"event_name":"Scrap Ooze","floor":7,"gold_loss":0},{"damage_healed":0,"gold_gain":75,"player_choice":"Gather Gold","damage_taken":11,"max_hp_gain":0,"max_hp_loss":0,"event_name":"World of Goop","floor":10,"gold_loss":0},{"damage_healed":0,"gold_gain":0,"player_choice":"Shed Blood","damage_taken":19,"max_hp_gain":5,"max_hp_loss":0,"event_name":"Forgotten Altar","floor":21,"gold_loss":0},{"cards_removed":["Defend_B"],"damage_healed":0,"gold_gain":0,"player_choice":"Offered Basic","damage_taken":0,"max_hp_gain":0,"max_hp_loss":0,"event_name":"Bonfire Elementals","floor":22,"gold_loss":0}],"is_beta":false,"boss_relics":[{"not_picked":["Inserter","Runic Dome"],"picked":"Astrolabe"}],"items_purged_floors":[14],"is_endless":false,"potions_floor_spawned":[1,2,5,18,25,30],"killed_by":"Centurion and Healer","ascension_level":1}