{"gold_per_floor":[118,1,1,1,1,16,44,60,83,83,158,158,158,184,184,184],"floor_reached":16,"playtime":279,"items_purged":["Defend_B"],"score":262,"play_id":"3fe3206b-f497-4a78-8752-c5538adbe67d","local_time":"20190223193015","is_ascension_mode":true,"campfire_choices":[{"data":"Zap","floor":10,"key":"SMITH"},{"floor":15,"key":"DIG"}],"neow_cost":"NONE","seed_source_timestamp":21367699571300,"circlet_count":0,"master_deck":["AscendersBane","Strike_B","Strike_B","Strike_B","Defend_B","Defend_B","Zap+1","Dualcast","Glacier","Conserve Battery","BootSequence"],"relics":["Cracked Core","NeowsBlessing","PreservedInsect","Boot","Bag of Preparation","Mercury Hourglass","Shovel","Singing Bowl"],"potions_floor_usage":[8,16,16],"damage_taken":[{"damage":0,"enemies":"Small Slimes","floor":1,"turns":1},{"damage":0,"enemies":"Jaw Worm","floor":6,"turns":1},{"damage":0,"enemies":"3 Sentries","floor":7,"turns":1},{"damage":0,"enemies":"2 Louse","floor":8,"turns":1},{"damage":4,"enemies":"Lagavulin","floor":14,"turns":5},{"damage":39,"enemies":"Hexaghost","floor":16,"turns":10}],"seed_played":"-1339269538818768656","potions_obtained":[{"floor":6,"key":"EntropicBrew"},{"floor":7,"key":"Fire Potion"},{"floor":8,"key":"Energy Potion"}],"is_trial":false,"path_per_floor":["M","$","?","?","$","M","E","M","T","R","?","?","T","E","R","B"],"character_chosen":"DEFECT","items_purchased":["Glacier"],"campfire_rested":0,"item_purchase_floors":[2],"current_hp_per_floor":[64,64,59,52,52,52,52,52,52,52,41,41,41,37,37,0],"gold":184,"neow_bonus":"THREE_ENEMY_KILL","is_prod":false,"is_daily":false,"chose_seed":false,"campfire_upgraded":1,"win_rate":0,"timestamp":1550943015,"path_taken":["M","$","?","?","?","M","E","M","T","R","?","?","?","E","R","BOSS"],"build_version":"2019-01-23","purchased_purges":1,"victory":false,"max_hp_per_floor":[71,71,71,71,71,71,71,71,71,71,71,71,71,71,71,71],"card_choices":[{"not_picked":["Streamline","Barrage","Rip and Tear"],"picked":"SKIP","floor":1},{"not_picked":["Leap","Glacier"],"picked":"Conserve Battery","floor":6},{"not_picked":["Rebound","Glacier"],"picked":"BootSequence","floor":7},{"not_picked":["Recycle","Auto Shields","Glacier"],"picked":"SKIP","floor":8},{"not_picked":["Sweeping Beam","Reinforced Body","Fission"],"picked":"SKIP","floor":14}],"player_experience":922902,"relics_obtained":[{"floor":7,"key":"Boot"},{"floor":9,"key":"Bag of Preparation"},{"floor":13,"key":"Mercury Hourglass"},{"floor":14,"key":"Shovel"},{"floor":15,"key":"Singing Bowl"}],"event_choices":[{"damage_healed":0,"gold_gain":0,"player_choice":"Success","damage_taken":5,"relics_obtained":["PreservedInsect"],"max_hp_gain":0,"max_hp_loss":0,"event_name":"Scrap Ooze","floor":3,"gold_loss":0},{"cards_removed":["Strike_B"],"damage_healed":0,"gold_gain":0,"player_choice":"Card Removal","damage_taken":7,"max_hp_gain":0,"max_hp_loss":0,"event_name":"Golden Wing","floor":4,"gold_loss":0},{"damage_healed":0,"gold_gain":75,"player_choice":"Gather Gold","damage_taken":11,"max_hp_gain":0,"max_hp_loss":0,"event_name":"World of Goop","floor":11,"gold_loss":0},{"cards_removed":["Defend_B"],"damage_healed":0,"gold_gain":0,"player_choice":"Forget","damage_taken":0,"max_hp_gain":0,"max_hp_loss":0,"event_name":"Living Wall","floor":12,"gold_loss":0}],"is_beta":false,"boss_relics":[],"items_purged_floors":[2],"is_endless":false,"potions_floor_spawned":[6,7,8],"killed_by":"Hexaghost","ascension_level":20}