{"gold_per_floor":[116,44,58,70,86,86,106,123,123,123,134,144,144,159,159,258,258,275,275,290,301,321,321,321,321,321,321,331,331,357,375,375,471,471,483,583,583,595,595,595,609,609,609,620,630,649,669,201,201,201],"floor_reached":51,"playtime":5557,"items_purged":["Bite"],"score":649,"play_id":"3eb4ddfd-ec78-436d-88db-f74050c50c4e","local_time":"20190223155956","is_ascension_mode":false,"campfire_choices":[{"data":"Survivor","floor":6.0,"key":"SMITH"},{"data":"Noxious Fumes","floor":10.0,"key":"SMITH"},{"data":"Deadly Poison","floor":13.0,"key":"SMITH"},{"floor":15.0,"key":"REST"},{"data":"Well Laid Plans","floor":23.0,"key":"SMITH"},{"data":"Catalyst","floor":25.0,"key":"SMITH"},{"data":"Footwork","floor":29.0,"key":"SMITH"},{"floor":32.0,"key":"REST"},{"floor":40.0,"key":"REST"},{"data":"Neutralize","floor":42.0,"key":"SMITH"},{"floor":49.0,"key":"REST"}],"neow_cost":"NONE","seed_source_timestamp":601334970404711,"circlet_count":0,"master_deck":["Defend_G+1","Defend_G+1","Defend_G+1","Defend_G+1","Defend_G+1","Survivor+1","Neutralize+1","Footwork+1","Noxious Fumes+1","A Thousand Cuts","Deadly Poison+1","Well Laid Plans+1","Catalyst+1","Glass Knife","Catalyst+1","Bite","Bite","Bite","Bite","Blur","Envenom","Madness","Blur","Dash+1","Bouncing Flask","Bane+1"],"special_seed":0,"relics":["Ring of the Snake","Omamori","Pear","Busted Crown","War Paint","Ancient Tea Set","Velvet Choker","Unceasing Top","Molten Egg 2","Letter Opener"],"potions_floor_usage":[50,50],"damage_taken":[{"damage":4.0,"enemies":"Jaw Worm","floor":1.0,"turns":6.0},{"damage":2.0,"enemies":"Small Slimes","floor":3.0,"turns":5.0},{"damage":0.0,"enemies":"2 Louse","floor":4.0,"turns":4.0},{"damage":2.0,"enemies":"Blue Slaver","floor":5.0,"turns":6.0},{"damage":5.0,"enemies":"Exordium Wildlife","floor":7.0,"turns":5.0},{"damage":4.0,"enemies":"Exordium Thugs","floor":8.0,"turns":7.0},{"damage":0.0,"enemies":"Large Slime","floor":11.0,"turns":5.0},{"damage":16.0,"enemies":"Exordium Wildlife","floor":12.0,"turns":5.0},{"damage":3.0,"enemies":"Looter","floor":14.0,"turns":4.0},{"damage":25.0,"enemies":"Hexaghost","floor":16.0,"turns":7.0},{"damage":16.0,"enemies":"3 Byrds","floor":18.0,"turns":5.0},{"damage":0.0,"enemies":"Chosen","floor":20.0,"turns":5.0},{"damage":0.0,"enemies":"Snecko","floor":21.0,"turns":5.0},{"damage":1.0,"enemies":"Centurion and Healer","floor":22.0,"turns":6.0},{"damage":7.0,"enemies":"Snake Plant","floor":28.0,"turns":4.0},{"damage":25.0,"enemies":"Cultist and Chosen","floor":31.0,"turns":8.0},{"damage":10.0,"enemies":"Automaton","floor":33.0,"turns":12.0},{"damage":3.0,"enemies":"3 Shapes","floor":35.0,"turns":4.0},{"damage":16.0,"enemies":"Mind Bloom Boss Battle","floor":36.0,"turns":5.0},{"damage":29.0,"enemies":"3 Darklings","floor":38.0,"turns":5.0},{"damage":0.0,"enemies":"Writhing Mass","floor":41.0,"turns":5.0},{"damage":19.0,"enemies":"Maw","floor":44.0,"turns":7.0},{"damage":8.0,"enemies":"Sphere and 2 Shapes","floor":45.0,"turns":5.0},{"damage":25.0,"enemies":"Writhing Mass","floor":46.0,"turns":5.0},{"damage":39.0,"enemies":"Spire Growth","floor":47.0,"turns":6.0},{"damage":30,"enemies":"Awakened One","floor":50,"turns":14}],"seed_played":"-7844669319152149506","potions_obtained":[{"floor":3.0,"key":"Energy Potion"},{"floor":4.0,"key":"Dexterity Potion"},{"floor":7.0,"key":"Poison Potion"},{"floor":20.0,"key":"Strength Potion"},{"floor":31.0,"key":"FearPotion"},{"floor":33.0,"key":"PowerPotion"},{"floor":35.0,"key":"Fire Potion"},{"floor":47.0,"key":"Weak Potion"}],"is_trial":false,"path_per_floor":["M","$","M","M","M","R","M","M","T","R","M","M","R","M","R","B",null,"M","?","M","M","M","R","?","R","T","?","M","R","T","M","R","B",null,"M","?","?","M","?","R","M","R","T","M","M","M","M","$","R","B",null],"character_chosen":"THE_SILENT","items_purchased":["Noxious Fumes","Bouncing Flask","Dexterity Potion","Bane+1","Letter Opener"],"campfire_rested":4,"item_purchase_floors":[2,48,48,48,48],"current_hp_per_floor":[66,66,64,64,62,62,57,53,63,63,63,47,47,44,68,43,80,64,64,64,64,63,63,48,48,48,48,51,51,51,44,59,59,59,59,49,42,25,25,42,52,52,52,50,52,39,14,14,31,31],"gold":201,"neow_bonus":"RANDOM_COMMON_RELIC","is_prod":false,"is_daily":false,"chose_seed":false,"campfire_upgraded":7,"win_rate":0,"timestamp":1550905196,"path_taken":["M","$","M","M","M","R","M","M","T","R","M","M","R","M","R","BOSS","M","?","M","M","M","R","?","R","T","?","?","R","?","M","R","BOSS","M","?","?","M","?","R","M","R","T","M","?","M","M","$","R","BOSS"],"build_version":"2019-01-23","purchased_purges":1,"victory":true,"max_hp_per_floor":[70,70,70,70,70,70,70,70,80,80,80,80,80,80,80,80,80,80,80,80,80,80,80,85,85,85,59,59,59,59,59,59,59,59,59,59,59,59,59,59,59,59,59,59,59,59,59,59,59,59],"card_choices":[{"not_picked":["Prepared","Heel Hook"],"picked":"Footwork","floor":1.0},{"not_picked":["Sucker Punch","Acrobatics","Deflect"],"picked":"SKIP","floor":3.0},{"not_picked":["Underhanded Strike","Slice","Accuracy"],"picked":"SKIP","floor":4.0},{"not_picked":["Finisher","Flying Knee"],"picked":"A Thousand Cuts","floor":5.0},{"not_picked":["Eviscerate","Dagger Throw","Calculated Gamble"],"picked":"SKIP","floor":7.0},{"not_picked":["Outmaneuver","Dagger Throw"],"picked":"Deadly Poison","floor":8.0},{"not_picked":["Distraction","Infinite Blades","Caltrops"],"picked":"SKIP","floor":11.0},{"not_picked":["Acrobatics","Flying Knee"],"picked":"Well Laid Plans","floor":12.0},{"not_picked":["Slice","Envenom"],"picked":"Catalyst","floor":14.0},{"not_picked":["Envenom","Die Die Die"],"picked":"Glass Knife","floor":16.0},{"not_picked":["Dagger Spray"],"picked":"SKIP","floor":18.0},{"not_picked":["Acrobatics"],"picked":"SKIP","floor":20.0},{"not_picked":[],"picked":"Catalyst","floor":21.0},{"not_picked":["All Out Attack+1"],"picked":"SKIP","floor":22.0},{"not_picked":["Dodge and Roll"],"picked":"SKIP","floor":28.0},{"not_picked":[],"picked":"Blur","floor":31.0},{"not_picked":[],"picked":"Envenom","floor":33.0},{"not_picked":["Calculated Gamble"],"picked":"SKIP","floor":35.0},{"not_picked":["Outmaneuver"],"picked":"SKIP","floor":38.0},{"not_picked":["Masterful Stab+1"],"picked":"SKIP","floor":41.0},{"not_picked":["Masterful Stab+1"],"picked":"SKIP","floor":44.0},{"not_picked":[],"picked":"Blur","floor":45.0},{"not_picked":["Heel Hook+1"],"picked":"SKIP","floor":46.0},{"not_picked":[],"picked":"Dash+1","floor":47.0}],"player_experience":342660,"relics_obtained":[{"floor":9.0,"key":"Pear"},{"floor":26.0,"key":"War Paint"},{"floor":30.0,"key":"Ancient Tea Set"},{"floor":36.0,"key":"Unceasing Top"},{"floor":43.0,"key":"Molten Egg 2"}],"event_choices":[{"damage_healed":0.0,"max_hp_gain":0.0,"max_hp_loss":0.0,"gold_gain":0.0,"event_name":"Back to Basics","player_choice":"Simplicity","floor":19.0,"gold_loss":0.0,"damage_taken":0.0,"cards_upgraded":["Defend_G","Defend_G","Defend_G","Defend_G","Defend_G","Strike_G","Strike_G","Strike_G","Strike_G","Strike_G"]},{"damage_healed":0.0,"max_hp_gain":5.0,"max_hp_loss":0.0,"gold_gain":0.0,"event_name":"Forgotten Altar","player_choice":"Shed Blood","floor":24.0,"gold_loss":0.0,"damage_taken":20.0},{"damage_healed":0.0,"max_hp_gain":0.0,"max_hp_loss":26.0,"gold_gain":0.0,"event_name":"Vampires","player_choice":"Became a vampire","floor":27.0,"gold_loss":0.0,"damage_taken":0.0,"cards_obtained":["Bite","Bite","Bite","Bite","Bite"]},{"damage_healed":0.0,"max_hp_gain":0.0,"max_hp_loss":0.0,"gold_gain":0.0,"event_name":"MindBloom","player_choice":"Fight","floor":36.0,"gold_loss":0.0,"damage_taken":0.0},{"damage_healed":0.0,"max_hp_gain":0.0,"max_hp_loss":0.0,"gold_gain":0.0,"event_name":"Winding Halls","player_choice":"Embrace Madness","floor":37.0,"gold_loss":0.0,"damage_taken":7.0,"cards_obtained":["Madness","Madness"]},{"cards_removed":["Madness"],"damage_healed":0.0,"max_hp_gain":0.0,"max_hp_loss":0.0,"gold_gain":0.0,"event_name":"Falling","player_choice":"Removed Skill","floor":39.0,"gold_loss":0.0,"damage_taken":0.0}],"is_beta":false,"boss_relics":[{"not_picked":["WristBlade","Astrolabe"],"picked":"Busted Crown"},{"not_picked":["Black Star","Eternal Feather"],"picked":"Velvet Choker"}],"items_purged_floors":[48],"is_endless":false,"potions_floor_spawned":[3,4,7,11,20,22,28,31,33,35,47],"ascension_level":0}