{"gold_per_floor":[115,133,145,145,145,145,175,190,236,253,253,263,438,454,454,454],"floor_reached":16,"playtime":915,"items_purged":[],"score":104,"play_id":"89de7db8-2641-45ce-baa3-c99c63ec6214","local_time":"20190121091125","is_ascension_mode":false,"campfire_choices":[{"data":"Blind","floor":6,"key":"SMITH"},{"floor":11,"key":"REST"},{"floor":15,"key":"RECALL"}],"neow_cost":"NONE","seed_source_timestamp":391129729064119,"circlet_count":0,"master_deck":["Defend_G","Defend_G","Defend_G","Defend_G","Defend_G","Strike_G","Strike_G","Strike_G","Strike_G","Strike_G","Survivor","Neutralize","Blind+1","Backflip+1","Flying Knee","Underhanded Strike","Regret","Die Die Die","Acrobatics","Crippling Poison","Poisoned Stab","Doubt","Tactician"],"relics":["Ring of the Snake","Meat on the Bone","Oddly Smooth Stone"],"potions_floor_usage":[10,16,16,16],"damage_taken":[{"damage":4,"enemies":"Jaw Worm","floor":1,"turns":8},{"damage":0,"enemies":"2 Louse","floor":2,"turns":4},{"damage":0,"enemies":"Cultist","floor":3,"turns":3},{"damage":43,"enemies":"3 Sentries","floor":7,"turns":14},{"damage":6,"enemies":"Large Slime","floor":8,"turns":6},{"damage":7,"enemies":"2 Fungi Beasts","floor":10,"turns":4},{"damage":10,"enemies":"Looter","floor":12,"turns":3},{"damage":1,"enemies":"Large Slime","floor":14,"turns":7},{"damage":60,"enemies":"Hexaghost","floor":16,"turns":14}],"seed_played":"-2105588379320380729","potions_obtained":[{"floor":7,"key":"GamblersBrew"},{"floor":8,"key":"Regen Potion"},{"floor":10,"key":"Ancient Potion"},{"floor":12,"key":"Block Potion"}],"is_trial":false,"path_per_floor":["M","M","M","?","?","R","E","M","T","M","R","M","?","M","R","B"],"character_chosen":"THE_SILENT","items_purchased":[],"campfire_rested":1,"item_purchase_floors":[],"current_hp_per_floor":[66,66,66,66,66,66,35,41,41,46,67,57,57,56,56,0],"gold":454,"neow_bonus":"RANDOM_COLORLESS","is_prod":false,"is_daily":false,"chose_seed":false,"campfire_upgraded":1,"win_rate":0,"timestamp":1548079885,"path_taken":["M","M","M","?","?","R","E","M","T","?","R","M","?","M","R","BOSS"],"build_version":"2019-01-17v2","purchased_purges":0,"victory":false,"max_hp_per_floor":[70,70,70,70,70,70,70,70,70,70,70,70,70,70,70,70],"card_choices":[{"not_picked":["Prepared","Slice"],"picked":"Backflip","floor":1},{"not_picked":["Choke","Acrobatics"],"picked":"Flying Knee","floor":2},{"not_picked":["Concentrate","Flying Knee"],"picked":"Underhanded Strike","floor":3},{"not_picked":["Endless Agony","Infinite Blades"],"picked":"Die Die Die","floor":7},{"not_picked":["Skewer","Outmaneuver"],"picked":"Acrobatics","floor":8},{"not_picked":["Acrobatics","Sucker Punch"],"picked":"Crippling Poison","floor":10},{"not_picked":["Infinite Blades","Quick Slash"],"picked":"Poisoned Stab","floor":12},{"not_picked":["Flechettes","Distraction"],"picked":"Tactician","floor":14}],"player_experience":157849,"relics_obtained":[{"floor":7,"key":"Oddly Smooth Stone"}],"event_choices":[{"damage_healed":0,"gold_gain":0,"player_choice":"Box","damage_taken":0,"relics_obtained":["Meat on the Bone"],"max_hp_gain":0,"max_hp_loss":0,"event_name":"Big Fish","floor":4,"gold_loss":0,"cards_obtained":["Regret"]},{"damage_healed":0,"gold_gain":0,"player_choice":"Forge","damage_taken":0,"max_hp_gain":0,"max_hp_loss":0,"event_name":"Accursed Blacksmith","floor":5,"gold_loss":0,"cards_upgraded":["Backflip"]},{"damage_healed":0,"gold_gain":175,"player_choice":"AGREE","damage_taken":0,"max_hp_gain":0,"max_hp_loss":0,"event_name":"Liars Game","floor":13,"gold_loss":0,"cards_obtained":["Doubt"]}],"is_beta":false,"boss_relics":[],"items_purged_floors":[],"is_endless":false,"potions_floor_spawned":[7,8,10,12],"killed_by":"Hexaghost","ascension_level":0}