{"gold_per_floor":[115,65,118,118,118,118,146,164,218,218,91,124,124,137,137,215,215,232,79,90,90,104,135,158,185,185,220,46,46,56,155,155,229,229,239,255,60,60,0,0,34,34,112,143,143,158,158,178,178,178],"floor_reached":51,"playtime":2298,"items_purged":["Strike_B"],"score":1336,"play_id":"b0422175-54c4-4872-8114-d194673d6046","local_time":"20190212150412","is_ascension_mode":true,"campfire_choices":[{"data":"Zap","floor":6.0,"key":"SMITH"},{"data":"Dualcast","floor":10.0,"key":"SMITH"},{"data":"Coolheaded","floor":13.0,"key":"SMITH"},{"data":"Coolheaded","floor":15.0,"key":"SMITH"},{"floor":29.0,"key":"REST"},{"floor":32.0,"key":"REST"},{"data":"Defragment","floor":40.0,"key":"SMITH"},{"data":"Echo Form","floor":42.0,"key":"SMITH"},{"floor":49,"key":"REST"}],"neow_cost":"NONE","seed_source_timestamp":177616975675873,"circlet_count":0,"master_deck":["AscendersBane","Defend_B+1","Defend_B","Zap+1","Dualcast+1","Sweeping Beam+1","BootSequence+1","Coolheaded+1","Coolheaded+1","Undo","Conserve Battery","Machine Learning","Reprogram+1","Fission+1","Gash+1","Genetic Algorithm","Sunder","Darkness+1","Darkness+1","Glacier","Sweeping Beam+1","Mayhem","Creative AI","Chill","Electrodynamics","Doom and Gloom+1","Go for the Eyes+1","Ball Lightning+1","Echo Form+1","Defragment+1","Glacier","Self Repair","Thinking Ahead","Parasite","Cold Snap+1"],"special_seed":0,"relics":["Cracked Core","NeowsBlessing","Juzu Bracelet","Centennial Puzzle","Happy Flower","Mercury Hourglass","Astrolabe","DataDisk","Art of War","War Paint","Question Card","Shuriken","Molten Egg 2","Orrery","Runic Capacitor","Red Mask","Dodecahedron","Blue Candle","Smiling Mask"],"potions_floor_usage":[50,50],"damage_taken":[{"damage":0.0,"enemies":"Cultist","floor":1.0,"turns":1.0},{"damage":0.0,"enemies":"Lagavulin","floor":7.0,"turns":1.0},{"damage":0.0,"enemies":"Jaw Worm","floor":8.0,"turns":1.0},{"damage":12.0,"enemies":"3 Sentries","floor":12.0,"turns":6.0},{"damage":0.0,"enemies":"2 Louse","floor":14.0,"turns":1.0},{"damage":10.0,"enemies":"The Guardian","floor":16.0,"turns":13.0},{"damage":0.0,"enemies":"Shell Parasite","floor":18.0,"turns":5.0},{"damage":0.0,"enemies":"3 Byrds","floor":20.0,"turns":3.0},{"damage":13.0,"enemies":"Snake Plant","floor":22.0,"turns":4.0},{"damage":39.0,"enemies":"Book of Stabbing","floor":23.0,"turns":6.0},{"damage":11.0,"enemies":"Gremlin Leader","floor":25.0,"turns":7.0},{"damage":3.0,"enemies":"Slavers","floor":27.0,"turns":4.0},{"damage":3.0,"enemies":"Sentry and Sphere","floor":30.0,"turns":3.0},{"damage":25.0,"enemies":"Collector","floor":33.0,"turns":9.0},{"damage":15.0,"enemies":"3 Darklings","floor":35.0,"turns":3.0},{"damage":0.0,"enemies":"Orb Walker","floor":36.0,"turns":2.0},{"damage":19.0,"enemies":"Reptomancer","floor":41.0,"turns":5.0},{"damage":13.0,"enemies":"Giant Head","floor":44.0,"turns":7.0},{"damage":0.0,"enemies":"Writhing Mass","floor":46.0,"turns":9.0},{"damage":30,"enemies":"Maw","floor":48,"turns":8},{"damage":23,"enemies":"Awakened One","floor":50,"turns":14}],"seed_played":"6351114316312183153","potions_obtained":[{"floor":1.0,"key":"EssenceOfSteel"},{"floor":14.0,"key":"Fruit Juice"},{"floor":16.0,"key":"Regen Potion"},{"floor":25.0,"key":"SpeedPotion"},{"floor":33.0,"key":"Weak Potion"},{"floor":41.0,"key":"FocusPotion"}],"is_trial":false,"path_per_floor":["M","?","T","?","?","R","E","M","T","R","$","E","R","M","R","B",null,"M","$","M","?","M","E","T","E","T","E","$","R","M","?","R","B",null,"M","M","$","?","?","R","E","R","T","E","?","M","?","M","R","B",null],"character_chosen":"DEFECT","items_purchased":["Coolheaded","DataDisk","Mayhem","Runic Capacitor"],"campfire_rested":3,"item_purchase_floors":[11,19,28,37],"current_hp_per_floor":[64,64,64,50,50,50,50,50,50,50,50,38,38,38,38,33,65,65,65,65,65,52,13,13,17,17,14,14,36,33,33,55,30,65,50,50,50,50,50,50,31,31,31,18,18,32,32,16,37,14],"gold":178,"neow_bonus":"THREE_ENEMY_KILL","is_prod":false,"is_daily":false,"chose_seed":false,"campfire_upgraded":6,"win_rate":0,"timestamp":1550005452,"path_taken":["M","?","?","?","?","R","E","M","T","R","$","E","R","M","R","BOSS","M","$","M","?","M","E","?","E","T","E","$","R","M","?","R","BOSS","M","M","$","?","?","R","E","R","T","E","?","M","?","M","R","BOSS"],"build_version":"2019-01-23","purchased_purges":1,"victory":true,"max_hp_per_floor":[71,71,71,71,71,71,71,71,71,71,71,71,71,71,71,76,76,76,76,76,76,76,76,76,76,76,76,76,76,76,76,76,76,76,76,76,76,76,76,76,76,76,76,76,76,76,72,72,72,72],"card_choices":[{"not_picked":["Rip and Tear","Tempest"],"picked":"Sweeping Beam","floor":1.0},{"not_picked":["Compile Driver","Reinforced Body"],"picked":"BootSequence","floor":7.0},{"not_picked":["Barrage","Streamline"],"picked":"Coolheaded","floor":8.0},{"not_picked":["Beam Cell","Gash"],"picked":"Undo","floor":12.0},{"not_picked":["Hologram","Skim"],"picked":"Conserve Battery","floor":14.0},{"not_picked":["Meteor Strike","Amplify"],"picked":"Machine Learning","floor":16.0},{"not_picked":["Stack","Hologram"],"picked":"Genetic Algorithm","floor":18.0},{"not_picked":["Steam","Conserve Battery+1"],"picked":"Sunder","floor":20.0},{"not_picked":["Hologram+1","Compile Driver"],"picked":"Darkness+1","floor":22.0},{"not_picked":["Hello World+1","Lockon"],"picked":"Darkness","floor":23.0},{"not_picked":["Stack","Chill"],"picked":"Glacier","floor":25.0},{"not_picked":["Stack","Tempest","Genetic Algorithm"],"picked":"Sweeping Beam","floor":27.0},{"not_picked":["Consume","Steam","Reinforced Body","Stack"],"picked":"SKIP","floor":30.0},{"not_picked":["Reboot","Buffer","Core Surge+1"],"picked":"Creative AI","floor":33.0},{"not_picked":["Steam","Compile Driver+1","Fusion"],"picked":"Chill","floor":34.0},{"not_picked":["Compile Driver+1","Cold Snap+1","Beam Cell+1"],"picked":"Electrodynamics","floor":34.0},{"not_picked":["Barrage+1","Redo","Hello World"],"picked":"Doom and Gloom+1","floor":34.0},{"not_picked":["Cold Snap+1","Rebound+1","Ball Lightning+1"],"picked":"Go for the Eyes+1","floor":34.0},{"not_picked":["Hologram","Force Field","Undo"],"picked":"Ball Lightning+1","floor":34.0},{"not_picked":["Sweeping Beam+1","Compile Driver+1","Force Field"],"picked":"Echo Form","floor":35.0},{"not_picked":["Tempest","Ball Lightning+1","Streamline+1"],"picked":"Defragment","floor":36.0},{"not_picked":["Static Discharge","Auto Shields","Steam"],"picked":"Glacier","floor":41.0},{"not_picked":["Coolheaded+1","Rebound+1","Echo Form"],"picked":"Self Repair","floor":44.0},{"not_picked":["Apotheosis","Blind","Transmutation"],"picked":"Thinking Ahead","floor":45.0},{"not_picked":["Steam+1","Gash+1","Melter+1","Barrage+1"],"picked":"SKIP","floor":46.0},{"not_picked":["Beam Cell+1","Scrape+1","Streamline+1"],"picked":"Cold Snap+1","floor":48}],"player_experience":180339,"relics_obtained":[{"floor":3.0,"key":"Juzu Bracelet"},{"floor":7.0,"key":"Centennial Puzzle"},{"floor":9.0,"key":"Happy Flower"},{"floor":12.0,"key":"Mercury Hourglass"},{"floor":23.0,"key":"Art of War"},{"floor":24.0,"key":"War Paint"},{"floor":25.0,"key":"Question Card"},{"floor":26.0,"key":"Shuriken"},{"floor":27.0,"key":"Molten Egg 2"},{"floor":41.0,"key":"Dodecahedron"},{"floor":43.0,"key":"Blue Candle"},{"floor":44.0,"key":"Smiling Mask"}],"event_choices":[{"cards_removed":["Strike_B"],"damage_healed":0.0,"max_hp_gain":0.0,"max_hp_loss":0.0,"gold_gain":0.0,"event_name":"The Cleric","player_choice":"Card Removal","floor":2.0,"gold_loss":50.0,"damage_taken":0.0},{"damage_healed":0.0,"max_hp_gain":0.0,"max_hp_loss":0.0,"gold_gain":0.0,"event_name":"Shining Light","player_choice":"Entered Light","floor":4.0,"gold_loss":0.0,"damage_taken":14.0,"cards_upgraded":["Defend_B","Sweeping Beam"]},{"damage_healed":0.0,"max_hp_gain":0.0,"max_hp_loss":0.0,"gold_gain":0.0,"event_name":"Liars Game","player_choice":"Ignored","floor":5.0,"gold_loss":0.0,"damage_taken":0.0},{"cards_removed":["Defend_B"],"damage_healed":0.0,"max_hp_gain":0.0,"max_hp_loss":0.0,"gold_gain":0.0,"event_name":"Back to Basics","player_choice":"Elegance","floor":21.0,"gold_loss":0.0,"damage_taken":0.0},{"damage_healed":0.0,"max_hp_gain":0.0,"max_hp_loss":0.0,"gold_gain":99.0,"event_name":"Nest","player_choice":"Stole From Cult","floor":31.0,"gold_loss":0.0,"damage_taken":0.0},{"damage_healed":0.0,"max_hp_gain":0.0,"max_hp_loss":0.0,"gold_gain":0.0,"event_name":"Mysterious Sphere","player_choice":"Ignored","floor":38.0,"gold_loss":0.0,"damage_taken":0.0},{"damage_healed":0.0,"max_hp_gain":0.0,"max_hp_loss":0.0,"gold_gain":0.0,"event_name":"Tomb of Lord Red Mask","player_choice":"Paid","floor":39.0,"gold_loss":60.0,"damage_taken":0.0,"relics_obtained":["Red Mask"]},{"damage_healed":0.0,"max_hp_gain":0.0,"max_hp_loss":0.0,"gold_gain":0.0,"event_name":"SensoryStone","player_choice":"Memory 1","floor":45.0,"gold_loss":0.0,"damage_taken":0.0},{"damage_healed":0.0,"max_hp_gain":0.0,"max_hp_loss":4.0,"gold_gain":0.0,"event_name":"Winding Halls","player_choice":"Max HP","floor":47.0,"gold_loss":0.0,"damage_taken":0.0}],"is_beta":false,"boss_relics":[{"not_picked":["Empty Cage","Pandora\u0027s Box"],"picked":"Astrolabe"},{"not_picked":["Philosopher\u0027s Stone","Velvet Choker"],"picked":"Orrery"}],"items_purged_floors":[11],"is_endless":false,"potions_floor_spawned":[1,14,16,20,22,25,33,36,41,46],"ascension_level":14}