{"gold_per_floor":[115,133,8,26,43,68,80,122,161,173,196,233,262,305,317,432,494,526,453,465,497,107,134,134,164,188,188],"floor_reached":27,"playtime":2579,"items_purged":["Pain"],"score":434,"play_id":"6a8dc3a9-59d7-4a56-b302-6a52d88c16d1","local_time":"20190212012225","is_ascension_mode":true,"campfire_choices":[{"data":"Creative AI","floor":10,"key":"SMITH"},{"data":"Defragment","floor":15,"key":"SMITH"},{"data":"Defragment","floor":24,"key":"SMITH"}],"neow_cost":"CURSE","seed_source_timestamp":349629070872773,"circlet_count":0,"master_deck":["Defend_B","Defend_B","Defend_B","Defend_B","Zap","Dualcast","Hello World","Steam Power","Defragment+1","Go for the Eyes","Ball Lightning","Glacier","Turbo","Creative AI+1","Reboot","Heatsinks","Hologram","Electrodynamics+1","Defragment","Defragment+1","Scrape","Turbo+1","Capacitor","Fission+1","Turbo+1","Capacitor+1"],"relics":["Cracked Core","MawBank","Dream Catcher","Anchor","Strawberry","PreservedInsect","Tiny House","Toxic Egg 2","Gremlin Horn","Bag of Marbles","Frozen Egg 2"],"potions_floor_usage":[8,8,8,12,21,23,23],"damage_taken":[{"damage":4,"enemies":"Cultist","floor":1,"turns":4},{"damage":10,"enemies":"2 Louse","floor":2,"turns":3},{"damage":0,"enemies":"Jaw Worm","floor":4,"turns":3},{"damage":1,"enemies":"Looter","floor":5,"turns":3},{"damage":0,"enemies":"Lagavulin","floor":6,"turns":7},{"damage":0,"enemies":"3 Sentries","floor":8,"turns":5},{"damage":3,"enemies":"Lots of Slimes","floor":11,"turns":5},{"damage":21,"enemies":"Gremlin Nob","floor":12,"turns":7},{"damage":0,"enemies":"Large Slime","floor":13,"turns":3},{"damage":2,"enemies":"Lagavulin","floor":14,"turns":7},{"damage":11,"enemies":"The Guardian","floor":16,"turns":11},{"damage":8,"enemies":"Shell Parasite","floor":18,"turns":7},{"damage":14,"enemies":"2 Thieves","floor":21,"turns":3},{"damage":40,"enemies":"Slavers","floor":23,"turns":4},{"damage":0,"enemies":"Gremlin Leader","floor":25,"turns":3},{"damage":38,"enemies":"Slavers","floor":27,"turns":2}],"seed_played":"2801738004858492703","potions_obtained":[{"floor":2,"key":"FocusPotion"},{"floor":5,"key":"Explosive Potion"},{"floor":6,"key":"LiquidBronze"},{"floor":11,"key":"Regen Potion"},{"floor":14,"key":"FearPotion"},{"floor":17,"key":"Explosive Potion"},{"floor":18,"key":"Fire Potion"},{"floor":21,"key":"Fruit Juice"},{"floor":25,"key":"SteroidPotion"}],"is_trial":false,"path_per_floor":["$","?","?","?"],"character_chosen":"DEFECT","items_purchased":["Ball Lightning","Capacitor","Gremlin Horn","Fission+1"],"campfire_rested":0,"item_purchase_floors":[3,22,22,22],"current_hp_per_floor":[71,61,61,61,60,60,60,60,60,60,57,58,58,56,56,45,87,79,79,79,70,70,30,30,30,30,0],"gold":188,"neow_bonus":"TRANSFORM_TWO_CARDS","is_prod":false,"is_daily":false,"chose_seed":false,"campfire_upgraded":3,"win_rate":0,"timestamp":1549930945,"path_taken":["M","M","?","M","M","E","?","E","T","R","M","E","M","E","R","BOSS","M","?","?","M","$","E","R","E","T","E"],"build_version":"2019-01-23","purchased_purges":1,"victory":false,"max_hp_per_floor":[75,75,75,75,75,75,75,75,75,75,75,82,82,82,82,82,87,87,87,87,92,92,92,92,92,92,92],"card_choices":[{"not_picked":["Melter","Force Field"],"picked":"Defragment","floor":1},{"not_picked":["Lockon","Turbo"],"picked":"Go for the Eyes","floor":2},{"not_picked":["Ball Lightning","Cold Snap"],"picked":"Glacier","floor":4},{"not_picked":["Reprogram","Barrage"],"picked":"Turbo","floor":5},{"not_picked":["Hologram","Doom and Gloom"],"picked":"Creative AI","floor":6},{"not_picked":["Coolheaded","Conserve Battery"],"picked":"Reboot","floor":8},{"not_picked":["Chaos","Doom and Gloom"],"picked":"Heatsinks","floor":11},{"not_picked":["Genetic Algorithm","Scrape","Beam Cell"],"picked":"SKIP","floor":12},{"not_picked":["Gash","Sweeping Beam"],"picked":"Hologram","floor":13},{"not_picked":["Barrage","Leap","Recycle"],"picked":"SKIP","floor":14},{"not_picked":["Creative AI","Echo Form"],"picked":"Electrodynamics","floor":16},{"not_picked":["Stack","Gash"],"picked":"Defragment","floor":17},{"not_picked":["Leap","Beam Cell"],"picked":"Defragment","floor":18},{"not_picked":["Go for the Eyes+1","Beam Cell"],"picked":"Turbo+1","floor":21},{"not_picked":["Beam Cell","Gash"],"picked":"Turbo+1","floor":23},{"not_picked":["Steam+1","Beam Cell"],"picked":"Capacitor+1","floor":25}],"player_experience":128904,"relics_obtained":[{"floor":6,"key":"MawBank"},{"floor":8,"key":"Dream Catcher"},{"floor":9,"key":"Anchor"},{"floor":12,"key":"Strawberry"},{"floor":14,"key":"PreservedInsect"},{"floor":23,"key":"Bag of Marbles"},{"floor":25,"key":"Frozen Egg 2"}],"event_choices":[{"cards_removed":["Strike_B"],"damage_healed":0,"gold_gain":0,"player_choice":"Forget","damage_taken":0,"max_hp_gain":0,"max_hp_loss":0,"event_name":"Living Wall","floor":7,"gold_loss":0},{"damage_healed":0,"gold_gain":0,"player_choice":"Obtained Relic","damage_taken":0,"relics_obtained":["Toxic Egg 2"],"max_hp_gain":0,"max_hp_loss":0,"event_name":"Addict","floor":19,"gold_loss":85},{"damage_healed":0,"gold_gain":0,"cards_transformed":["Strike_B"],"player_choice":"Transformed","damage_taken":0,"max_hp_gain":0,"max_hp_loss":0,"event_name":"Transmorgrifier","floor":20,"gold_loss":0,"cards_obtained":["Scrape"]}],"is_beta":false,"boss_relics":[{"not_picked":["Ectoplasm","Calling Bell"],"picked":"Tiny House"}],"items_purged_floors":[3],"is_endless":false,"potions_floor_spawned":[2,5,6,11,14,18,21,25],"killed_by":"Slavers","ascension_level":3}