{"gold_per_floor":[111,59,59,70,70,95,95,128,128,128,140,140,65,92,92,190,190,200,52,52,70,84,84,3,3,30,30,58,58,58,72,72,72],"floor_reached":33,"playtime":946,"items_purged":["Strike_B"],"score":486,"play_id":"9e97a641-4927-4451-a5ce-544635cb834b","local_time":"20190219044042","is_ascension_mode":true,"campfire_choices":[{"data":"Conserve Battery","floor":7,"key":"SMITH"},{"floor":10,"key":"REST"},{"data":"Hologram","floor":12,"key":"SMITH"},{"floor":15,"key":"REST"},{"floor":23,"key":"REST"},{"floor":25,"key":"REST"},{"data":"Sunder","floor":29,"key":"SMITH"},{"floor":32,"key":"REST"}],"neow_cost":"NONE","seed_source_timestamp":471268374801637,"circlet_count":0,"master_deck":["AscendersBane","Strike_B","Strike_B","Strike_B","Defend_B","Defend_B","Defend_B","Defend_B","Zap+1","Dualcast","FTL+1","Conserve Battery+1","Reinforced Body","Sunder+1","Coolheaded","Hologram+1","Machine Learning","Cold Snap","Ball Lightning","Hello World","Leap","Finesse","Leap+1"],"relics":["Cracked Core","Symbiotic Virus","Potion Belt","Kunai","Happy Flower","Inserter","Orichalcum","Lantern","Nloth\u0027s Gift"],"potions_floor_usage":[28,33,33],"damage_taken":[{"damage":0,"enemies":"Jaw Worm","floor":1,"turns":1},{"damage":0,"enemies":"Small Slimes","floor":4,"turns":1},{"damage":0,"enemies":"3 Sentries","floor":6,"turns":1},{"damage":21,"enemies":"Gremlin Nob","floor":8,"turns":5},{"damage":0,"enemies":"Cultist","floor":11,"turns":2},{"damage":22,"enemies":"3 Sentries","floor":14,"turns":6},{"damage":31,"enemies":"Hexaghost","floor":16,"turns":12},{"damage":30,"enemies":"2 Thieves","floor":18,"turns":4},{"damage":2,"enemies":"Chosen","floor":21,"turns":4},{"damage":29,"enemies":"3 Cultists","floor":22,"turns":6},{"damage":29,"enemies":"Book of Stabbing","floor":28,"turns":7},{"damage":2,"enemies":"Snecko","floor":31,"turns":5},{"damage":76,"enemies":"Collector","floor":33,"turns":7}],"seed_played":"8686660151247246467","potions_obtained":[{"floor":1,"key":"GamblersBrew"},{"floor":6,"key":"Block Potion"},{"floor":28,"key":"PowerPotion"},{"floor":31,"key":"Poison Potion"}],"is_trial":false,"path_per_floor":["M","$","?","M","?","E","R","E","T","R","M","R","$","E","R","B",null,"M","$","?","M","M","R","$","R","T","?","E","R","?","M","R","B"],"character_chosen":"DEFECT","items_purchased":["Conserve Battery","Cold Snap","Ball Lightning","Hello World","Finesse"],"campfire_rested":5,"item_purchase_floors":[2,19,19,19,24],"current_hp_per_floor":[68,68,53,53,53,53,53,32,32,54,54,54,54,32,54,23,62,32,32,32,30,1,23,23,45,45,70,41,41,41,39,61,0],"gold":72,"neow_bonus":"THREE_ENEMY_KILL","is_prod":false,"is_daily":false,"chose_seed":false,"campfire_upgraded":3,"win_rate":0,"timestamp":1550569242,"path_taken":["M","$","?","M","?","E","R","E","T","R","M","R","$","E","R","BOSS","M","$","?","M","M","R","$","R","T","?","E","R","?","?","R","BOSS"],"build_version":"2019-01-23","purchased_purges":1,"victory":false,"max_hp_per_floor":[75,75,75,75,75,75,75,75,75,75,75,75,75,75,75,75,75,75,75,75,75,75,75,75,75,75,75,75,75,75,75,75,75],"card_choices":[{"not_picked":["Coolheaded","Redo"],"picked":"FTL","floor":1},{"not_picked":["Aggregate","Stack"],"picked":"Reinforced Body","floor":4},{"not_picked":["Steam Power","Multi-Cast"],"picked":"Sunder","floor":6},{"not_picked":["Doom and Gloom","Aggregate"],"picked":"Coolheaded","floor":8},{"not_picked":["Stack","Skim"],"picked":"Hologram","floor":11},{"not_picked":["Heatsinks","Coolheaded","Hologram"],"picked":"SKIP","floor":14},{"not_picked":["Hyperbeam","Thunder Strike"],"picked":"Machine Learning","floor":16},{"not_picked":["Barrage","Rebound","Compile Driver"],"picked":"SKIP","floor":18},{"not_picked":["Stack+1","Gash+1","Sweeping Beam"],"picked":"SKIP","floor":21},{"not_picked":["Conserve Battery","Gash"],"picked":"Leap","floor":22},{"not_picked":["FTL","Compile Driver+1"],"picked":"Leap+1","floor":28},{"not_picked":["Rip and Tear","Cold Snap","Sunder"],"picked":"SKIP","floor":31}],"player_experience":537411,"relics_obtained":[{"floor":6,"key":"Symbiotic Virus"},{"floor":8,"key":"Potion Belt"},{"floor":9,"key":"Kunai"},{"floor":14,"key":"Happy Flower"},{"floor":26,"key":"Orichalcum"},{"floor":28,"key":"Lantern"}],"event_choices":[{"damage_healed":0,"gold_gain":0,"player_choice":"Entered Light","damage_taken":15,"max_hp_gain":0,"max_hp_loss":0,"event_name":"Shining Light","floor":3,"gold_loss":0,"cards_upgraded":["Zap","FTL"]},{"damage_healed":0,"gold_gain":0,"player_choice":"Ignored","damage_taken":0,"max_hp_gain":0,"max_hp_loss":0,"event_name":"Liars Game","floor":5,"gold_loss":0},{"damage_healed":0,"gold_gain":0,"player_choice":"Ignored","damage_taken":0,"max_hp_gain":0,"max_hp_loss":0,"event_name":"Beggar","floor":20,"gold_loss":0},{"damage_healed":25,"gold_gain":0,"player_choice":"Heal","damage_taken":0,"max_hp_gain":0,"max_hp_loss":0,"event_name":"The Library","floor":27,"gold_loss":0},{"damage_healed":0,"gold_gain":0,"player_choice":"Traded Relic","damage_taken":0,"relics_obtained":["Nloth\u0027s Gift"],"max_hp_gain":0,"max_hp_loss":0,"event_name":"N\u0027loth","floor":30,"relics_lost":["NeowsBlessing"],"gold_loss":0}],"is_beta":false,"boss_relics":[{"not_picked":["Calling Bell","Velvet Choker"],"picked":"Inserter"}],"items_purged_floors":[13],"is_endless":false,"potions_floor_spawned":[1,6,28,31],"killed_by":"Collector","ascension_level":12}