{"gold_per_floor":[116,116,116,128,128,128,158,178,230,264,283,283,297,27,27,123],"floor_reached":16,"playtime":448,"items_purged":["Defend_G"],"score":222,"play_id":"27030f82-a2f6-4e7e-9200-e2fa9df69535","local_time":"20190126023243","is_ascension_mode":true,"campfire_choices":[{"data":"Poisoned Stab","floor":12,"key":"SMITH"},{"floor":15,"key":"REST"}],"neow_cost":"NONE","seed_source_timestamp":456731907888659,"circlet_count":0,"master_deck":["Defend_G","Defend_G","Defend_G","Defend_G","Strike_G","Strike_G","Strike_G","Strike_G","Strike_G","Survivor","Neutralize+1","Poisoned Stab+1","PiercingWail","Backflip","Leg Sweep","Accuracy","Venomology","Predator","Escape Plan","Caltrops"],"relics":["Ring of the Snake","NeowsBlessing","Paper Crane","Smiling Mask","Gremlin Horn","Bag of Marbles","Art of War"],"potions_floor_usage":[10,16],"damage_taken":[{"damage":0,"enemies":"2 Louse","floor":1,"turns":1},{"damage":0,"enemies":"Jaw Worm","floor":4,"turns":1},{"damage":0,"enemies":"Gremlin Nob","floor":7,"turns":1},{"damage":5,"enemies":"Cultist","floor":8,"turns":4},{"damage":37,"enemies":"Lagavulin","floor":10,"turns":8},{"damage":11,"enemies":"Blue Slaver","floor":11,"turns":6},{"damage":0,"enemies":"Exordium Thugs","floor":13,"turns":5},{"damage":17,"enemies":"The Guardian","floor":16,"turns":12}],"seed_played":"-7277515658183473854","potions_obtained":[{"floor":7,"key":"Block Potion"},{"floor":10,"key":"Explosive Potion"},{"floor":13,"key":"SpeedPotion"},{"floor":16,"key":"Strength Potion"}],"is_trial":false,"path_per_floor":["M","?","?","M","?","T","E","M","T","E","M","R","M","$","R","B"],"character_chosen":"THE_SILENT","items_purchased":["Predator","Escape Plan","Caltrops"],"campfire_rested":1,"item_purchase_floors":[14,14,14],"current_hp_per_floor":[70,70,70,70,63,63,63,58,58,21,10,10,10,10,31,14],"gold":123,"neow_bonus":"THREE_ENEMY_KILL","is_prod":false,"is_daily":false,"chose_seed":false,"campfire_upgraded":1,"win_rate":0,"timestamp":1548491563,"path_taken":["M","?","?","?","?","?","E","M","T","E","M","R","?","$","R","BOSS"],"build_version":"2019-01-23","purchased_purges":1,"victory":false,"max_hp_per_floor":[70,70,70,70,70,70,70,70,70,70,70,70,70,70,70,70],"card_choices":[{"not_picked":["Outmaneuver","Sucker Punch"],"picked":"Poisoned Stab","floor":1},{"not_picked":["Flechettes","Slice"],"picked":"PiercingWail","floor":4},{"not_picked":["Predator","Concentrate"],"picked":"Backflip","floor":7},{"not_picked":["Bane","Slice","Concentrate"],"picked":"SKIP","floor":8},{"not_picked":["Deadly Poison","Tactician"],"picked":"Leg Sweep","floor":10},{"not_picked":["PiercingWail","Setup"],"picked":"Accuracy","floor":11},{"not_picked":["Riddle With Holes","Calculated Gamble"],"picked":"Venomology","floor":13}],"player_experience":134664,"relics_obtained":[{"floor":6,"key":"Smiling Mask"},{"floor":7,"key":"Gremlin Horn"},{"floor":9,"key":"Bag of Marbles"},{"floor":10,"key":"Art of War"}],"event_choices":[{"damage_healed":0,"gold_gain":0,"player_choice":"Box","damage_taken":0,"relics_obtained":["Paper Crane"],"max_hp_gain":0,"max_hp_loss":0,"event_name":"Big Fish","floor":2,"gold_loss":0,"cards_obtained":["Regret"]},{"damage_healed":0,"gold_gain":0,"player_choice":"Upgraded","damage_taken":0,"max_hp_gain":0,"max_hp_loss":0,"event_name":"Upgrade Shrine","floor":3,"gold_loss":0,"cards_upgraded":["Neutralize"]},{"cards_removed":["Regret"],"damage_healed":0,"gold_gain":0,"player_choice":"Card Removal","damage_taken":7,"max_hp_gain":0,"max_hp_loss":0,"event_name":"Golden Wing","floor":5,"gold_loss":0}],"is_beta":false,"boss_relics":[],"items_purged_floors":[14],"is_endless":false,"potions_floor_spawned":[7,10,13,16],"killed_by":"The Guardian","ascension_level":4}