{"gold_per_floor":[109,89,14,24,42,42,69,21,21,32,49,49,49,79,79,180,180,190,162,162,162,8,8,21,34,60,72,7,7,27,62,62,160,160,171,183,32,32,32,32,32,49,49,0,0,19,37,57,57,57],"floor_reached":51,"playtime":2373,"items_purged":["Clumsy","Strike_B"],"score":1019,"play_id":"d31ef6ee-61e3-4ce7-b460-d567500f68a6","local_time":"20190211082453","is_ascension_mode":true,"campfire_choices":[{"data":"Zap","floor":6,"key":"SMITH"},{"floor":12,"key":"REST"},{"floor":15,"key":"REST"},{"data":"Buffer","floor":23,"key":"SMITH"},{"data":"Defragment","floor":29,"key":"SMITH"},{"data":"Capacitor","floor":32,"key":"SMITH"},{"data":"Leap","floor":40,"key":"SMITH"},{"data":"Seek","floor":45,"key":"SMITH"},{"data":"Conserve Battery","floor":49,"key":"SMITH"}],"neow_cost":"CURSE","seed_source_timestamp":104759423807876,"circlet_count":0,"master_deck":["Defend_B","Defend_B","Zap+1","Dualcast","Defragment+1","Go for the Eyes","Capacitor+1","Glacier","Buffer+1","Conserve Battery+1","Ball Lightning","Cold Snap","Leap+1","Defragment+1","FTL","Seek+1","Tempest","Creative AI+1","Coolheaded+1","Hologram"],"relics":["Cracked Core","Calipers","Bag of Preparation","Dodecahedron","Nuclear Battery","MawBank","Darkstone Periapt","Empty Cage","Oddly Smooth Stone","Bottled Tornado","Red Mask"],"potions_floor_usage":[7,10,11,16,25,50],"damage_taken":[{"damage":2,"enemies":"2 Louse","floor":1,"turns":2},{"damage":1,"enemies":"Cultist","floor":4,"turns":3},{"damage":0,"enemies":"Small Slimes","floor":5,"turns":4},{"damage":40,"enemies":"3 Sentries","floor":7,"turns":8},{"damage":0,"enemies":"3 Louse","floor":10,"turns":3},{"damage":3,"enemies":"Looter","floor":11,"turns":2},{"damage":37,"enemies":"Hexaghost","floor":16,"turns":16},{"damage":21,"enemies":"Spheric Guardian","floor":18,"turns":5},{"damage":36,"enemies":"2 Thieves","floor":19,"turns":5},{"damage":0,"enemies":"Snecko","floor":24,"turns":6},{"damage":0,"enemies":"Shelled Parasite and Fungi","floor":25,"turns":8},{"damage":0,"enemies":"Centurion and Healer","floor":30,"turns":10},{"damage":0,"enemies":"Book of Stabbing","floor":31,"turns":7},{"damage":0,"enemies":"Champ","floor":33,"turns":13},{"damage":0,"enemies":"3 Shapes","floor":35,"turns":6},{"damage":0,"enemies":"Orb Walker","floor":36,"turns":4},{"damage":0,"enemies":"4 Shapes","floor":42,"turns":7},{"damage":0,"enemies":"3 Darklings","floor":46,"turns":7},{"damage":0,"enemies":"Spire Growth","floor":47,"turns":7},{"damage":0,"enemies":"4 Shapes","floor":48,"turns":5},{"damage":49,"enemies":"Awakened One","floor":50,"turns":20}],"seed_played":"3384586868545749022","potions_obtained":[{"floor":1,"key":"AttackPotion"},{"floor":2,"key":"Dexterity Potion"},{"floor":5,"key":"PowerPotion"},{"floor":16,"key":"FairyPotion"},{"floor":18,"key":"SpeedPotion"},{"floor":19,"key":"SkillPotion"},{"floor":25,"key":"SteroidPotion"},{"floor":42,"key":"Weak Potion"}],"is_trial":false,"path_per_floor":["M","?","$","M","M","R","E","$","T","M","M","R","?","?","R","B",null,"M","M","?","?","$","R","M","M","T","?","$","R","M","E","R","B",null,"M","M","$","?","?","R","$","M","T","?","R","M","M","M","R","B",null],"character_chosen":"DEFECT","items_purchased":["Block Potion","Leap","FTL","Oddly Smooth Stone"],"campfire_rested":2,"item_purchase_floors":[8,22,28,37],"current_hp_per_floor":[66,66,66,65,65,65,25,25,25,25,22,44,37,37,59,22,62,41,5,5,75,75,75,75,75,75,75,75,75,75,75,75,75,75,75,75,75,75,75,75,75,75,75,75,75,75,75,75,75,26],"gold":57,"neow_bonus":"ONE_RARE_RELIC","is_prod":false,"is_daily":false,"chose_seed":false,"campfire_upgraded":7,"win_rate":0,"timestamp":1549891493,"path_taken":["M","?","$","M","M","R","E","?","T","M","M","R","?","?","R","BOSS","M","M","?","?","$","R","M","?","T","?","$","R","?","E","R","BOSS","M","M","$","?","?","R","$","?","T","?","R","M","M","M","R","BOSS"],"build_version":"2019-01-23","purchased_purges":2,"victory":true,"max_hp_per_floor":[75,75,75,75,75,75,75,75,75,75,75,75,75,75,75,75,75,75,75,75,75,75,75,75,75,75,75,75,75,75,75,75,75,75,75,75,75,75,75,75,75,75,75,75,75,75,75,75,75,75],"card_choices":[{"not_picked":["Rebound","Conserve Battery"],"picked":"Defragment","floor":1},{"not_picked":["Darkness","Steam"],"picked":"Gash","floor":4},{"not_picked":["Fusion","Rebound"],"picked":"Go for the Eyes","floor":5},{"not_picked":["Gash","Stack"],"picked":"Capacitor","floor":7},{"not_picked":["Amplify","Lockon"],"picked":"Glacier","floor":10},{"not_picked":["Scrape","Gash","Rebound"],"picked":"SKIP","floor":11},{"not_picked":["Multi-Cast","Seek"],"picked":"Buffer","floor":16},{"not_picked":["Steam Power","Compile Driver"],"picked":"Conserve Battery","floor":18},{"not_picked":["Blizzard","Steam Power"],"picked":"Ball Lightning","floor":19},{"not_picked":["Rebound","Stack+1"],"picked":"Defragment","floor":24},{"not_picked":["Leap","Turbo","Rebound+1"],"picked":"SKIP","floor":25},{"not_picked":["Fusion","Reinforced Body"],"picked":"Seek","floor":30},{"not_picked":["Static Discharge","Stack"],"picked":"Tempest","floor":31},{"not_picked":["Rainbow","Hyperbeam"],"picked":"Creative AI","floor":33},{"not_picked":["Rebound+1","Compile Driver","Aggregate"],"picked":"SKIP","floor":35},{"not_picked":["Rebound","Scrape"],"picked":"Coolheaded+1","floor":36},{"not_picked":["Darkness+1","Barrage+1"],"picked":"Hologram","floor":42},{"not_picked":["Blizzard","Genetic Algorithm","All For One"],"picked":"SKIP","floor":46},{"not_picked":["Melter+1","Cold Snap","Compile Driver"],"picked":"SKIP","floor":47},{"not_picked":["Turbo","Stack+1","Coolheaded+1"],"picked":"SKIP","floor":48}],"player_experience":447830,"relics_obtained":[{"floor":7,"key":"Bag of Preparation"},{"floor":9,"key":"Dodecahedron"},{"floor":26,"key":"MawBank"},{"floor":31,"key":"Darkstone Periapt"},{"floor":43,"key":"Bottled Tornado"}],"event_choices":[{"damage_healed":0,"gold_gain":0,"player_choice":"Bought 1 Potion","damage_taken":0,"max_hp_gain":0,"max_hp_loss":0,"event_name":"The Woman in Blue","floor":2,"gold_loss":0},{"cards_removed":["Strike_B"],"damage_healed":0,"gold_gain":0,"player_choice":"Card Removal","damage_taken":7,"max_hp_gain":0,"max_hp_loss":0,"event_name":"Golden Wing","floor":13,"gold_loss":0},{"damage_healed":0,"gold_gain":30,"player_choice":"Searched \u00271\u0027 times","damage_taken":0,"max_hp_gain":0,"max_hp_loss":0,"event_name":"Dead Adventurer","floor":14,"gold_loss":0},{"damage_healed":0,"gold_gain":0,"cards_transformed":["Strike_B","Strike_B"],"player_choice":"Became Test Subject","damage_taken":0,"max_hp_gain":0,"max_hp_loss":0,"event_name":"Drug Dealer","floor":20,"gold_loss":0,"cards_obtained":["Aggregate","Cold Snap"]},{"cards_removed":["Aggregate"],"damage_healed":70,"gold_gain":0,"player_choice":"Offered Uncommon","damage_taken":0,"max_hp_gain":0,"max_hp_loss":0,"event_name":"Bonfire Elementals","floor":21,"gold_loss":0},{"damage_healed":0,"gold_gain":0,"player_choice":"Upgraded","damage_taken":0,"max_hp_gain":0,"max_hp_loss":0,"event_name":"Upgrade Shrine","floor":27,"gold_loss":0,"cards_upgraded":["Defragment"]},{"cards_removed":["Gash"],"damage_healed":0,"gold_gain":0,"player_choice":"Removed Attack","damage_taken":0,"max_hp_gain":0,"max_hp_loss":0,"event_name":"Falling","floor":38,"gold_loss":0},{"damage_healed":0,"gold_gain":0,"player_choice":"Upgraded","damage_taken":0,"max_hp_gain":0,"max_hp_loss":0,"event_name":"Upgrade Shrine","floor":39,"gold_loss":0,"cards_upgraded":["Creative AI"]},{"damage_healed":0,"gold_gain":0,"player_choice":"Paid","damage_taken":0,"relics_obtained":["Red Mask"],"max_hp_gain":0,"max_hp_loss":0,"event_name":"Tomb of Lord Red Mask","floor":44,"gold_loss":49}],"is_beta":false,"boss_relics":[{"not_picked":["Philosopher\u0027s Stone","Cursed Key"],"picked":"Nuclear Battery"},{"not_picked":["Coffee Dripper","Pandora\u0027s Box"],"picked":"Empty Cage"}],"items_purged_floors":[3,22],"is_endless":false,"potions_floor_spawned":[1,5,16,18,19,25,35,42],"ascension_level":8}