{"gold_per_floor":[116,128,128,203,27,55,67,79,91,123,161,173,185,214,226,315,327,358,370,382,406,31,31,59,59],"floor_reached":25,"playtime":710,"items_purged":["Defend_B","Strike_B"],"score":504,"play_id":"2fa88d6b-6c01-425d-8fb6-6fb272c52303","local_time":"20190223221300","is_ascension_mode":true,"campfire_choices":[{"data":"Defragment","floor":8.0,"key":"SMITH"},{"data":"Zap","floor":12,"key":"SMITH"},{"data":"Streamline","floor":15,"key":"SMITH"},{"floor":23,"key":"REST"}],"neow_cost":"NONE","seed_source_timestamp":30675183773600,"circlet_count":0,"master_deck":["AscendersBane","Defend_B","Defend_B","Zap+1","Dualcast","Go for the Eyes","Defragment+1","Seek","Streamline+1","Ball Lightning","Coolheaded+1","Chaos+1","Defragment","Glacier"],"special_seed":0,"relics":["Cracked Core","NeowsBlessing","MawBank","Centennial Puzzle","Bird Faced Urn","Astrolabe","Bottled Tornado","Smiling Mask"],"potions_floor_usage":[11,16],"damage_taken":[{"damage":0.0,"enemies":"Jaw Worm","floor":1.0,"turns":1.0},{"damage":0.0,"enemies":"Small Slimes","floor":2.0,"turns":1.0},{"damage":0.0,"enemies":"Lagavulin","floor":6.0,"turns":2.0},{"damage":7.0,"enemies":"2 Louse","floor":10.0,"turns":3.0},{"damage":8,"enemies":"Gremlin Nob","floor":11,"turns":3},{"damage":1,"enemies":"2 Fungi Beasts","floor":14,"turns":2},{"damage":7,"enemies":"Slime Boss","floor":16,"turns":7},{"damage":10,"enemies":"3 Byrds","floor":18,"turns":3},{"damage":36,"enemies":"2 Thieves","floor":21,"turns":3},{"damage":49,"enemies":"Gremlin Leader","floor":24,"turns":5},{"damage":16,"enemies":"Cultist and Chosen","floor":25,"turns":4}],"seed_played":"-3419414493513199165","potions_obtained":[{"floor":2.0,"key":"AttackPotion"},{"floor":21,"key":"FairyPotion"}],"is_trial":false,"path_per_floor":["M","M","?","?","$","E","?","R","T","M","E","R","T","M","R","B",null,"M","?","?","M","$","R","E","M"],"character_chosen":"DEFECT","items_purchased":["Defragment","Fire Potion","Bottled Tornado"],"campfire_rested":1,"item_purchase_floors":[5,5,22],"current_hp_per_floor":[64,64,57,46,46,46,46,46,46,39,31,31,31,32,32,27,60,52,52,52,18,18,39,7,0],"gold":59,"neow_bonus":"THREE_ENEMY_KILL","is_prod":false,"is_daily":false,"chose_seed":false,"campfire_upgraded":3,"win_rate":0,"timestamp":1550952780,"path_taken":["M","M","?","?","$","E","?","R","T","M","E","R","?","M","R","BOSS","M","?","?","M","$","R","E","M"],"build_version":"2019-01-23","purchased_purges":2,"victory":false,"max_hp_per_floor":[71,71,71,71,71,71,71,71,71,71,71,71,71,71,71,71,71,71,71,71,71,71,71,71,71],"card_choices":[{"not_picked":["Gash","Skim","Coolheaded"],"picked":"SKIP","floor":1.0},{"not_picked":["Undo","Stack"],"picked":"Go for the Eyes","floor":2.0},{"not_picked":["Coolheaded","Stack"],"picked":"Seek","floor":6.0},{"not_picked":["Beam Cell","Darkness"],"picked":"Streamline","floor":10.0},{"not_picked":["Rebound","Turbo"],"picked":"Ball Lightning","floor":11},{"not_picked":["Steam","Go for the Eyes","Beam Cell"],"picked":"SKIP","floor":14},{"not_picked":["Darkness","Streamline+1","Hello World"],"picked":"SKIP","floor":18},{"not_picked":["Turbo","Force Field"],"picked":"Defragment","floor":21},{"not_picked":["Machine Learning","Ball Lightning"],"picked":"Glacier","floor":24}],"player_experience":931393,"relics_obtained":[{"floor":6.0,"key":"MawBank"},{"floor":9.0,"key":"Centennial Puzzle"},{"floor":11,"key":"Bird Faced Urn"},{"floor":24,"key":"Smiling Mask"}],"event_choices":[{"cards_removed":["Strike_B"],"damage_healed":0.0,"max_hp_gain":0.0,"max_hp_loss":0.0,"gold_gain":0.0,"event_name":"Golden Wing","player_choice":"Card Removal","floor":3.0,"gold_loss":0.0,"damage_taken":7.0},{"damage_healed":0.0,"max_hp_gain":0.0,"max_hp_loss":0.0,"gold_gain":75.0,"event_name":"World of Goop","player_choice":"Gather Gold","floor":4.0,"gold_loss":0.0,"damage_taken":11.0},{"damage_healed":0.0,"max_hp_gain":0.0,"max_hp_loss":0.0,"gold_gain":0.0,"event_name":"Liars Game","player_choice":"Ignored","floor":7.0,"gold_loss":0.0,"damage_taken":0.0},{"damage_healed":0,"gold_gain":0,"player_choice":"Ignored","damage_taken":0,"max_hp_gain":0,"max_hp_loss":0,"event_name":"Vampires","floor":19,"gold_loss":0},{"cards_removed":["Amplify"],"damage_healed":0,"gold_gain":0,"player_choice":"Purged","damage_taken":0,"max_hp_gain":0,"max_hp_loss":0,"event_name":"Purifier","floor":20,"gold_loss":0}],"is_beta":false,"boss_relics":[{"not_picked":["Lizard Tail","Snecko Eye"],"picked":"Astrolabe"}],"items_purged_floors":[5,22],"is_endless":false,"potions_floor_spawned":[2,6,21],"killed_by":"Cultist and Chosen","ascension_level":20}