{"gold_per_floor":[366,366,379,137,147,147,211,211,284,311,311],"floor_reached":11,"playtime":232,"items_purged":["Strike_B"],"score":128,"play_id":"d4e88e2e-be52-4f5b-b2b6-5f21a8362372","local_time":"20190222160721","is_ascension_mode":true,"campfire_choices":[{"data":"Sunder","floor":6,"key":"SMITH"},{"floor":8,"key":"REST"}],"neow_cost":"PERCENT_DAMAGE","seed_source_timestamp":849574621502596,"circlet_count":0,"master_deck":["AscendersBane","Strike_B","Strike_B","Strike_B","Defend_B","Defend_B","Defend_B","Defend_B","Zap","Dualcast","Sunder+1","Ball Lightning","Cold Snap","Leap","Capacitor","Sweeping Beam","Go for the Eyes"],"relics":["Cracked Core","Mummified Hand","Bottled Lightning","Smiling Mask"],"potions_floor_usage":[],"damage_taken":[{"damage":10,"enemies":"Small Slimes","floor":1,"turns":3},{"damage":2,"enemies":"Jaw Worm","floor":3,"turns":3},{"damage":0,"enemies":"Cultist","floor":5,"turns":3},{"damage":34,"enemies":"Lagavulin","floor":10,"turns":8},{"damage":13,"enemies":"Large Slime","floor":11,"turns":1}],"seed_played":"1437323092599880117","potions_obtained":[{"floor":3,"key":"FocusPotion"},{"floor":5,"key":"GamblersBrew"},{"floor":10,"key":"FocusPotion"}],"is_trial":false,"path_per_floor":["M","?","M","$","M","R","?","R","T","E","M"],"character_chosen":"DEFECT","items_purchased":["Cold Snap","Leap","Capacitor"],"campfire_rested":1,"item_purchase_floors":[4,4,4],"current_hp_per_floor":[36,18,16,16,16,16,16,37,37,3,0],"gold":311,"neow_bonus":"TWO_FIFTY_GOLD","is_prod":false,"is_daily":false,"chose_seed":false,"campfire_upgraded":1,"win_rate":0,"timestamp":1550873241,"path_taken":["M","?","M","$","M","R","?","R","T","E","?"],"build_version":"2019-01-23","purchased_purges":1,"victory":false,"max_hp_per_floor":[71,71,71,71,71,71,71,71,71,71,71],"card_choices":[{"not_picked":["Rebound","Conserve Battery"],"picked":"Sunder","floor":1},{"not_picked":["Streamline","Redo"],"picked":"Ball Lightning","floor":3},{"not_picked":["Streamline","Stack"],"picked":"Sweeping Beam","floor":5},{"not_picked":["Redo","Chaos"],"picked":"Go for the Eyes","floor":10}],"player_experience":203262,"relics_obtained":[{"floor":9,"key":"Bottled Lightning"},{"floor":10,"key":"Smiling Mask"}],"event_choices":[{"damage_healed":0,"gold_gain":0,"player_choice":"Success","damage_taken":18,"relics_obtained":["Mummified Hand"],"max_hp_gain":0,"max_hp_loss":0,"event_name":"Scrap Ooze","floor":2,"gold_loss":0},{"damage_healed":0,"gold_gain":64,"player_choice":"Gained Gold","damage_taken":0,"max_hp_gain":0,"max_hp_loss":0,"event_name":"Golden Wing","floor":7,"gold_loss":0}],"is_beta":false,"boss_relics":[],"items_purged_floors":[4],"is_endless":false,"potions_floor_spawned":[3,5,10],"killed_by":"Large Slime","ascension_level":16}