{"gold_per_floor":[109,109,109,125,142,142,158,158,185,204,74,74,88,88,88,163,163,175,90,90,145,95,95,106,139,139,150,167,178,178,189,189,266,266,278,57,57,157,157,157,175,175,175,175,175,220,230,244,244,244],"floor_reached":50,"playtime":2988,"items_purged":["Defend_B"],"score":814,"play_id":"9c98706a-4386-42d5-9d8a-831e728e91cf","local_time":"20190102225225","is_ascension_mode":true,"campfire_choices":[{"data":"Zap","floor":6.0,"key":"SMITH"},{"data":"Dualcast","floor":8.0,"key":"SMITH"},{"floor":12.0,"key":"REST"},{"data":"Fusion","floor":15.0,"key":"SMITH"},{"data":"Tempest","floor":23.0,"key":"SMITH"},{"data":"Lockon","floor":30.0,"key":"SMITH"},{"floor":32.0,"key":"REST"},{"data":"Buffer","floor":40.0,"key":"SMITH"},{"floor":42,"key":"REST"},{"data":"Thunder Strike","floor":44,"key":"SMITH"},{"data":"Strike_B+1","floor":49,"key":"PURGE"}],"neow_cost":"NONE","seed_source_timestamp":39036892963419,"circlet_count":0,"master_deck":["AscendersBane","Strike_B+1","Defend_B+1","Defend_B+1","Defend_B+1","Zap+1","Dualcast+1","Tempest+1","Machine Learning","Undo","BootSequence","Fusion+1","Streamline","Electrodynamics+1","Seek","Buffer+1","Auto Shields","Lockon+1","Thunder Strike+1","Echo Form","Self Repair","Leap+1","Madness+1","Madness+1","Conserve Battery+1","Reboot+1","Storm"],"special_seed":0,"relics":["Cracked Core","Pen Nib","Regal Pillow","Velvet Choker","Bronze Scales","Tiny Chest","Boot","Question Card","Nuclear Battery","Runic Capacitor","Toxic Egg 2","Unceasing Top","Darkstone Periapt","Meat on the Bone","Peace Pipe"],"potions_floor_usage":[50,50],"damage_taken":[{"damage":4.0,"enemies":"Jaw Worm","floor":1.0,"turns":3.0},{"damage":3.0,"enemies":"2 Louse","floor":4.0,"turns":3.0},{"damage":0.0,"enemies":"Small Slimes","floor":5.0,"turns":3.0},{"damage":19.0,"enemies":"Exordium Thugs","floor":7.0,"turns":4.0},{"damage":7.0,"enemies":"Lots of Slimes","floor":10.0,"turns":4.0},{"damage":5.0,"enemies":"2 Fungi Beasts","floor":13.0,"turns":4.0},{"damage":18.0,"enemies":"Hexaghost","floor":16.0,"turns":9.0},{"damage":0.0,"enemies":"3 Byrds","floor":18.0,"turns":2.0},{"damage":1.0,"enemies":"Spheric Guardian","floor":24.0,"turns":3.0},{"damage":17.0,"enemies":"Slavers","floor":25.0,"turns":3.0},{"damage":4.0,"enemies":"Shelled Parasite and Fungi","floor":27.0,"turns":4.0},{"damage":4.0,"enemies":"Snake Plant","floor":28.0,"turns":3.0},{"damage":0.0,"enemies":"Centurion and Healer","floor":29.0,"turns":5.0},{"damage":4.0,"enemies":"Shelled Parasite and Fungi","floor":31.0,"turns":3.0},{"damage":47.0,"enemies":"Collector","floor":33.0,"turns":8.0},{"damage":6.0,"enemies":"3 Shapes","floor":35.0,"turns":2.0},{"damage":17.0,"enemies":"Mind Bloom Boss Battle","floor":38.0,"turns":5.0},{"damage":24,"enemies":"3 Darklings","floor":41,"turns":3},{"damage":25,"enemies":"2 Orb Walkers","floor":46,"turns":3},{"damage":0,"enemies":"Maw","floor":47,"turns":7},{"damage":9,"enemies":"Jaw Worm Horde","floor":48,"turns":3},{"damage":55,"enemies":"Donu and Deca","floor":50,"turns":6}],"seed_played":"2913108307136032468","potions_obtained":[{"floor":1.0,"key":"FocusPotion"},{"floor":4.0,"key":"FearPotion"},{"floor":7.0,"key":"Block Potion"},{"floor":13.0,"key":"SkillPotion"},{"floor":25.0,"key":"Block Potion"},{"floor":28.0,"key":"FearPotion"},{"floor":31.0,"key":"EssenceOfSteel"},{"floor":35.0,"key":"Strength Potion"},{"floor":46,"key":"AttackPotion"},{"floor":47,"key":"Poison Potion"}],"is_trial":false,"path_per_floor":["M","?","?","M","M","R","M","R","T","M","$","R","M","?","R","B",null,"M","?","?","T","?","R","M","E","T","M","M","M","R","M","R","B",null,"M","$","T","?","T","R","M","R","T","R","?","?","M","M","R","B"],"character_chosen":"DEFECT","items_purchased":["Streamline","Runic Capacitor"],"campfire_rested":3,"item_purchase_floors":[11,36],"current_hp_per_floor":[60,53,53,50,50,50,31,31,31,24,24,60,55,55,55,37,63,63,63,63,63,63,63,62,45,45,41,37,37,37,33,69,22,59,53,53,53,36,36,36,19,55,55,55,42,29,55,46,46,0],"gold":244,"neow_bonus":"RANDOM_COMMON_RELIC","is_prod":false,"is_daily":false,"chose_seed":false,"campfire_upgraded":7,"win_rate":0,"timestamp":1546465945,"path_taken":["M","?","?","M","M","R","M","R","T","M","$","R","M","?","R","BOSS","M","?","?","?","?","R","M","E","T","?","M","M","R","M","R","BOSS","M","$","?","?","?","R","?","R","T","R","?","?","M","M","R","BOSS"],"build_version":"2018-12-20","purchased_purges":1,"victory":false,"max_hp_per_floor":[71,71,71,71,71,71,71,71,71,71,71,71,71,71,71,71,71,71,71,71,71,71,71,71,71,71,71,71,71,71,71,71,71,71,71,71,71,71,71,71,71,71,71,71,71,71,71,71,71,71],"card_choices":[{"not_picked":["Redo","Static Discharge"],"picked":"Tempest","floor":1.0},{"not_picked":["Steam","Beam Cell"],"picked":"Undo","floor":4.0},{"not_picked":["Barrage","Stack","Force Field"],"picked":"SKIP","floor":5.0},{"not_picked":["Force Field","Compile Driver"],"picked":"BootSequence","floor":7.0},{"not_picked":["Undo","Rebound"],"picked":"Fusion","floor":10.0},{"not_picked":["Rebound","Hologram"],"picked":"Electrodynamics","floor":13.0},{"not_picked":["Electrodynamics","Biased Cognition"],"picked":"Seek","floor":16.0},{"not_picked":["Ball Lightning","Coolheaded","Turbo"],"picked":"SKIP","floor":18.0},{"not_picked":["Leap","Conserve Battery","Gash"],"picked":"SKIP","floor":24.0},{"not_picked":["Ball Lightning+1","Leap"],"picked":"Buffer","floor":25.0},{"not_picked":["Stack+1","Conserve Battery+1","Leap"],"picked":"Auto Shields","floor":27.0},{"not_picked":["Coolheaded","Compile Driver","Leap","Redo"],"picked":"SKIP","floor":28.0},{"not_picked":["Static Discharge","Go for the Eyes","Turbo"],"picked":"Lockon","floor":29.0},{"not_picked":["Capacitor","Conserve Battery","Redo+1"],"picked":"Thunder Strike","floor":31.0},{"not_picked":["Reboot","Electrodynamics","Amplify"],"picked":"Echo Form","floor":33.0},{"not_picked":["Blizzard","Beam Cell","Ball Lightning","FTL+1"],"picked":"SKIP","floor":35.0},{"not_picked":["Go for the Eyes+1","Conserve Battery+1","Steam+1"],"picked":"Self Repair","floor":38.0},{"not_picked":["Hologram+1","Chill+1","Streamline"],"picked":"Leap+1","floor":41},{"not_picked":["Redo+1","Recycle+1","Beam Cell+1"],"picked":"Conserve Battery+1","floor":46},{"not_picked":["Sunder+1","FTL","Streamline"],"picked":"Reboot+1","floor":47},{"not_picked":["Turbo+1","Ball Lightning","Sweeping Beam"],"picked":"Storm","floor":48}],"player_experience":689128,"relics_obtained":[{"floor":9.0,"key":"Regal Pillow"},{"floor":21.0,"key":"Tiny Chest"},{"floor":25.0,"key":"Boot"},{"floor":26.0,"key":"Question Card"},{"floor":37.0,"key":"Toxic Egg 2"},{"floor":38.0,"key":"Unceasing Top"},{"floor":39.0,"key":"Darkstone Periapt"},{"floor":43,"key":"Meat on the Bone"},{"floor":46,"key":"Peace Pipe"}],"event_choices":[{"cards_removed":["Strike_B"],"damage_healed":0.0,"max_hp_gain":0.0,"max_hp_loss":0.0,"gold_gain":0.0,"event_name":"Golden Wing","player_choice":"Card Removal","floor":2.0,"gold_loss":0.0,"damage_taken":7.0},{"damage_healed":0.0,"max_hp_gain":0.0,"max_hp_loss":0.0,"gold_gain":0.0,"cards_transformed":["Strike_B"],"event_name":"Living Wall","player_choice":"Change","floor":3.0,"gold_loss":0.0,"damage_taken":0.0,"cards_obtained":["Machine Learning"]},{"damage_healed":0.0,"max_hp_gain":0.0,"max_hp_loss":0.0,"gold_gain":0.0,"event_name":"Liars Game","player_choice":"Ignored","floor":14.0,"gold_loss":0.0,"damage_taken":0.0},{"damage_healed":0.0,"max_hp_gain":0.0,"max_hp_loss":0.0,"gold_gain":0.0,"event_name":"Addict","player_choice":"Obtained Relic","floor":19.0,"gold_loss":85.0,"damage_taken":0.0,"relics_obtained":["Bronze Scales"]},{"damage_healed":0.0,"max_hp_gain":0.0,"max_hp_loss":0.0,"gold_gain":0.0,"event_name":"Back to Basics","player_choice":"Simplicity","floor":20.0,"gold_loss":0.0,"damage_taken":0.0,"cards_upgraded":["Strike_B","Strike_B","Defend_B","Defend_B","Defend_B"]},{"damage_healed":0.0,"max_hp_gain":0.0,"max_hp_loss":0.0,"gold_gain":0.0,"event_name":"Designer","player_choice":"Upgrade","floor":22.0,"gold_loss":50.0,"damage_taken":0.0,"cards_upgraded":["Electrodynamics"]},{"damage_healed":0.0,"max_hp_gain":0.0,"max_hp_loss":0.0,"gold_gain":0.0,"event_name":"MindBloom","player_choice":"Fight","floor":38.0,"gold_loss":0.0,"damage_taken":0.0},{"damage_healed":0,"gold_gain":0,"player_choice":"Embrace Madness","damage_taken":13,"max_hp_gain":0,"max_hp_loss":0,"event_name":"Winding Halls","floor":45,"gold_loss":0,"cards_obtained":["Madness","Madness"]},{"damage_healed":0,"gold_gain":0,"player_choice":"Fight","damage_taken":0,"max_hp_gain":0,"max_hp_loss":0,"event_name":"Mysterious Sphere","floor":46,"gold_loss":0}],"is_beta":false,"boss_relics":[{"not_picked":["Lizard Tail","Orrery"],"picked":"Velvet Choker"},{"not_picked":["Pandora\u0027s Box","White Beast Statue"],"picked":"Nuclear Battery"}],"items_purged_floors":[11],"is_endless":false,"potions_floor_spawned":[1,4,7,13,18,25,28,31,35,46,47],"killed_by":"Donu and Deca","ascension_level":16}