{"gold_per_floor":[111,122,197,209,209,535,553,553,553,553],"floor_reached":10,"playtime":609,"items_purged":[],"score":68,"play_id":"d4676740-25a8-4d8c-ba3e-b3c4de833336","local_time":"20190119151748","is_ascension_mode":false,"campfire_choices":[],"neow_cost":"NONE","seed_source_timestamp":14888176873575,"circlet_count":0,"master_deck":["Defend_G","Defend_G","Defend_G","Defend_G","Defend_G","Strike_G","Strike_G","Strike_G","Strike_G","Strike_G","Survivor","Neutralize","Deadly Poison","Malaise","Unload"],"relics":["Ring of the Snake","NeowsBlessing","Bag of Preparation","Old Coin","Darkstone Periapt"],"potions_floor_usage":[6,8],"damage_taken":[{"damage":0,"enemies":"2 Louse","floor":1,"turns":1},{"damage":0,"enemies":"Small Slimes","floor":2,"turns":1},{"damage":0,"enemies":"Jaw Worm","floor":4,"turns":1},{"damage":33,"enemies":"Lagavulin","floor":6,"turns":8},{"damage":5,"enemies":"Blue Slaver","floor":7,"turns":5},{"damage":4,"enemies":"The Mushroom Lair","floor":8,"turns":3},{"damage":21,"enemies":"Gremlin Nob","floor":10,"turns":4}],"seed_played":"2150529546724997224","potions_obtained":[{"floor":1,"key":"FearPotion"},{"floor":4,"key":"SmokeBomb"}],"is_trial":false,"path_per_floor":["M","M","?","M","?","E","M","?","T","E"],"character_chosen":"THE_SILENT","items_purchased":[],"campfire_rested":0,"item_purchase_floors":[],"current_hp_per_floor":[70,70,59,59,52,19,14,10,10,0],"gold":553,"neow_bonus":"THREE_ENEMY_KILL","is_prod":false,"is_daily":false,"chose_seed":false,"campfire_upgraded":0,"win_rate":0.0,"timestamp":1547907468,"path_taken":["M","M","?","M","?","E","M","?","T","E"],"build_version":"2019-01-17v2","purchased_purges":0,"victory":false,"max_hp_per_floor":[70,70,70,70,70,70,70,70,70,70],"card_choices":[{"not_picked":["Caltrops","Slice","Deflect"],"picked":"SKIP","floor":1},{"not_picked":["Infinite Blades","Acrobatics"],"picked":"Deadly Poison","floor":2},{"not_picked":["PiercingWail","Quick Slash"],"picked":"Malaise","floor":4},{"not_picked":["Dash","Skewer","Terror"],"picked":"SKIP","floor":6},{"not_picked":["Slice","Blade Dance"],"picked":"Unload","floor":7}],"player_experience":17448,"relics_obtained":[{"floor":6,"key":"Old Coin"},{"floor":9,"key":"Darkstone Periapt"}],"event_choices":[{"damage_healed":0,"gold_gain":75,"player_choice":"Gather Gold","damage_taken":11,"max_hp_gain":0,"max_hp_loss":0,"event_name":"World of Goop","floor":3,"gold_loss":0},{"damage_healed":0,"gold_gain":0,"player_choice":"Success","damage_taken":7,"relics_obtained":["Bag of Preparation"],"max_hp_gain":0,"max_hp_loss":0,"event_name":"Scrap Ooze","floor":5,"gold_loss":0},{"damage_healed":0,"gold_gain":0,"player_choice":"Fought Mushrooms","damage_taken":0,"max_hp_gain":0,"max_hp_loss":0,"event_name":"Mushrooms","floor":8,"gold_loss":0}],"is_beta":false,"boss_relics":[],"items_purged_floors":[],"is_endless":false,"potions_floor_spawned":[1,4,8],"killed_by":"Gremlin Nob","ascension_level":0}