{"gold_per_floor":[117,117,135,135,135,135,162,162,162,162,178,221,221,240,240,334,334,325,345,345,358,273,273,223,223,223,223,223,246,246,265,265,265],"floor_reached":33,"playtime":1465,"items_purged":["Strike_R"],"score":413,"play_id":"8add8581-2188-44a5-9fe7-14a11f6d7c2c","local_time":"20190223200956","is_ascension_mode":true,"campfire_choices":[{"data":"Bash","floor":6,"key":"SMITH"},{"floor":10,"key":"REST"},{"floor":13,"key":"REST"},{"data":"Clothesline","floor":15,"key":"SMITH"},{"floor":23,"key":"REST"},{"floor":27,"key":"REST"},{"floor":30,"key":"REST"},{"floor":32,"key":"REST"}],"neow_cost":"NONE","seed_source_timestamp":99092296018300,"circlet_count":0,"master_deck":["AscendersBane","Strike_R","Strike_R","Strike_R","Strike_R","Defend_R","Defend_R","Defend_R","Defend_R","Bash+1","Rampage","Metallicize","Armaments+1","Clothesline+1","Rampage","Offering+1","Metallicize","Shockwave+1","Sentinel+1","Shrug It Off+1","Shockwave+1"],"relics":["Burning Blood","Toxic Egg 2","Golden Idol","PreservedInsect","Bottled Flame","Paper Frog","Velvet Choker","Smiling Mask","Sundial"],"potions_floor_usage":[21,28,33],"damage_taken":[{"damage":8,"enemies":"Jaw Worm","floor":1,"turns":4},{"damage":7,"enemies":"Small Slimes","floor":3,"turns":4},{"damage":5,"enemies":"2 Louse","floor":11,"turns":4},{"damage":38,"enemies":"Lagavulin","floor":12,"turns":6},{"damage":3,"enemies":"Blue Slaver","floor":14,"turns":4},{"damage":49,"enemies":"Hexaghost","floor":16,"turns":13},{"damage":23,"enemies":"2 Thieves","floor":18,"turns":4},{"damage":14,"enemies":"Chosen","floor":19,"turns":6},{"damage":33,"enemies":"Snake Plant","floor":21,"turns":5},{"damage":28,"enemies":"Masked Bandits","floor":28,"turns":3},{"damage":31,"enemies":"Shelled Parasite and Fungi","floor":29,"turns":7},{"damage":18,"enemies":"Centurion and Healer","floor":31,"turns":6},{"damage":68,"enemies":"Champ","floor":33,"turns":12}],"seed_played":"3207778729381293428","potions_obtained":[{"floor":1,"key":"EssenceOfSteel"},{"floor":11,"key":"FearPotion"},{"floor":12,"key":"Block Potion"},{"floor":16,"key":"SmokeBomb"},{"floor":18,"key":"PowerPotion"},{"floor":29,"key":"Poison Potion"}],"is_trial":false,"path_per_floor":["M","?","M","?","?","R","T","?","T","R","M","E","R","M","R","B",null,"M","M","?","M","?","R","$","?","T","R","?","M","R","M","R","B"],"character_chosen":"IRONCLAD","items_purchased":[],"campfire_rested":6,"item_purchase_floors":[],"current_hp_per_floor":[73,70,69,49,49,49,49,49,49,73,74,42,66,69,69,26,68,51,43,43,16,16,40,40,40,40,64,42,17,41,29,53,0],"gold":265,"neow_bonus":"TEN_PERCENT_HP_BONUS","is_prod":false,"is_daily":false,"chose_seed":false,"campfire_upgraded":2,"win_rate":0,"timestamp":1550923796,"path_taken":["M","?","M","?","?","R","?","?","T","R","M","E","R","?","R","BOSS","M","?","?","M","?","R","$","?","T","R","?","M","R","M","R","BOSS"],"build_version":"2019-01-23","purchased_purges":1,"victory":false,"max_hp_per_floor":[82,82,82,82,82,82,82,82,82,82,82,82,82,82,82,82,82,82,82,82,82,82,82,82,82,82,82,82,82,82,82,82,82],"card_choices":[{"not_picked":["Infernal Blade","Feel No Pain"],"picked":"Rampage","floor":1},{"not_picked":["True Grit+1","Wild Strike"],"picked":"Metallicize","floor":3},{"not_picked":["True Grit+1","Rage+1"],"picked":"Armaments+1","floor":11},{"not_picked":["Carnage","Heavy Blade"],"picked":"Clothesline","floor":12},{"not_picked":["Brutality","Iron Wave"],"picked":"Rampage","floor":14},{"not_picked":["Dark Embrace","Brutality"],"picked":"Offering+1","floor":16},{"not_picked":["Ghostly Armor+1","Flex+1"],"picked":"Metallicize","floor":18},{"not_picked":["Iron Wave","Havoc+1","Thunderclap"],"picked":"SKIP","floor":19},{"not_picked":["Armaments+1","Iron Wave"],"picked":"Sentinel+1","floor":21},{"not_picked":["Demon Form","Flex+1"],"picked":"Shrug It Off+1","floor":29},{"not_picked":["Whirlwind","Armaments+1"],"picked":"Shockwave+1","floor":31}],"player_experience":410830,"relics_obtained":[{"floor":7,"key":"PreservedInsect"},{"floor":9,"key":"Bottled Flame"},{"floor":12,"key":"Paper Frog"},{"floor":26,"key":"Sundial"}],"event_choices":[{"damage_healed":0,"gold_gain":0,"player_choice":"Success","damage_taken":3,"relics_obtained":["Toxic Egg 2"],"max_hp_gain":0,"max_hp_loss":0,"event_name":"Scrap Ooze","floor":2,"gold_loss":0},{"damage_healed":0,"gold_gain":0,"player_choice":"Take Damage","damage_taken":20,"relics_obtained":["Golden Idol"],"max_hp_gain":0,"max_hp_loss":0,"event_name":"Golden Idol","floor":4,"gold_loss":0},{"damage_healed":0,"gold_gain":0,"player_choice":"Ignored","damage_taken":0,"max_hp_gain":0,"max_hp_loss":0,"event_name":"Golden Wing","floor":5,"gold_loss":0},{"damage_healed":0,"gold_gain":0,"player_choice":"Searched \u00270\u0027 times","damage_taken":0,"max_hp_gain":0,"max_hp_loss":0,"event_name":"Dead Adventurer","floor":8,"gold_loss":0},{"damage_healed":0,"gold_gain":0,"player_choice":"Read","damage_taken":0,"max_hp_gain":0,"max_hp_loss":0,"event_name":"The Library","floor":20,"gold_loss":0,"cards_obtained":["Shockwave"]},{"damage_healed":0,"gold_gain":0,"player_choice":"Obtained Relic","damage_taken":0,"relics_obtained":["Smiling Mask"],"max_hp_gain":0,"max_hp_loss":0,"event_name":"Addict","floor":22,"gold_loss":85},{"damage_healed":0,"gold_gain":0,"player_choice":"Ignored","damage_taken":0,"max_hp_gain":0,"max_hp_loss":0,"event_name":"Ghosts","floor":25,"gold_loss":0},{"damage_healed":0,"gold_gain":0,"player_choice":"Fought Bandits","damage_taken":0,"max_hp_gain":0,"max_hp_loss":0,"event_name":"Masked Bandits","floor":28,"gold_loss":0}],"is_beta":false,"boss_relics":[{"not_picked":["Fusion Hammer","Black Star"],"picked":"Velvet Choker"}],"items_purged_floors":[24],"is_endless":false,"potions_floor_spawned":[1,11,12,16,18,28,29],"killed_by":"Champ","ascension_level":14}