{"gold_per_floor":[110,185,31,41,41,76,251,251,251,268,281,281,10,91,91,186,186,197,297,316,334,39,39,58,58,58,74,22,222,122,122,122,221,221,235,254,354,354,368,368,379,379,379,379,779,779,789,145,145,145],"floor_reached":50,"playtime":2221,"items_purged":["Doubt","Injury","Normality"],"score":463,"play_id":"8828894d-fb36-4556-8a32-fd5f814c78b0","local_time":"20190123155843","is_ascension_mode":false,"campfire_choices":[{"data":"Blind","floor":8,"key":"SMITH"},{"floor":12,"key":"REST"},{"floor":15,"key":"REST"},{"floor":23,"key":"REST"},{"floor":32,"key":"REST"},{"floor":40,"key":"REST"},{"floor":42,"key":"RECALL"},{"floor":44,"key":"REST"},{"data":"Panache","floor":46,"key":"SMITH"},{"floor":49,"key":"REST"}],"neow_cost":"NONE","seed_source_timestamp":587070994264908,"circlet_count":0,"master_deck":["Strike_B+1","Strike_B","Strike_B+1","Strike_B","Defend_B","Defend_B","Defend_B","Defend_B","Zap","Dualcast","Tempest","Blind+1","Doom and Gloom","Go for the Eyes","Compile Driver","Turbo","Ball Lightning","Gash","Echo Form","Conserve Battery+1","Go for the Eyes","Leap","Static Discharge","Steam Power","Streamline+1","Conserve Battery","All For One","Conserve Battery+1","Heatsinks+1","Panache+1","Glacier+1","Rip and Tear+1","Stack+1"],"relics":["Cracked Core","Juzu Bracelet","Whetstone","Shuriken","Matryoshka","DataDisk","Pear","Cursed Key","Bag of Preparation","Lantern","Question Card","Busted Crown","Bottled Tornado","Old Coin","StoneCalendar","Art of War"],"potions_floor_usage":[33,33,50,50],"damage_taken":[{"damage":0,"enemies":"Small Slimes","floor":1,"turns":2},{"damage":3,"enemies":"Jaw Worm","floor":4,"turns":3},{"damage":12,"enemies":"Lagavulin","floor":6,"turns":7},{"damage":4,"enemies":"2 Louse","floor":10,"turns":2},{"damage":12,"enemies":"Red Slaver","floor":11,"turns":4},{"damage":73,"enemies":"The Guardian","floor":16,"turns":9},{"damage":20,"enemies":"2 Thieves","floor":18,"turns":3},{"damage":0,"enemies":"3 Byrds","floor":20,"turns":5},{"damage":26,"enemies":"Snecko","floor":21,"turns":5},{"damage":22,"enemies":"Centurion and Healer","floor":24,"turns":5},{"damage":6,"enemies":"Cultist and Chosen","floor":27,"turns":5},{"damage":18,"enemies":"Champ","floor":33,"turns":9},{"damage":19,"enemies":"3 Darklings","floor":35,"turns":5},{"damage":16,"enemies":"3 Shapes","floor":36,"turns":4},{"damage":17,"enemies":"Spire Growth","floor":39,"turns":5},{"damage":4,"enemies":"3 Darklings","floor":41,"turns":3},{"damage":9,"enemies":"Mind Bloom Boss Battle","floor":45,"turns":9},{"damage":32,"enemies":"Transient","floor":47,"turns":5},{"damage":65,"enemies":"Awakened One","floor":50,"turns":10}],"seed_played":"-7967333076305852220","potions_obtained":[{"floor":1,"key":"Ancient Potion"},{"floor":11,"key":"GamblersBrew"},{"floor":16,"key":"GamblersBrew"},{"floor":21,"key":"PowerPotion"},{"floor":36,"key":"Ancient Potion"},{"floor":39,"key":"Dexterity Potion"}],"is_trial":false,"path_per_floor":["M","?","$","M","T","E","?","R","T","M","M","R","$","T","R","B",null,"M","?","M","M","$","R","M","?","T","M","$","?","$","?","R","B",null,"M","M","?","?","M","R","M","R","T","R","?","R","M","$","R","B"],"character_chosen":"DEFECT","items_purchased":["Blind","Doom and Gloom","Matryoshka","Gash","Bag of Preparation","Static Discharge","Conserve Battery","StoneCalendar","PowerPotion","Art of War"],"campfire_rested":7,"item_purchase_floors":[3,3,13,13,22,22,28,48,48,48],"current_hp_per_floor":[75,64,64,61,61,49,49,49,49,45,33,55,55,65,85,12,85,65,65,65,39,39,64,42,42,42,36,36,36,36,36,61,43,85,66,50,50,50,33,58,54,54,54,79,70,70,38,38,63,0],"gold":145,"neow_bonus":"RANDOM_COMMON_RELIC","is_prod":false,"is_daily":false,"chose_seed":false,"campfire_upgraded":2,"win_rate":0,"timestamp":1548277123,"path_taken":["M","?","$","M","?","E","?","R","T","M","M","R","$","?","R","BOSS","M","?","M","M","$","R","M","?","T","M","$","?","$","?","R","BOSS","M","M","?","?","M","R","M","R","T","R","?","R","M","$","R","BOSS"],"build_version":"2019-01-23","purchased_purges":3,"victory":false,"max_hp_per_floor":[75,75,75,75,75,75,75,75,75,75,75,75,75,85,85,85,85,85,85,85,85,85,85,85,85,85,85,85,85,85,85,85,85,85,85,85,85,85,85,85,85,85,85,85,85,85,85,85,85,85],"card_choices":[{"not_picked":["Darkness","Hologram"],"picked":"Tempest","floor":1},{"not_picked":["Barrage","Redo"],"picked":"Go for the Eyes","floor":4},{"not_picked":["Rebound","Stack"],"picked":"Compile Driver","floor":6},{"not_picked":["Darkness","Rebound"],"picked":"Turbo","floor":10},{"not_picked":["Reinforced Body","Coolheaded"],"picked":"Ball Lightning","floor":11},{"not_picked":["Rainbow","Reboot"],"picked":"Echo Form","floor":16},{"not_picked":["Melter+1","Rebound"],"picked":"Conserve Battery+1","floor":18},{"not_picked":["Cold Snap+1","Tempest"],"picked":"Go for the Eyes","floor":20},{"not_picked":["Recycle","Darkness"],"picked":"Leap","floor":21},{"not_picked":["Rebound","Chaos"],"picked":"Steam Power","floor":24},{"not_picked":["Auto Shields","Static Discharge","Redo"],"picked":"Streamline+1","floor":27},{"not_picked":["Hyperbeam","Meteor Strike","Multi-Cast"],"picked":"All For One","floor":33},{"not_picked":["Sweeping Beam"],"picked":"Conserve Battery+1","floor":35},{"not_picked":["Chaos"],"picked":"Heatsinks+1","floor":36},{"not_picked":["Madness"],"picked":"Panache","floor":38},{"not_picked":["Barrage+1"],"picked":"Glacier+1","floor":39},{"not_picked":["Turbo","Go for the Eyes"],"picked":"SKIP","floor":41},{"not_picked":["Sweeping Beam"],"picked":"Rip and Tear+1","floor":45},{"not_picked":["Barrage"],"picked":"Stack+1","floor":47}],"player_experience":199196,"relics_obtained":[{"floor":6,"key":"Whetstone"},{"floor":9,"key":"Shuriken"},{"floor":14,"key":"DataDisk"},{"floor":14,"key":"Pear"},{"floor":26,"key":"Lantern"},{"floor":26,"key":"Question Card"},{"floor":43,"key":"Bottled Tornado"},{"floor":45,"key":"Old Coin"}],"event_choices":[{"damage_healed":0,"gold_gain":75,"player_choice":"Gather Gold","damage_taken":11,"max_hp_gain":0,"max_hp_loss":0,"event_name":"World of Goop","floor":2,"gold_loss":0},{"damage_healed":0,"gold_gain":175,"player_choice":"AGREE","damage_taken":0,"max_hp_gain":0,"max_hp_loss":0,"event_name":"Liars Game","floor":7,"gold_loss":0,"cards_obtained":["Doubt"]},{"damage_healed":0,"gold_gain":100,"player_choice":"Pray","damage_taken":0,"max_hp_gain":0,"max_hp_loss":0,"event_name":"Golden Shrine","floor":19,"gold_loss":0},{"damage_healed":0,"gold_gain":0,"player_choice":"Ignored","damage_taken":0,"max_hp_gain":0,"max_hp_loss":0,"event_name":"Vampires","floor":25,"gold_loss":0},{"damage_healed":0,"gold_gain":200,"player_choice":"Gold","damage_taken":0,"max_hp_gain":0,"max_hp_loss":0,"event_name":"Wheel of Change","floor":29,"gold_loss":0},{"damage_healed":0,"gold_gain":0,"player_choice":"Ignored","damage_taken":0,"max_hp_gain":0,"max_hp_loss":0,"event_name":"NoteForYourself","floor":31,"gold_loss":0},{"damage_healed":0,"gold_gain":100,"player_choice":"Pray","damage_taken":0,"max_hp_gain":0,"max_hp_loss":0,"event_name":"Golden Shrine","floor":37,"gold_loss":0},{"damage_healed":0,"gold_gain":0,"player_choice":"Memory 1","damage_taken":0,"max_hp_gain":0,"max_hp_loss":0,"event_name":"SensoryStone","floor":38,"gold_loss":0},{"damage_healed":0,"gold_gain":0,"player_choice":"Fight","damage_taken":0,"max_hp_gain":0,"max_hp_loss":0,"event_name":"MindBloom","floor":45,"gold_loss":0}],"is_beta":false,"boss_relics":[{"not_picked":["Coffee Dripper","Snecko Eye"],"picked":"Cursed Key"},{"not_picked":["Lizard Tail","Fusion Hammer"],"picked":"Busted Crown"}],"items_purged_floors":[22,30,48],"is_endless":false,"potions_floor_spawned":[1,11,16,21,24,36,39],"killed_by":"Awakened One","ascension_level":0}