{"gold_per_floor":[112,122,122,132,149,180,190,209,235,249,269,287,287,297,297,398,398,414,424,436,58,74,94,107,107,154,154,172,78,91,91,91,91],"floor_reached":33,"playtime":1788,"items_purged":[],"score":336,"play_id":"42b11c3a-11eb-4f1c-8207-edb5465fb884","local_time":"20190118043329","is_ascension_mode":false,"campfire_choices":[{"floor":13,"key":"REST"},{"floor":15,"key":"REST"},{"floor":27,"key":"REST"},{"floor":32,"key":"REST"}],"neow_cost":"NONE","seed_source_timestamp":114370587079059,"circlet_count":0,"master_deck":["Defend_B","Defend_B","Defend_B","Defend_B","Zap","Dualcast","Gash","FTL","FTL","Gash","Gash","Doom and Gloom","Rainbow","Steam","Scrape","Turbo","Streamline","Electrodynamics","Melter","Glacier","Fusion","Panache","Defragment","Go for the Eyes","Dramatic Entrance","Gash+1","Go for the Eyes","Steam+1","Ball Lightning+1","Gash","Defragment","Scrape","Bite","Bite","Bite","Bite","Bite"],"relics":["Cracked Core","Strawberry","Mummified Hand","Happy Flower","Vajra","Busted Crown","CultistMask","Boot"],"potions_floor_usage":[16,16,16,22,33,33,33],"damage_taken":[{"damage":5,"enemies":"2 Louse","floor":1,"turns":2},{"damage":0,"enemies":"Cultist","floor":2,"turns":4},{"damage":1,"enemies":"Jaw Worm","floor":4,"turns":4},{"damage":16,"enemies":"Lots of Slimes","floor":5,"turns":4},{"damage":30,"enemies":"3 Sentries","floor":6,"turns":6},{"damage":7,"enemies":"3 Louse","floor":7,"turns":3},{"damage":0,"enemies":"Large Slime","floor":8,"turns":4},{"damage":2,"enemies":"2 Fungi Beasts","floor":10,"turns":3},{"damage":4,"enemies":"3 Louse","floor":11,"turns":2},{"damage":5,"enemies":"Looter","floor":12,"turns":3},{"damage":0,"enemies":"Blue Slaver","floor":14,"turns":2},{"damage":26,"enemies":"Hexaghost","floor":16,"turns":5},{"damage":10,"enemies":"3 Byrds","floor":18,"turns":3},{"damage":0,"enemies":"Chosen","floor":19,"turns":3},{"damage":32,"enemies":"Snake Plant","floor":20,"turns":4},{"damage":0,"enemies":"Centurion and Healer","floor":22,"turns":5},{"damage":0,"enemies":"Sentry and Sphere","floor":23,"turns":2},{"damage":0,"enemies":"Snecko","floor":24,"turns":3},{"damage":26,"enemies":"Shelled Parasite and Fungi","floor":28,"turns":4},{"damage":0,"enemies":"3 Cultists","floor":30,"turns":4},{"damage":67,"enemies":"Collector","floor":33,"turns":6}],"seed_played":"-2415162163624372198","potions_obtained":[{"floor":1,"key":"FearPotion"},{"floor":5,"key":"FearPotion"},{"floor":7,"key":"PowerPotion"},{"floor":8,"key":"LiquidBronze"},{"floor":16,"key":"Fire Potion"},{"floor":20,"key":"PowerPotion"},{"floor":22,"key":"Strength Potion"},{"floor":24,"key":"FocusPotion"}],"is_trial":false,"path_per_floor":["M","M","?","M","M","E","M","M","T","M","M","M","R","M","R","B",null,"M","M","M","$","M","M","M","?","T","R","M","$","M","?","R","B"],"character_chosen":"DEFECT","items_purchased":["Panache","Defragment","Go for the Eyes","Dramatic Entrance","Gash","Defragment"],"campfire_rested":4,"item_purchase_floors":[21,21,21,21,29,29],"current_hp_per_floor":[77,77,77,76,60,30,23,23,23,21,17,12,36,36,60,34,82,72,72,40,40,40,40,40,40,40,64,38,38,38,38,55,0],"gold":91,"neow_bonus":"RANDOM_COMMON_RELIC","is_prod":false,"is_daily":false,"chose_seed":false,"campfire_upgraded":0,"win_rate":0.0,"timestamp":1547804009,"path_taken":["M","M","?","M","?","E","M","M","T","M","M","M","R","M","R","BOSS","M","M","M","$","M","M","M","?","T","R","M","$","?","?","R","BOSS"],"build_version":"2019-01-17","purchased_purges":0,"victory":false,"max_hp_per_floor":[82,82,82,82,82,82,82,82,82,82,82,82,82,82,82,82,82,82,82,82,82,82,82,82,82,82,82,82,82,82,57,57,57],"card_choices":[{"not_picked":["Beam Cell","Redo"],"picked":"Gash","floor":1},{"not_picked":["Steam Power","Auto Shields"],"picked":"FTL","floor":2},{"not_picked":["Barrage","Steam Power"],"picked":"FTL","floor":4},{"not_picked":["Conserve Battery","Compile Driver"],"picked":"Gash","floor":5},{"not_picked":["Turbo","Loop"],"picked":"Gash","floor":6},{"not_picked":["Beam Cell","Go for the Eyes"],"picked":"Doom and Gloom","floor":7},{"not_picked":["Consume","Hello World"],"picked":"Rainbow","floor":8},{"not_picked":["Compile Driver","Rebound"],"picked":"Steam","floor":10},{"not_picked":["Leap","Stack"],"picked":"Scrape","floor":11},{"not_picked":["Go for the Eyes","Hologram"],"picked":"Turbo","floor":12},{"not_picked":["Cold Snap","Sweeping Beam"],"picked":"Streamline","floor":14},{"not_picked":["Thunder Strike","Seek"],"picked":"Electrodynamics","floor":16},{"not_picked":[],"picked":"Melter","floor":18},{"not_picked":[],"picked":"Glacier","floor":19},{"not_picked":[],"picked":"Fusion","floor":20},{"not_picked":[],"picked":"Gash+1","floor":22},{"not_picked":[],"picked":"Go for the Eyes","floor":23},{"not_picked":[],"picked":"Steam+1","floor":24},{"not_picked":[],"picked":"Ball Lightning+1","floor":28},{"not_picked":[],"picked":"Scrape","floor":30}],"player_experience":100472,"relics_obtained":[{"floor":3,"key":"Mummified Hand"},{"floor":6,"key":"Happy Flower"},{"floor":9,"key":"Vajra"},{"floor":26,"key":"Boot"}],"event_choices":[{"damage_healed":0,"gold_gain":0,"player_choice":"Relic","damage_taken":0,"max_hp_gain":0,"max_hp_loss":0,"event_name":"Wheel of Change","floor":3,"gold_loss":0},{"damage_healed":0,"gold_gain":0,"player_choice":"Trade","damage_taken":0,"relics_obtained":["CultistMask"],"max_hp_gain":0,"max_hp_loss":0,"event_name":"FaceTrader","floor":25,"gold_loss":0},{"damage_healed":0,"gold_gain":0,"player_choice":"Became a vampire","damage_taken":0,"max_hp_gain":0,"max_hp_loss":25,"event_name":"Vampires","floor":31,"gold_loss":0,"cards_obtained":["Bite","Bite","Bite","Bite","Bite"]}],"is_beta":false,"boss_relics":[{"not_picked":["Runic Pyramid","Astrolabe"],"picked":"Busted Crown"}],"items_purged_floors":[],"is_endless":false,"potions_floor_spawned":[1,5,7,8,16,20,22,24],"killed_by":"Collector","ascension_level":0}