{"gold_per_floor":[118,118,43,55,5,5,33,49,74,74,74,16,91,118,118,118],"floor_reached":16,"playtime":379,"items_purged":["Strike_B"],"score":212,"play_id":"10ebb804-5d9c-4252-a37f-cbd64f940aaf","local_time":"20190223135949","is_ascension_mode":true,"campfire_choices":[{"data":"Go for the Eyes","floor":6,"key":"SMITH"},{"floor":10,"key":"REST"},{"floor":15,"key":"REST"}],"neow_cost":"NONE","seed_source_timestamp":1442611031200,"circlet_count":0,"master_deck":["AscendersBane","Strike_B","Strike_B","Strike_B","Defend_B","Defend_B","Defend_B","Zap","Dualcast","Compile Driver","Self Repair","Go for the Eyes+1","Leap","Ball Lightning"],"relics":["Cracked Core","Art of War","Boot","Pen Nib","Cables"],"potions_floor_usage":[7,14,14,16],"damage_taken":[{"damage":2,"enemies":"Cultist","floor":1,"turns":4},{"damage":3,"enemies":"Small Slimes","floor":4,"turns":4},{"damage":30,"enemies":"Lagavulin","floor":7,"turns":8},{"damage":19,"enemies":"Jaw Worm","floor":8,"turns":4},{"damage":20,"enemies":"3 Sentries","floor":14,"turns":7},{"damage":39,"enemies":"Slime Boss","floor":16,"turns":7}],"seed_played":"8840619463831253251","potions_obtained":[{"floor":1,"key":"SkillPotion"},{"floor":2,"key":"LiquidBronze"},{"floor":7,"key":"EssenceOfSteel"},{"floor":14,"key":"Weak Potion"}],"is_trial":false,"path_per_floor":["M","?","$","M","$","R","E","M","T","R","?","$","?","E","R","B"],"character_chosen":"DEFECT","items_purchased":["Go for the Eyes","Ball Lightning"],"campfire_rested":2,"item_purchase_floors":[5,12],"current_hp_per_floor":[62,62,62,59,59,59,36,24,24,45,38,38,27,14,35,0],"gold":118,"neow_bonus":"RANDOM_COMMON_RELIC","is_prod":false,"is_daily":false,"chose_seed":false,"campfire_upgraded":1,"win_rate":0,"timestamp":1550923189,"path_taken":["M","?","?","?","?","R","E","M","T","R","?","$","?","E","R","BOSS"],"build_version":"2019-01-23","purchased_purges":1,"victory":false,"max_hp_per_floor":[71,71,71,71,71,71,71,71,71,71,71,71,71,71,71,71],"card_choices":[{"not_picked":["Heatsinks","Tempest"],"picked":"Compile Driver","floor":1},{"not_picked":["Reinforced Body","Sweeping Beam"],"picked":"Self Repair","floor":4},{"not_picked":["Lockon","Gash","Hyperbeam"],"picked":"SKIP","floor":7},{"not_picked":["Gash","Stack"],"picked":"Leap","floor":8},{"not_picked":["Go for the Eyes","Steam Power","Melter"],"picked":"SKIP","floor":14}],"player_experience":907132,"relics_obtained":[{"floor":7,"key":"Boot"},{"floor":9,"key":"Pen Nib"},{"floor":14,"key":"Cables"}],"event_choices":[{"damage_healed":0,"gold_gain":0,"player_choice":"Got Potions","damage_taken":0,"max_hp_gain":0,"max_hp_loss":0,"event_name":"Lab","floor":2,"gold_loss":0},{"cards_removed":["Defend_B"],"damage_healed":0,"gold_gain":0,"player_choice":"Card Removal","damage_taken":7,"max_hp_gain":0,"max_hp_loss":0,"event_name":"Golden Wing","floor":11,"gold_loss":0},{"damage_healed":0,"gold_gain":75,"player_choice":"Gather Gold","damage_taken":11,"max_hp_gain":0,"max_hp_loss":0,"event_name":"World of Goop","floor":13,"gold_loss":0}],"is_beta":false,"boss_relics":[],"items_purged_floors":[3],"is_endless":false,"potions_floor_spawned":[1,7,14],"killed_by":"Slime Boss","ascension_level":20}