{"gold_per_floor":[111,61,61,61,73,73,73,38,38,138,149,149,177,191,191,286,286,304,319,337,337],"floor_reached":21,"playtime":741,"items_purged":[],"score":286,"play_id":"922584ea-92b5-4927-884e-812a4035994c","local_time":"20190222010134","is_ascension_mode":true,"campfire_choices":[{"data":"Coolheaded","floor":6,"key":"SMITH"},{"floor":15,"key":"REST"}],"neow_cost":"NONE","seed_source_timestamp":157326990594798,"circlet_count":0,"master_deck":["AscendersBane","Strike_B+1","Defend_B","Defend_B","Defend_B","Defend_B","Zap+1","Dualcast","Cold Snap","Coolheaded+1","Defragment","White Noise","Electrodynamics","Defragment","BootSequence","Loop"],"relics":["Cracked Core","Whetstone","Question Card","Pantograph","Dodecahedron","Orrery"],"potions_floor_usage":[13,16,20,20],"damage_taken":[{"damage":0,"enemies":"Small Slimes","floor":1,"turns":2},{"damage":0,"enemies":"Jaw Worm","floor":5,"turns":4},{"damage":0,"enemies":"Cultist","floor":11,"turns":3},{"damage":22,"enemies":"Lagavulin","floor":13,"turns":5},{"damage":21,"enemies":"Exordium Wildlife","floor":14,"turns":5},{"damage":40,"enemies":"Slime Boss","floor":16,"turns":14},{"damage":3,"enemies":"3 Byrds","floor":18,"turns":2},{"damage":16,"enemies":"Shell Parasite","floor":19,"turns":7},{"damage":33,"enemies":"Snake Plant","floor":20,"turns":4},{"damage":12,"enemies":"Centurion and Healer","floor":21,"turns":4}],"seed_played":"-3185010384663623175","potions_obtained":[{"floor":5,"key":"SteroidPotion"},{"floor":14,"key":"SkillPotion"},{"floor":18,"key":"AttackPotion"},{"floor":19,"key":"LiquidBronze"}],"is_trial":false,"path_per_floor":["M","?","?","T","M","R","T","$","T","?","M","?","E","M","R","B",null,"M","M","M","M"],"character_chosen":"DEFECT","items_purchased":["Defragment"],"campfire_rested":1,"item_purchase_floors":[8],"current_hp_per_floor":[68,68,61,61,61,61,61,61,61,61,61,61,39,18,40,25,63,60,44,11,0],"gold":337,"neow_bonus":"UPGRADE_CARD","is_prod":false,"is_daily":false,"chose_seed":false,"campfire_upgraded":1,"win_rate":0,"timestamp":1550815294,"path_taken":["M","?","?","?","?","R","?","?","T","?","?","?","E","M","R","BOSS","M","M","?","M"],"build_version":"2019-01-23","purchased_purges":0,"victory":false,"max_hp_per_floor":[75,75,75,75,75,75,75,75,75,75,75,75,75,75,75,75,75,75,75,75,75],"card_choices":[{"not_picked":["Stack","Coolheaded"],"picked":"Cold Snap","floor":1},{"not_picked":["Redo","Consume"],"picked":"Coolheaded","floor":5},{"not_picked":["Self Repair","Redo","Beam Cell","Melter"],"picked":"SKIP","floor":11},{"not_picked":["Barrage","Leap","Force Field","Recycle"],"picked":"SKIP","floor":13},{"not_picked":["Cold Snap","Reprogram","Aggregate"],"picked":"White Noise","floor":14},{"not_picked":["Thunder Strike","Core Surge","Biased Cognition"],"picked":"Electrodynamics","floor":16},{"not_picked":["Leap","Hologram","Fusion"],"picked":"Defragment","floor":17},{"not_picked":["Stack","Doom and Gloom","Fusion"],"picked":"BootSequence","floor":17},{"not_picked":["Gash+1","Turbo","Sweeping Beam","Coolheaded"],"picked":"SKIP","floor":18},{"not_picked":["Steam","Stack","Auto Shields"],"picked":"Loop","floor":19},{"not_picked":["Streamline","Steam","Leap","Ball Lightning"],"picked":"SKIP","floor":20}],"player_experience":574444,"relics_obtained":[{"floor":4,"key":"Whetstone"},{"floor":7,"key":"Question Card"},{"floor":9,"key":"Pantograph"},{"floor":13,"key":"Dodecahedron"}],"event_choices":[{"cards_removed":["Strike_B"],"damage_healed":0,"gold_gain":0,"player_choice":"Card Removal","damage_taken":0,"max_hp_gain":0,"max_hp_loss":0,"event_name":"The Cleric","floor":2,"gold_loss":50},{"cards_removed":["Strike_B"],"damage_healed":0,"gold_gain":0,"player_choice":"Card Removal","damage_taken":7,"max_hp_gain":0,"max_hp_loss":0,"event_name":"Golden Wing","floor":3,"gold_loss":0},{"damage_healed":0,"gold_gain":100,"player_choice":"Pray","damage_taken":0,"max_hp_gain":0,"max_hp_loss":0,"event_name":"Golden Shrine","floor":10,"gold_loss":0},{"cards_removed":["Strike_B"],"damage_healed":0,"gold_gain":0,"player_choice":"Card Removal","damage_taken":0,"max_hp_gain":0,"max_hp_loss":0,"event_name":"Wheel of Change","floor":12,"gold_loss":0}],"is_beta":false,"boss_relics":[{"not_picked":["Pandora\u0027s Box","Philosopher\u0027s Stone"],"picked":"Orrery"}],"items_purged_floors":[],"is_endless":false,"potions_floor_spawned":[5,14,18,19],"killed_by":"Centurion and Healer","ascension_level":12}