{"path_per_floor":["M","M","?","?","?","M","?","?","T","R","M","M","$","M","R","B",null,"M","?","$","M","?","R","E","M","T","?","?","M","R","M","R"],"character_chosen":"DEFECT","items_purchased":["Storm","Molten Egg 2","Defragment"],"gold_per_floor":[20,34,34,34,284,302,302,364,364,364,377,390,75,93,93,188,188,201,201,124,144,59,59,87,103,103,103,0,10,10,26,26,26],"floor_reached":33,"campfire_rested":3,"playtime":1120,"item_purchase_floors":[13,13,20],"current_hp_per_floor":[69,66,66,66,66,65,65,65,65,65,41,22,22,20,42,8,75,74,74,74,74,74,74,42,18,18,18,18,3,40,22,59,0],"items_purged":[],"gold":26,"score":308,"play_id":"cf5db0ec-21be-45ff-a6ae-5558808f525f","local_time":"20180602200716","is_prod":false,"is_daily":false,"chose_seed":false,"is_ascension_mode":true,"campfire_upgraded":2,"win_rate":0,"timestamp":1527934036,"campfire_choices":[{"data":"Melter","floor":10,"key":"SMITH"},{"floor":15,"key":"REST"},{"data":"Storm","floor":23,"key":"SMITH"},{"floor":30,"key":"REST"},{"floor":32,"key":"REST"}],"path_taken":["M","M","?","?","?","M","?","?","T","R","M","?","$","M","R","BOSS","M","?","$","M","?","R","E","?","T","?","?","M","R","M","R","BOSS"],"build_version":"2018-05-31","seed_source_timestamp":166703066252321,"purchased_purges":0,"victory":false,"master_deck":["Zap","Dualcast","Amplify+1","Melter+1","Capacitor","Genetic Algorithm","Heatsinks","BootSequence","Storm+1","Seek","Core Surge+1","BootSequence","Barrage+1","Compile Driver+1","Sweeping Beam+1","Go for the Eyes+1","Scrape+1","Compile Driver+1","Sweeping Beam+1","Sunder+1","Defragment","Leap","Hologram","Storm","Defragment+1","Melter+1"],"max_hp_per_floor":[75,75,75,75,75,75,75,75,75,75,75,75,75,75,75,75,75,75,75,75,75,75,75,75,75,75,75,75,75,75,75,75,75],"relics":["Cracked Core","Ornamental Fan","Molten Egg 2","Pandora\u0027s Box","Regal Pillow","Boot","Blue Candle"],"card_choices":[{"not_picked":["Fission","Seek"],"picked":"Amplify","floor":0},{"not_picked":["Streamline","Coolheaded"],"picked":"Melter","floor":1},{"not_picked":["Steam Power","Redo"],"picked":"Capacitor","floor":2},{"not_picked":["Compile Driver","Sunder"],"picked":"Genetic Algorithm","floor":6},{"not_picked":["Streamline","Recycle"],"picked":"Heatsinks","floor":11},{"not_picked":["Tempest","Compile Driver"],"picked":"BootSequence","floor":12},{"not_picked":["Go for the Eyes+1","Rip and Tear+1"],"picked":"Seek","floor":14},{"not_picked":["Meteor Strike+1","Fission"],"picked":"Core Surge+1","floor":16},{"not_picked":["Lockon+1","Stack"],"picked":"Sweeping Beam+1","floor":18},{"not_picked":["Stack","Compile Driver+1"],"picked":"Leap","floor":21},{"not_picked":["Compile Driver+1","Turbo"],"picked":"Hologram","floor":24},{"not_picked":["Cold Snap+1","Hello World"],"picked":"Storm","floor":25},{"not_picked":["Cold Snap+1","Loop"],"picked":"Defragment+1","floor":29},{"not_picked":["Aggregate","Tempest"],"picked":"Melter+1","floor":31}],"player_experience":144417,"potions_floor_usage":[16,16,33,33,33],"damage_taken":[{"damage":6,"enemies":"Jaw Worm","floor":1,"turns":4},{"damage":3,"enemies":"Small Slimes","floor":2,"turns":3},{"damage":1,"enemies":"2 Louse","floor":6,"turns":2},{"damage":24,"enemies":"Exordium Thugs","floor":11,"turns":5},{"damage":19,"enemies":"3 Louse","floor":12,"turns":3},{"damage":2,"enemies":"Looter","floor":14,"turns":3},{"damage":34,"enemies":"The Guardian","floor":16,"turns":12},{"damage":1,"enemies":"3 Byrds","floor":18,"turns":5},{"damage":0,"enemies":"Spheric Guardian","floor":21,"turns":1},{"damage":32,"enemies":"Book of Stabbing","floor":24,"turns":5},{"damage":24,"enemies":"Snake Plant","floor":25,"turns":4},{"damage":15,"enemies":"Cultist and Chosen","floor":29,"turns":5},{"damage":18,"enemies":"Chosen and Byrds","floor":31,"turns":4},{"damage":76,"enemies":"Champ","floor":33,"turns":8}],"relics_obtained":[{"floor":9,"key":"Ornamental Fan"},{"floor":24,"key":"Boot"},{"floor":26,"key":"Blue Candle"}],"event_choices":[{"event_name":"Living Wall","player_choice":"Grow","floor":3,"damage_taken":0},{"event_name":"The Cleric","player_choice":"Leave","floor":4,"damage_taken":0},{"event_name":"Golden Shrine","player_choice":"Desecrate","floor":5,"damage_taken":0},{"event_name":"Purifier","player_choice":"One Purge","floor":7,"damage_taken":0},{"event_name":"Golden Wing","player_choice":"Gained Gold","floor":8,"damage_taken":0},{"event_name":"Transmorgrifier","player_choice":"Transform","floor":19,"damage_taken":0},{"event_name":"Addict","player_choice":"Obtained Relic","floor":22,"damage_taken":0},{"event_name":"Vampires","player_choice":"Ignored","floor":27,"damage_taken":0},{"event_name":"Masked Bandits","player_choice":"Paid Bandits 103 gold","floor":28,"damage_taken":0}],"boss_relics":[{"not_picked":["Velvet Choker","Inserter"],"picked":"Pandora\u0027s Box"}],"items_purged_floors":[],"potions_floor_spawned":[1,11,16,21,31],"seed_played":"-4391326160716248895","killed_by":"Champ","ascension_level":4,"potions_obtained":[{"floor":1,"key":"Poison Potion"},{"floor":11,"key":"Block Potion"},{"floor":16,"key":"LiquidBronze"},{"floor":21,"key":"Explosive Potion"},{"floor":31,"key":"Energy Potion"}],"is_trial":false}