{"gold_per_floor":[115,135,152,152,19,46,46,57,57,70,70,70,70,98,98,98],"floor_reached":16,"playtime":957,"items_purged":[],"score":187,"play_id":"e06fd179-ca77-406d-8d54-588b4abb1a66","local_time":"20181104143214","is_ascension_mode":true,"campfire_choices":[{"floor":11,"key":"REST"},{"floor":15,"key":"REST"}],"neow_cost":"TEN_PERCENT_HP_LOSS","seed_source_timestamp":14138902427347,"circlet_count":0,"master_deck":["AscendersBane","Strike_R","Strike_R","Strike_R","Strike_R","Defend_R+1","Defend_R","Defend_R","Defend_R","Flex","Clash+1","Purity","Flex","Brutality","Flex+1"],"relics":["Burning Blood","Unceasing Top","Potion Belt","War Paint","Ornamental Fan"],"potions_floor_usage":[6,16,16],"damage_taken":[{"damage":6,"enemies":"Cultist","floor":1,"turns":3},{"damage":2,"enemies":"2 Louse","floor":2,"turns":3},{"damage":9,"enemies":"Jaw Worm","floor":3,"turns":4},{"damage":25,"enemies":"3 Sentries","floor":6,"turns":7},{"damage":4,"enemies":"Looter","floor":8,"turns":4},{"damage":18,"enemies":"Gremlin Gang","floor":10,"turns":4},{"damage":26,"enemies":"Gremlin Nob","floor":14,"turns":4},{"damage":56,"enemies":"The Guardian","floor":16,"turns":10}],"seed_played":"8516024389161303593","potions_obtained":[{"floor":1,"key":"AttackPotion"},{"floor":3,"key":"Energy Potion"},{"floor":6,"key":"EssenceOfSteel"}],"is_trial":false,"path_per_floor":["M","M","M","?","$","E","?","M","T","M","R","?","$","E","R","B"],"character_chosen":"IRONCLAD","items_purchased":["Purity","Flex"],"campfire_rested":2,"item_purchase_floors":[5,5],"current_hp_per_floor":[68,68,65,65,65,46,46,48,48,36,56,56,56,36,56,0],"gold":98,"neow_bonus":"ONE_RARE_RELIC","is_prod":false,"is_daily":false,"chose_seed":false,"campfire_upgraded":0,"win_rate":0,"timestamp":1541338334,"path_taken":["M","?","?","?","?","E","?","M","T","?","R","?","?","E","R","BOSS"],"build_version":"2018-11-01","purchased_purges":0,"victory":false,"max_hp_per_floor":[68,68,68,68,68,68,68,68,68,68,68,68,68,68,68,68],"card_choices":[{"not_picked":["Disarm","Shrug It Off"],"picked":"Flex","floor":1},{"not_picked":["Battle Trance","Havoc"],"picked":"Clash","floor":2},{"not_picked":["Ghostly Armor","Pommel Strike","Wild Strike"],"picked":"SKIP","floor":3},{"not_picked":["Combust","Spot Weakness","Shrug It Off"],"picked":"SKIP","floor":6},{"not_picked":["Feel No Pain","Hemokinesis"],"picked":"Flex","floor":8},{"not_picked":["Shrug It Off","Twin Strike","Perfected Strike"],"picked":"SKIP","floor":10},{"not_picked":["Cleave","Carnage","Spot Weakness"],"picked":"SKIP","floor":14}],"player_experience":509298,"relics_obtained":[{"floor":6,"key":"Potion Belt"},{"floor":9,"key":"War Paint"},{"floor":14,"key":"Ornamental Fan"}],"event_choices":[{"cards_removed":["Bash"],"damage_healed":0,"gold_gain":0,"player_choice":"Forget","damage_taken":0,"max_hp_gain":0,"max_hp_loss":0,"event_name":"Living Wall","floor":4,"gold_loss":0},{"damage_healed":0,"gold_gain":0,"cards_transformed":["Strike_R"],"player_choice":"Transformed","damage_taken":0,"max_hp_gain":0,"max_hp_loss":0,"event_name":"Transmorgrifier","floor":7,"gold_loss":0,"cards_obtained":["Brutality"]},{"damage_healed":0,"gold_gain":0,"player_choice":"Upgraded","damage_taken":0,"max_hp_gain":0,"max_hp_loss":0,"event_name":"Upgrade Shrine","floor":12,"gold_loss":0,"cards_upgraded":["Clash"]}],"is_beta":false,"boss_relics":[],"items_purged_floors":[],"is_endless":false,"potions_floor_spawned":[1,3,6],"killed_by":"The Guardian","ascension_level":14}