{"gold_per_floor":[113,123,9,25,45,45,45,45,45,74,93,93,126,28,28,135,147,147,171,183,206,218,230,242],"floor_reached":24,"playtime":1196,"items_purged":["Clumsy"],"score":283,"play_id":"50c28534-ac81-4d02-9d08-1dc7bb88d1a0","local_time":"20190128234044","is_ascension_mode":true,"campfire_choices":[{"data":"Capacitor","floor":7,"key":"SMITH"},{"data":"Glacier","floor":12,"key":"SMITH"},{"floor":15,"key":"DIG"},{"floor":23,"key":"REST"}],"neow_cost":"CURSE","seed_source_timestamp":1047832543860601,"circlet_count":0,"master_deck":["Strike_B","Strike_B","Strike_B","Strike_B","Defend_B","Defend_B","Defend_B","Defend_B","Zap+1","Dualcast","Beam Cell","Capacitor+1","Reinforced Body","Ball Lightning","FTL","Glacier+1","Conserve Battery","Dark Shackles","Buffer","Cold Snap+1","Coolheaded+1","Zap+1","Steam","Decay"],"relics":["FrozenCore","Torii","Peace Pipe","PreservedInsect","Odd Mushroom","Shovel","MawBank"],"potions_floor_usage":[11,24],"damage_taken":[{"damage":1,"enemies":"Jaw Worm","floor":1,"turns":3},{"damage":0,"enemies":"Small Slimes","floor":2,"turns":3},{"damage":0,"enemies":"Cultist","floor":4,"turns":5},{"damage":7,"enemies":"Looter","floor":5,"turns":3},{"damage":6,"enemies":"The Mushroom Lair","floor":10,"turns":4},{"damage":1,"enemies":"Lots of Slimes","floor":11,"turns":4},{"damage":7,"enemies":"3 Sentries","floor":13,"turns":6},{"damage":0,"enemies":"The Guardian","floor":16,"turns":14},{"damage":9,"enemies":"2 Thieves","floor":18,"turns":5},{"damage":2,"enemies":"Shell Parasite","floor":19,"turns":8},{"damage":7,"enemies":"Snecko","floor":21,"turns":9},{"damage":104,"enemies":"Gremlin Leader","floor":24,"turns":14}],"seed_played":"6041016440126887553","potions_obtained":[{"floor":4,"key":"SteroidPotion"},{"floor":10,"key":"Poison Potion"},{"floor":13,"key":"SpeedPotion"},{"floor":18,"key":"FocusPotion"},{"floor":19,"key":"AttackPotion"}],"is_trial":false,"path_per_floor":["M","M","$","M","M","?","R","T","T","?","M","R","E","$","R","B",null,"M","M","?","M","?","R","E"],"character_chosen":"DEFECT","items_purchased":["Reinforced Body","Dark Shackles"],"campfire_rested":1,"item_purchase_floors":[3,14],"current_hp_per_floor":[74,74,74,74,67,67,67,67,67,61,60,60,53,53,53,53,75,66,64,64,57,57,75,0],"gold":242,"neow_bonus":"ONE_RARE_RELIC","is_prod":false,"is_daily":false,"chose_seed":false,"campfire_upgraded":2,"win_rate":0,"timestamp":1548736844,"path_taken":["M","M","$","M","M","?","R","?","T","?","M","R","E","$","R","BOSS","M","M","?","?","?","R","E"],"build_version":"2019-01-23","purchased_purges":1,"victory":false,"max_hp_per_floor":[75,75,75,75,75,75,75,75,75,75,75,75,75,75,75,75,75,75,75,75,75,75,75,75],"card_choices":[{"not_picked":["Stack","Barrage"],"picked":"Beam Cell","floor":1},{"not_picked":["Steam","Static Discharge"],"picked":"Capacitor","floor":2},{"not_picked":["Consume","Fusion"],"picked":"Ball Lightning","floor":4},{"not_picked":["Stack","Lockon"],"picked":"FTL","floor":5},{"not_picked":["Storm","Stack"],"picked":"Glacier","floor":10},{"not_picked":["Fusion","Steam Power","Heatsinks"],"picked":"SKIP","floor":11},{"not_picked":["Core Surge","Reinforced Body"],"picked":"Conserve Battery","floor":13},{"not_picked":["Amplify","Rainbow"],"picked":"Buffer","floor":16},{"not_picked":["Stack","Chill+1"],"picked":"Cold Snap+1","floor":18},{"not_picked":["Redo","Rebound"],"picked":"Coolheaded+1","floor":19},{"not_picked":["Leap","Rip and Tear"],"picked":"Steam","floor":21}],"player_experience":251467,"relics_obtained":[{"floor":8,"key":"Peace Pipe"},{"floor":9,"key":"PreservedInsect"},{"floor":10,"key":"Odd Mushroom"},{"floor":13,"key":"Shovel"},{"floor":15,"key":"MawBank"}],"event_choices":[{"damage_healed":0,"gold_gain":0,"player_choice":"Grow","damage_taken":0,"max_hp_gain":0,"max_hp_loss":0,"event_name":"Living Wall","floor":6,"gold_loss":0,"cards_upgraded":["Zap"]},{"damage_healed":0,"gold_gain":0,"player_choice":"Fought Mushrooms","damage_taken":0,"max_hp_gain":0,"max_hp_loss":0,"event_name":"Mushrooms","floor":10,"gold_loss":0},{"damage_healed":0,"gold_gain":0,"player_choice":"Copied","damage_taken":0,"max_hp_gain":0,"max_hp_loss":0,"event_name":"Duplicator","floor":20,"gold_loss":0,"cards_obtained":["Zap"]},{"damage_healed":0,"gold_gain":0,"player_choice":"Cursed","damage_taken":0,"max_hp_gain":0,"max_hp_loss":0,"event_name":"Wheel of Change","floor":22,"gold_loss":0,"cards_obtained":["Decay"]}],"is_beta":false,"boss_relics":[{"not_picked":["Philosopher\u0027s Stone","Velvet Choker"],"picked":"FrozenCore"}],"items_purged_floors":[3],"is_endless":false,"potions_floor_spawned":[4,10,13,18,19],"killed_by":"Gremlin Leader","ascension_level":3}