{"gold_per_floor":[112,62,62,62,78,117,117,137,164,207,230,74,74],"floor_reached":13,"playtime":690,"items_purged":[],"score":112,"play_id":"9ae2ae84-89f5-4cb0-81a5-ff465ac58f37","local_time":"20190212114540","is_ascension_mode":true,"campfire_choices":[{"data":"Rainbow","floor":7,"key":"SMITH"}],"neow_cost":"NONE","seed_source_timestamp":388911790770856,"circlet_count":0,"master_deck":["Strike_B","Strike_B","Strike_B","Defend_B","Defend_B","Defend_B","Defend_B","Zap","Dualcast","Fission","Ball Lightning","Cold Snap","Rainbow+1","Glacier","Fusion","Go for the Eyes"],"relics":["Cracked Core","Golden Idol","Matryoshka","Omamori","Bag of Marbles","Orichalcum","Ancient Tea Set","Happy Flower"],"potions_floor_usage":[10,11,13],"damage_taken":[{"damage":0,"enemies":"2 Louse","floor":1,"turns":3},{"damage":0,"enemies":"Small Slimes","floor":5,"turns":2},{"damage":25,"enemies":"Gremlin Nob","floor":6,"turns":4},{"damage":0,"enemies":"Jaw Worm","floor":8,"turns":1},{"damage":13,"enemies":"3 Sentries","floor":10,"turns":9},{"damage":2,"enemies":"Gremlin Gang","floor":11,"turns":4},{"damage":17,"enemies":"Lagavulin","floor":13,"turns":6}],"seed_played":"6954422439357743758","potions_obtained":[{"floor":6,"key":"PowerPotion"},{"floor":8,"key":"AttackPotion"},{"floor":10,"key":"FocusPotion"}],"is_trial":false,"path_per_floor":["?","?","T","M"],"character_chosen":"DEFECT","items_purchased":["Happy Flower"],"campfire_rested":0,"item_purchase_floors":[12],"current_hp_per_floor":[75,75,57,57,57,32,32,32,32,19,17,17,0],"gold":74,"neow_bonus":"ONE_RANDOM_RARE_CARD","is_prod":false,"is_daily":false,"chose_seed":false,"campfire_upgraded":1,"win_rate":0,"timestamp":1549968340,"path_taken":["M","?","?","?","?","E","R","M","T","E","M","$","E"],"build_version":"2019-01-23","purchased_purges":0,"victory":false,"max_hp_per_floor":[75,75,75,75,75,75,75,75,75,75,75,75,75],"card_choices":[{"not_picked":["Barrage","Go for the Eyes"],"picked":"Ball Lightning","floor":1},{"not_picked":["Hologram","Ball Lightning"],"picked":"Cold Snap","floor":5},{"not_picked":["Storm","Blizzard"],"picked":"Rainbow","floor":6},{"not_picked":["Coolheaded","Melter"],"picked":"Glacier","floor":8},{"not_picked":["Steam","Static Discharge"],"picked":"Fusion","floor":10},{"not_picked":["Leap","Double Energy"],"picked":"Go for the Eyes","floor":11}],"player_experience":137005,"relics_obtained":[{"floor":4,"key":"Matryoshka"},{"floor":6,"key":"Omamori"},{"floor":9,"key":"Bag of Marbles"},{"floor":9,"key":"Orichalcum"},{"floor":10,"key":"Ancient Tea Set"}],"event_choices":[{"cards_removed":["Strike_B"],"damage_healed":0,"gold_gain":0,"player_choice":"Card Removal","damage_taken":0,"max_hp_gain":0,"max_hp_loss":0,"event_name":"The Cleric","floor":2,"gold_loss":50},{"damage_healed":0,"gold_gain":0,"player_choice":"Take Damage","damage_taken":18,"relics_obtained":["Golden Idol"],"max_hp_gain":0,"max_hp_loss":0,"event_name":"Golden Idol","floor":3,"gold_loss":0}],"is_beta":false,"boss_relics":[],"items_purged_floors":[],"is_endless":false,"potions_floor_spawned":[6,8,10],"killed_by":"Lagavulin","ascension_level":4}