{"gold_per_floor":[112,112,112,133,146,182,182,33,79,95,111,111,111,146,146,146],"floor_reached":16,"playtime":682,"items_purged":[],"score":176,"play_id":"e412d169-895d-4b07-a156-d5183257320b","local_time":"20190217180812","is_ascension_mode":true,"campfire_choices":[{"floor":7,"key":"REST"},{"floor":13,"key":"REST"},{"data":"Shockwave","floor":15,"key":"SMITH"}],"neow_cost":"NONE","seed_source_timestamp":254775290134200,"circlet_count":0,"master_deck":["AscendersBane","Strike_R","Strike_R","Strike_R","Strike_R","Strike_R","Defend_R","Defend_R","Defend_R","Defend_R","Bash","Reckless Charge","Rampage","Iron Wave","Shockwave+1","Heavy Blade","Exhume","Clothesline"],"relics":["Burning Blood","PreservedInsect","Golden Idol","Bag of Preparation","Vajra","Potion Belt","Frozen Egg 2"],"potions_floor_usage":[6,16],"damage_taken":[{"damage":7,"enemies":"Small Slimes","floor":1,"turns":4},{"damage":9,"enemies":"2 Louse","floor":4,"turns":3},{"damage":7,"enemies":"Jaw Worm","floor":5,"turns":2},{"damage":30,"enemies":"Lagavulin","floor":6,"turns":6},{"damage":24,"enemies":"Large Slime","floor":10,"turns":7},{"damage":1,"enemies":"Red Slaver","floor":11,"turns":4},{"damage":28,"enemies":"Gremlin Nob","floor":14,"turns":4},{"damage":43,"enemies":"The Guardian","floor":16,"turns":9}],"seed_played":"-8611105339054937133","potions_obtained":[{"floor":1,"key":"SkillPotion"},{"floor":5,"key":"SpeedPotion"},{"floor":6,"key":"EssenceOfSteel"}],"is_trial":false,"path_per_floor":["M","?","?","M","M","E","R","$","T","M","M","?","R","E","R","B"],"character_chosen":"IRONCLAD","items_purchased":["Vajra"],"campfire_rested":2,"item_purchase_floors":[8],"current_hp_per_floor":[71,76,55,52,51,27,52,52,52,34,39,39,64,42,42,0],"gold":146,"neow_bonus":"RANDOM_COMMON_RELIC","is_prod":false,"is_daily":false,"chose_seed":false,"campfire_upgraded":1,"win_rate":0,"timestamp":1550398092,"path_taken":["M","?","?","M","M","E","R","$","T","M","M","?","R","E","R","BOSS"],"build_version":"2019-01-23","purchased_purges":0,"victory":false,"max_hp_per_floor":[80,85,85,85,85,85,85,85,85,85,85,85,85,85,85,85],"card_choices":[{"not_picked":["Corruption","Thunderclap"],"picked":"Reckless Charge","floor":1},{"not_picked":["Sword Boomerang","Body Slam"],"picked":"Rampage","floor":4},{"not_picked":["Wild Strike","Havoc"],"picked":"Iron Wave","floor":5},{"not_picked":["Body Slam","Havoc"],"picked":"Shockwave","floor":6},{"not_picked":["Power Through","Reckless Charge"],"picked":"Heavy Blade","floor":10},{"not_picked":["Rupture","Iron Wave"],"picked":"Exhume","floor":11},{"not_picked":["True Grit","Disarm"],"picked":"Clothesline","floor":14}],"player_experience":383673,"relics_obtained":[{"floor":6,"key":"Bag of Preparation"},{"floor":9,"key":"Potion Belt"},{"floor":14,"key":"Frozen Egg 2"}],"event_choices":[{"damage_healed":0,"gold_gain":0,"player_choice":"Donut","damage_taken":0,"max_hp_gain":5,"max_hp_loss":0,"event_name":"Big Fish","floor":2,"gold_loss":0},{"damage_healed":0,"gold_gain":0,"player_choice":"Take Damage","damage_taken":21,"relics_obtained":["Golden Idol"],"max_hp_gain":0,"max_hp_loss":0,"event_name":"Golden Idol","floor":3,"gold_loss":0},{"damage_healed":0,"gold_gain":0,"player_choice":"Ignored","damage_taken":0,"max_hp_gain":0,"max_hp_loss":0,"event_name":"Liars Game","floor":12,"gold_loss":0}],"is_beta":false,"boss_relics":[],"items_purged_floors":[],"is_endless":false,"potions_floor_spawned":[1,5,6],"killed_by":"The Guardian","ascension_level":12}