{"gold_per_floor":[115,127,127,52,66,66,83,114,141,161,175,193,193,203,203,303,303,323,305,325,152,172,204,129,145,195,207,218,247,247,265,265,265],"floor_reached":33,"playtime":18623,"items_purged":["Strike_R","Battle Trance"],"score":322,"play_id":"e04fb566-b3d1-4b66-a7c3-a9e6b896fe8a","local_time":"20190126204527","is_ascension_mode":false,"campfire_choices":[{"data":"Battle Trance","floor":6,"key":"SMITH"},{"data":"Spot Weakness","floor":13,"key":"SMITH"},{"data":"Disarm","floor":15,"key":"SMITH"},{"floor":32,"key":"REST"}],"neow_cost":"NONE","seed_source_timestamp":621385130529224,"circlet_count":0,"master_deck":["Bash","Pommel Strike+1","Battle Trance+1","Flame Barrier","Heavy Blade","Spot Weakness+1","Disarm+1","Limit Break","Second Wind","Second Wind","Disarm","Impervious","Dropkick+1","Fiend Fire","Shockwave","Spot Weakness","Inflame"],"relics":["Burning Blood","Strawberry","Vajra","Pandora\u0027s Box","Whetstone","Red Skull","Orichalcum"],"potions_floor_usage":[18,23,27,28,29,33,33,33],"damage_taken":[{"damage":14,"enemies":"Small Slimes","floor":1,"turns":4},{"damage":6,"enemies":"Cultist","floor":2,"turns":3},{"damage":2,"enemies":"2 Louse","floor":5,"turns":3},{"damage":3,"enemies":"2 Fungi Beasts","floor":7,"turns":5},{"damage":22,"enemies":"3 Sentries","floor":8,"turns":11},{"damage":6,"enemies":"3 Louse","floor":10,"turns":3},{"damage":10,"enemies":"Looter","floor":11,"turns":3},{"damage":20,"enemies":"Exordium Thugs","floor":12,"turns":4},{"damage":11,"enemies":"Lots of Slimes","floor":14,"turns":4},{"damage":15,"enemies":"Hexaghost","floor":16,"turns":8},{"damage":5,"enemies":"Chosen","floor":18,"turns":5},{"damage":6,"enemies":"2 Thieves","floor":19,"turns":4},{"damage":15,"enemies":"Shelled Parasite and Fungi","floor":20,"turns":4},{"damage":17,"enemies":"Centurion and Healer","floor":22,"turns":6},{"damage":44,"enemies":"Gremlin Leader","floor":23,"turns":7},{"damage":12,"enemies":"Snake Plant","floor":25,"turns":4},{"damage":8,"enemies":"Shelled Parasite and Fungi","floor":27,"turns":5},{"damage":14,"enemies":"Cultist and Chosen","floor":28,"turns":5},{"damage":18,"enemies":"Book of Stabbing","floor":29,"turns":4},{"damage":7,"enemies":"Snecko","floor":31,"turns":4},{"damage":51,"enemies":"Automaton","floor":33,"turns":6}],"seed_played":"4813514318593721785","potions_obtained":[{"floor":2,"key":"SpeedPotion"},{"floor":10,"key":"BloodPotion"},{"floor":12,"key":"Fire Potion"},{"floor":23,"key":"Poison Potion"},{"floor":25,"key":"Energy Potion"},{"floor":28,"key":"SteroidPotion"},{"floor":29,"key":"FearPotion"},{"floor":31,"key":"Swift Potion"}],"is_trial":false,"path_per_floor":["M","M","?","$","M","R","M","E","T","M","M","M","R","M","R","B",null,"M","M","M","$","M","E","?","M","T","M","M","E","?","M","R","B"],"character_chosen":"IRONCLAD","items_purchased":["Shockwave"],"campfire_rested":1,"item_purchase_floors":[21],"current_hp_per_floor":[72,72,72,72,76,76,79,70,70,70,66,52,52,47,47,38,87,87,87,78,78,67,37,37,31,31,29,21,9,9,8,34,0],"gold":265,"neow_bonus":"REMOVE_CARD","is_prod":false,"is_daily":false,"chose_seed":false,"campfire_upgraded":3,"win_rate":0.0,"timestamp":1548531927,"path_taken":["M","M","?","$","M","R","?","E","T","M","M","M","R","M","R","BOSS","M","M","M","$","M","E","?","M","T","M","M","E","?","M","R","BOSS"],"build_version":"2019-01-23","purchased_purges":2,"victory":false,"max_hp_per_floor":[80,80,80,80,80,80,80,87,87,87,87,87,87,87,87,87,87,87,87,87,87,87,87,87,87,87,87,87,87,87,87,87,87],"card_choices":[{"not_picked":["Armaments","Twin Strike"],"picked":"Pommel Strike","floor":1},{"not_picked":["Flex","Armaments"],"picked":"Dark Embrace","floor":2},{"not_picked":["Cleave","Thunderclap"],"picked":"Battle Trance","floor":5},{"not_picked":["Thunderclap","Rupture"],"picked":"Flame Barrier","floor":7},{"not_picked":["Cleave","Rupture"],"picked":"Heavy Blade","floor":8},{"not_picked":["Armaments","Twin Strike"],"picked":"Spot Weakness","floor":10},{"not_picked":["Seeing Red","Brutality","Searing Blow"],"picked":"SKIP","floor":11},{"not_picked":["Dual Wield","Blood for Blood","Clash"],"picked":"SKIP","floor":12},{"not_picked":["Flex","Power Through"],"picked":"Disarm","floor":14},{"not_picked":["Bludgeon","Berserk"],"picked":"Limit Break","floor":16},{"not_picked":["Cleave","True Grit","Warcry"],"picked":"SKIP","floor":18},{"not_picked":["Cleave","Armaments","Flex"],"picked":"SKIP","floor":19},{"not_picked":["Clash","Anger","True Grit"],"picked":"SKIP","floor":20},{"not_picked":["Intimidate+1","Armaments","Headbutt"],"picked":"SKIP","floor":22},{"not_picked":["Demon Form","Dropkick"],"picked":"Spot Weakness","floor":23},{"not_picked":["True Grit","Armaments","Flex"],"picked":"SKIP","floor":25},{"not_picked":["Anger+1","Clothesline+1","Clash"],"picked":"SKIP","floor":27},{"not_picked":["Warcry+1","Pommel Strike","Shrug It Off"],"picked":"SKIP","floor":28},{"not_picked":["Spot Weakness+1","Armaments+1"],"picked":"Inflame","floor":29},{"not_picked":["Armaments","True Grit","Pommel Strike"],"picked":"SKIP","floor":31}],"player_experience":88949,"relics_obtained":[{"floor":8,"key":"Strawberry"},{"floor":9,"key":"Vajra"},{"floor":23,"key":"Whetstone"},{"floor":26,"key":"Red Skull"},{"floor":29,"key":"Orichalcum"}],"event_choices":[{"damage_healed":0,"gold_gain":0,"player_choice":"Bought 0 Potions","damage_taken":0,"max_hp_gain":0,"max_hp_loss":0,"event_name":"The Woman in Blue","floor":3,"gold_loss":0},{"cards_removed":["Dark Embrace"],"damage_healed":0,"gold_gain":0,"player_choice":"Gave Gold","damage_taken":0,"max_hp_gain":0,"max_hp_loss":0,"event_name":"Beggar","floor":24,"gold_loss":75},{"damage_healed":0,"gold_gain":0,"player_choice":"Ignored","damage_taken":0,"max_hp_gain":0,"max_hp_loss":0,"event_name":"Vampires","floor":30,"gold_loss":0}],"is_beta":false,"boss_relics":[{"not_picked":["White Beast Statue","Sozu"],"picked":"Pandora\u0027s Box"}],"items_purged_floors":[4,21],"is_endless":false,"potions_floor_spawned":[2,10,12,14,23,25,28,29,31],"killed_by":"Automaton","ascension_level":0}