{"gold_per_floor":[118,136,101,112,131,131,142,142,142,142,217,228,228,256,256,330,330,346,363,383,113,130,130,164,164,188,206,220,135,165,184,184,184],"floor_reached":33,"playtime":2680,"items_purged":[],"score":509,"play_id":"bcf05a6c-03d7-4d25-90e3-05a6cc0db0c4","local_time":"20181216122502","is_ascension_mode":true,"campfire_choices":[{"data":"Mind Blast","floor":6,"key":"SMITH"},{"data":"Armaments","floor":8,"key":"SMITH"},{"data":"Iron Wave","floor":10,"key":"SMITH"},{"floor":15,"key":"REST"},{"data":"Dual Wield","floor":23,"key":"SMITH"},{"data":"Chrysalis","floor":25,"key":"SMITH"},{"data":"Intimidate","floor":32,"key":"SMITH"}],"neow_cost":"PERCENT_DAMAGE","seed_source_timestamp":4563698996370,"circlet_count":0,"master_deck":["AscendersBane","Strike_R","Strike_R","Strike_R","Strike_R","Strike_R","Defend_R","Defend_R","Defend_R","Defend_R","Bash","Mind Blast+1","Discovery","Iron Wave+1","Power Through","Headbutt","Dual Wield+1","Armaments+1","True Grit","Intimidate+1","Impervious","Shockwave","Second Wind","Infernal Blade","Chrysalis+1","Ghostly Armor","Inflame","Shockwave","Shrug It Off","Evolve+1","Impervious","Second Wind"],"relics":["Burning Blood","Gremlin Horn","Kunai","Coffee Dripper","Lantern","Blood Vial","Strawberry","Meat on the Bone"],"potions_floor_usage":[14,19,22,30,31,33],"damage_taken":[{"damage":6,"enemies":"2 Louse","floor":1,"turns":3},{"damage":10,"enemies":"Small Slimes","floor":2,"turns":3},{"damage":2,"enemies":"Jaw Worm","floor":4,"turns":4},{"damage":7,"enemies":"2 Fungi Beasts","floor":5,"turns":4},{"damage":10,"enemies":"Gremlin Gang","floor":7,"turns":4},{"damage":1,"enemies":"Blue Slaver","floor":12,"turns":3},{"damage":31,"enemies":"Gremlin Nob","floor":14,"turns":4},{"damage":29,"enemies":"Slime Boss","floor":16,"turns":9},{"damage":16,"enemies":"Spheric Guardian","floor":18,"turns":6},{"damage":7,"enemies":"Chosen","floor":19,"turns":6},{"damage":7,"enemies":"Centurion and Healer","floor":20,"turns":8},{"damage":9,"enemies":"Shelled Parasite and Fungi","floor":22,"turns":11},{"damage":16,"enemies":"Slavers","floor":24,"turns":8},{"damage":0,"enemies":"Sentry and Sphere","floor":27,"turns":5},{"damage":10,"enemies":"Cultist and Chosen","floor":28,"turns":6},{"damage":37,"enemies":"Book of Stabbing","floor":30,"turns":7},{"damage":3,"enemies":"Centurion and Healer","floor":31,"turns":6},{"damage":81,"enemies":"Champ","floor":33,"turns":13}],"seed_played":"3592034972952984005","potions_obtained":[{"floor":4,"key":"Weak Potion"},{"floor":7,"key":"FearPotion"},{"floor":18,"key":"Swift Potion"},{"floor":20,"key":"BloodPotion"},{"floor":27,"key":"Fire Potion"},{"floor":31,"key":"GamblersBrew"}],"is_trial":false,"path_per_floor":["M","M","?","M","M","R","M","R","T","R","?","M","?","E","R","B",null,"M","M","M","$","M","R","E","R","T","M","M","?","E","M","R","B"],"character_chosen":"IRONCLAD","items_purchased":["Chrysalis","Ghostly Armor"],"campfire_rested":1,"item_purchase_floors":[21,21],"current_hp_per_floor":[50,46,64,68,67,67,63,63,63,63,52,57,57,32,54,31,64,54,53,52,52,56,56,46,46,46,54,52,59,30,47,47,0],"gold":184,"neow_bonus":"RANDOM_COLORLESS_2","is_prod":false,"is_daily":false,"chose_seed":false,"campfire_upgraded":6,"win_rate":0,"timestamp":1544959502,"path_taken":["M","M","?","M","M","R","M","R","T","R","?","M","?","E","R","BOSS","M","M","M","$","M","R","E","R","T","M","M","?","E","M","R","BOSS"],"build_version":"2018-12-13","purchased_purges":0,"victory":false,"max_hp_per_floor":[75,75,75,75,75,75,75,75,75,75,75,75,75,75,75,75,75,75,75,75,75,75,75,75,75,75,75,75,82,82,82,82,82],"card_choices":[{"not_picked":["Havoc","Armaments"],"picked":"Iron Wave","floor":1},{"not_picked":["Anger","Metallicize"],"picked":"Power Through","floor":2},{"not_picked":["Fire Breathing","Havoc"],"picked":"Headbutt","floor":4},{"not_picked":["Flex","Cleave"],"picked":"Dual Wield","floor":5},{"not_picked":["Carnage","Twin Strike"],"picked":"Armaments","floor":7},{"not_picked":["Combust","Infernal Blade"],"picked":"True Grit","floor":12},{"not_picked":["Uppercut","Headbutt"],"picked":"Intimidate","floor":14},{"not_picked":["Demon Form","Barricade"],"picked":"Impervious","floor":16},{"not_picked":["Cleave","Hemokinesis"],"picked":"Shockwave","floor":18},{"not_picked":["Perfected Strike","Entrench"],"picked":"Second Wind","floor":19},{"not_picked":["Corruption","Combust"],"picked":"Infernal Blade","floor":20},{"not_picked":["Second Wind","Warcry"],"picked":"Inflame","floor":22},{"not_picked":["Uppercut","Sword Boomerang"],"picked":"Shockwave","floor":24},{"not_picked":["Flame Barrier","Cleave"],"picked":"Shrug It Off","floor":27},{"not_picked":["Perfected Strike","Body Slam"],"picked":"Evolve+1","floor":28},{"not_picked":["Exhume","Carnage"],"picked":"Impervious","floor":30},{"not_picked":["Havoc","Flex"],"picked":"Second Wind","floor":31}],"player_experience":628428,"relics_obtained":[{"floor":9,"key":"Gremlin Horn"},{"floor":14,"key":"Kunai"},{"floor":24,"key":"Lantern"},{"floor":26,"key":"Blood Vial"},{"floor":30,"key":"Meat on the Bone"}],"event_choices":[{"damage_healed":18,"gold_gain":0,"player_choice":"Healed","damage_taken":0,"max_hp_gain":0,"max_hp_loss":0,"event_name":"The Cleric","floor":3,"gold_loss":35},{"damage_healed":0,"gold_gain":75,"player_choice":"Gather Gold","damage_taken":11,"max_hp_gain":0,"max_hp_loss":0,"event_name":"World of Goop","floor":11,"gold_loss":0},{"damage_healed":0,"gold_gain":0,"player_choice":"Fled","damage_taken":0,"max_hp_gain":0,"max_hp_loss":0,"event_name":"Scrap Ooze","floor":13,"gold_loss":0},{"damage_healed":0,"gold_gain":0,"player_choice":"Obtained Relic","damage_taken":0,"relics_obtained":["Strawberry"],"max_hp_gain":0,"max_hp_loss":0,"event_name":"Addict","floor":29,"gold_loss":85}],"is_beta":false,"boss_relics":[{"not_picked":["Astrolabe","Tiny House"],"picked":"Coffee Dripper"}],"items_purged_floors":[],"is_endless":false,"potions_floor_spawned":[4,7,12,18,20,27,31],"killed_by":"Champ","ascension_level":15}