{"gold_per_floor":[110,110,110,110,32,32,42,42,69,101,131,143,181,206,218,331,393,425,437,364,394,151,151,162,162,185,196,196],"floor_reached":28,"playtime":995,"items_purged":[],"score":251,"play_id":"328b004d-5215-4f0e-9b8c-76b24eaa9848","local_time":"20190128232038","is_ascension_mode":true,"campfire_choices":[{"data":"Glacier","floor":6,"key":"SMITH"},{"data":"Beam Cell","floor":15,"key":"SMITH"},{"floor":23,"key":"REST"},{"floor":25,"key":"REST"}],"neow_cost":"NONE","seed_source_timestamp":1046826362481140,"circlet_count":0,"master_deck":["Strike_B","Strike_B","Strike_B","Strike_B","Defend_B","Defend_B+1","Defend_B","Defend_B+1","Zap+1","Dualcast","Glacier+1","Self Repair","Beam Cell+1","Hologram+1","Electrodynamics","Tempest","Coolheaded","Echo Form","Darkness","Consume+1","Beam Cell+1","Cold Snap","Blizzard+1"],"relics":["Cracked Core","War Paint","MawBank","Letter Opener","Tiny House","DataDisk","Runic Capacitor","Bronze Scales"],"potions_floor_usage":[16,21],"damage_taken":[{"damage":0,"enemies":"Jaw Worm","floor":1,"turns":4},{"damage":0,"enemies":"2 Louse","floor":7,"turns":3},{"damage":0,"enemies":"Small Slimes","floor":10,"turns":3},{"damage":0,"enemies":"Red Slaver","floor":11,"turns":4},{"damage":8,"enemies":"3 Sentries","floor":13,"turns":5},{"damage":9,"enemies":"3 Louse","floor":14,"turns":2},{"damage":13,"enemies":"The Guardian","floor":16,"turns":16},{"damage":15,"enemies":"Chosen","floor":18,"turns":5},{"damage":34,"enemies":"Colosseum Slavers","floor":19,"turns":5},{"damage":1,"enemies":"3 Byrds","floor":21,"turns":3},{"damage":43,"enemies":"Shelled Parasite and Fungi","floor":24,"turns":7},{"damage":48,"enemies":"Snake Plant","floor":27,"turns":3},{"damage":27,"enemies":"Cultist and Chosen","floor":28,"turns":4}],"seed_played":"-5436801708287225964","potions_obtained":[{"floor":7,"key":"Poison Potion"},{"floor":11,"key":"Swift Potion"},{"floor":16,"key":"Dexterity Potion"},{"floor":17,"key":"SpeedPotion"},{"floor":21,"key":"SteroidPotion"}],"is_trial":false,"path_per_floor":["M","?","$","?","$","R","M","?","T","M","M","?","E","M","R","B",null,"M","?","?","M","$","R","M","R","T","M","M"],"character_chosen":"DEFECT","items_purchased":["Self Repair","Runic Capacitor","Cold Snap"],"campfire_rested":2,"item_purchase_floors":[5,22,22],"current_hp_per_floor":[75,75,75,75,75,75,75,75,75,75,75,75,67,65,65,59,80,72,45,45,44,44,68,32,56,56,22,0],"gold":196,"neow_bonus":"RANDOM_COMMON_RELIC","is_prod":false,"is_daily":false,"chose_seed":false,"campfire_upgraded":2,"win_rate":0,"timestamp":1548735638,"path_taken":["M","?","$","?","$","R","M","?","T","?","M","?","E","M","R","BOSS","M","?","?","M","$","R","M","R","T","M","M"],"build_version":"2019-01-23","purchased_purges":0,"victory":false,"max_hp_per_floor":[75,75,75,75,75,75,75,75,75,75,75,75,75,75,75,75,80,80,80,80,80,80,80,80,80,80,80,80],"card_choices":[{"not_picked":["Leap","Sweeping Beam"],"picked":"Glacier","floor":1},{"not_picked":["Force Field","Scrape"],"picked":"Beam Cell","floor":7},{"not_picked":["Storm","Steam"],"picked":"Hologram","floor":10},{"not_picked":["Sweeping Beam","Chaos"],"picked":"Electrodynamics","floor":11},{"not_picked":["Compile Driver","Biased Cognition"],"picked":"Tempest","floor":13},{"not_picked":["Chill","Steam"],"picked":"Coolheaded","floor":14},{"not_picked":["Creative AI","Meteor Strike"],"picked":"Echo Form","floor":16},{"not_picked":["Steam","Barrage"],"picked":"Darkness","floor":17},{"not_picked":["Sweeping Beam","Fusion+1"],"picked":"Consume+1","floor":18},{"not_picked":["Reprogram+1","Turbo+1"],"picked":"Beam Cell+1","floor":21},{"not_picked":["Gash","Aggregate","Turbo"],"picked":"SKIP","floor":24},{"not_picked":["Recycle","Core Surge"],"picked":"Blizzard+1","floor":27}],"player_experience":250472,"relics_obtained":[{"floor":9,"key":"MawBank"},{"floor":13,"key":"Letter Opener"},{"floor":26,"key":"Bronze Scales"}],"event_choices":[{"damage_healed":0,"gold_gain":0,"player_choice":"Leave","damage_taken":0,"max_hp_gain":0,"max_hp_loss":0,"event_name":"The Cleric","floor":2,"gold_loss":0},{"damage_healed":0,"gold_gain":0,"player_choice":"Grow","damage_taken":0,"max_hp_gain":0,"max_hp_loss":0,"event_name":"Living Wall","floor":4,"gold_loss":0,"cards_upgraded":["Zap"]},{"damage_healed":0,"gold_gain":0,"player_choice":"Full Heal","damage_taken":0,"max_hp_gain":0,"max_hp_loss":0,"event_name":"Wheel of Change","floor":8,"gold_loss":0},{"damage_healed":0,"gold_gain":0,"player_choice":"Ignored","damage_taken":0,"max_hp_gain":0,"max_hp_loss":0,"event_name":"Golden Wing","floor":12,"gold_loss":0},{"damage_healed":0,"gold_gain":0,"player_choice":"Fight","damage_taken":0,"max_hp_gain":0,"max_hp_loss":0,"event_name":"Colosseum","floor":19,"gold_loss":0},{"damage_healed":0,"gold_gain":0,"player_choice":"Fled From Nobs","damage_taken":0,"max_hp_gain":0,"max_hp_loss":0,"event_name":"Colosseum","floor":19,"gold_loss":0},{"damage_healed":0,"gold_gain":0,"player_choice":"Obtained Relic","damage_taken":0,"relics_obtained":["DataDisk"],"max_hp_gain":0,"max_hp_loss":0,"event_name":"Addict","floor":20,"gold_loss":85}],"is_beta":false,"boss_relics":[{"not_picked":["Lizard Tail","Busted Crown"],"picked":"Tiny House"}],"items_purged_floors":[],"is_endless":false,"potions_floor_spawned":[7,11,16,19,21],"killed_by":"Cultist and Chosen","ascension_level":3}