{"gold_per_floor":[115,126,126,138,63,63,79,79,104,137,148,34,51,26,26,26],"floor_reached":16,"playtime":415,"items_purged":["Strike_B"],"score":204,"play_id":"dd730ede-3b0d-42cd-b219-ebaaca0cb255","local_time":"20190215154144","is_ascension_mode":true,"campfire_choices":[{"data":"Zap","floor":6,"key":"SMITH"},{"floor":8,"key":"REST"},{"floor":15,"key":"REST"}],"neow_cost":"NONE","seed_source_timestamp":167075100724253,"circlet_count":0,"master_deck":["AscendersBane","Strike_B","Strike_B","Defend_B","Defend_B","Defend_B","Defend_B","Zap+1","Dualcast","Capacitor","Recycle","FTL","Ball Lightning","Cold Snap","Reinforced Body","White Noise","Coolheaded"],"relics":["Cracked Core","Centennial Puzzle","Art of War"],"potions_floor_usage":[10,16],"damage_taken":[{"damage":9,"enemies":"2 Louse","floor":1,"turns":2},{"damage":6,"enemies":"Cultist","floor":2,"turns":3},{"damage":16,"enemies":"Small Slimes","floor":4,"turns":3},{"damage":8,"enemies":"Exordium Thugs","floor":7,"turns":4},{"damage":41,"enemies":"Gremlin Nob","floor":10,"turns":4},{"damage":10,"enemies":"Large Slime","floor":11,"turns":4},{"damage":1,"enemies":"Looter","floor":13,"turns":3},{"damage":26,"enemies":"Hexaghost","floor":16,"turns":11}],"seed_played":"4664255441160399947","potions_obtained":[{"floor":1,"key":"Ancient Potion"},{"floor":3,"key":"Explosive Potion"},{"floor":10,"key":"Swift Potion"},{"floor":13,"key":"FocusPotion"}],"is_trial":false,"path_per_floor":["M","M","?","M","?","R","M","R","T","E","M","$","M","$","R","B"],"character_chosen":"DEFECT","items_purchased":["Reinforced Body","Coolheaded"],"campfire_rested":2,"item_purchase_floors":[12,14],"current_hp_per_floor":[62,56,56,40,40,40,32,55,55,14,4,4,3,3,26,0],"gold":26,"neow_bonus":"TEN_PERCENT_HP_BONUS","is_prod":false,"is_daily":false,"chose_seed":false,"campfire_upgraded":1,"win_rate":0,"timestamp":1550205704,"path_taken":["M","M","?","?","?","R","M","R","T","E","M","?","?","$","R","BOSS"],"build_version":"2019-01-23","purchased_purges":1,"victory":false,"max_hp_per_floor":[78,78,78,78,78,78,78,78,78,78,78,78,78,78,78,78],"card_choices":[{"not_picked":["Recycle","Hologram"],"picked":"Capacitor","floor":1},{"not_picked":["Beam Cell","Leap"],"picked":"Recycle","floor":2},{"not_picked":["Steam Power","Auto Shields"],"picked":"FTL","floor":4},{"not_picked":["Go for the Eyes","Chaos"],"picked":"Ball Lightning","floor":7},{"not_picked":["Rebound","Barrage","Loop"],"picked":"SKIP","floor":10},{"not_picked":["Hologram","Blizzard"],"picked":"Cold Snap","floor":11},{"not_picked":["Sweeping Beam","Compile Driver"],"picked":"White Noise","floor":13}],"player_experience":349755,"relics_obtained":[{"floor":9,"key":"Centennial Puzzle"},{"floor":10,"key":"Art of War"}],"event_choices":[{"damage_healed":0,"gold_gain":0,"player_choice":"Got Potions","damage_taken":0,"max_hp_gain":0,"max_hp_loss":0,"event_name":"Lab","floor":3,"gold_loss":0},{"cards_removed":["Strike_B"],"damage_healed":0,"gold_gain":0,"player_choice":"Card Removal","damage_taken":0,"max_hp_gain":0,"max_hp_loss":0,"event_name":"The Cleric","floor":5,"gold_loss":75}],"is_beta":false,"boss_relics":[],"items_purged_floors":[12],"is_endless":false,"potions_floor_spawned":[1,4,10,11,13],"killed_by":"Hexaghost","ascension_level":20}