{"gold_per_floor":[115,65,65,65,76,76,104,119,119,119,151,151,151,169,169,274,274,291,109,122,122,136,136,165,165,191,191,191,219,219],"floor_reached":30,"playtime":772,"items_purged":["Meteor Strike+1"],"score":463,"play_id":"a1259d23-f665-4798-8850-2842c2e40d95","local_time":"20190201144041","is_ascension_mode":true,"campfire_choices":[{"data":"Zap","floor":6.0,"key":"SMITH"},{"data":"Sunder","floor":10.0,"key":"SMITH"},{"data":"Dualcast","floor":13.0,"key":"SMITH"},{"data":"Leap","floor":15.0,"key":"SMITH"},{"data":"Conserve Battery","floor":23.0,"key":"SMITH"},{"floor":27.0,"key":"REST"}],"neow_cost":"NONE","seed_source_timestamp":1018344939191680,"circlet_count":0,"master_deck":["AscendersBane","Defend_B","Defend_B","Defend_B","Zap+1","Dualcast+1","Coolheaded","Gash","Leap+1","Sunder+1","White Noise","Scrape","Electrodynamics","Darkness+1","Leap+1","Gash","Cold Snap","Capacitor","Steam","Conserve Battery+1","Chill","Necronomicurse","Cold Snap+1"],"special_seed":0,"relics":["Cracked Core","NeowsBlessing","Question Card","Symbiotic Virus","PreservedInsect","Astrolabe","Pocketwatch","Turnip","Necronomicon","Potion Belt"],"potions_floor_usage":[],"damage_taken":[{"damage":0.0,"enemies":"2 Louse","floor":1.0,"turns":1.0},{"damage":0.0,"enemies":"Small Slimes","floor":5.0,"turns":1.0},{"damage":0.0,"enemies":"3 Sentries","floor":7.0,"turns":1.0},{"damage":7.0,"enemies":"Jaw Worm","floor":8.0,"turns":4.0},{"damage":36.0,"enemies":"Gremlin Nob","floor":11.0,"turns":4.0},{"damage":0.0,"enemies":"2 Fungi Beasts","floor":14.0,"turns":2.0},{"damage":22.0,"enemies":"Hexaghost","floor":16.0,"turns":11.0},{"damage":0.0,"enemies":"Chosen","floor":18.0,"turns":4.0},{"damage":22.0,"enemies":"2 Thieves","floor":20.0,"turns":3.0},{"damage":23.0,"enemies":"Centurion and Healer","floor":22.0,"turns":5.0},{"damage":20.0,"enemies":"Book of Stabbing","floor":24.0,"turns":5.0},{"damage":14.0,"enemies":"Slavers","floor":29.0,"turns":6.0},{"damage":16,"enemies":"Snake Plant","floor":30,"turns":1}],"seed_played":"-3990650348422452612","potions_obtained":[{"floor":11.0,"key":"Ancient Potion"},{"floor":14.0,"key":"Energy Potion"},{"floor":18.0,"key":"Regen Potion"},{"floor":22.0,"key":"Regen Potion"}],"is_trial":false,"path_per_floor":["M","?","$","?","M","R","E","M","T","R","E","?","R","M","R","B",null,"M","$","M","?","M","R","E","?","T","R","?","E","M"],"character_chosen":"DEFECT","items_purchased":["Cold Snap","Capacitor"],"campfire_rested":1,"item_purchase_floors":[19,19],"current_hp_per_floor":[68,68,68,68,68,68,68,61,61,61,25,25,25,25,25,3,57,57,57,35,35,26,26,20,4,4,26,26,12,0],"gold":219,"neow_bonus":"THREE_ENEMY_KILL","is_prod":false,"is_daily":false,"chose_seed":false,"campfire_upgraded":5,"win_rate":0,"timestamp":1549053641,"path_taken":["M","?","$","?","M","R","E","M","T","R","E","?","R","M","R","BOSS","M","$","M","?","M","R","E","?","T","R","?","E","?"],"build_version":"2019-01-23","purchased_purges":1,"victory":false,"max_hp_per_floor":[75,75,75,75,75,75,75,75,75,75,75,75,75,75,75,75,75,75,75,75,75,75,75,75,75,75,75,75,75,75],"card_choices":[{"not_picked":["Barrage","Turbo"],"picked":"Coolheaded","floor":1.0},{"not_picked":["Steam","Capacitor"],"picked":"Gash","floor":5.0},{"not_picked":["Turbo","Sweeping Beam"],"picked":"Leap","floor":7.0},{"not_picked":["Reinforced Body","Compile Driver","Lockon"],"picked":"Sunder","floor":8.0},{"not_picked":["Barrage","FTL","Compile Driver"],"picked":"White Noise","floor":11.0},{"not_picked":["Meteor Strike","Hello World","Barrage"],"picked":"Scrape","floor":14.0},{"not_picked":["Core Surge","Seek","Creative AI"],"picked":"Electrodynamics","floor":16.0},{"not_picked":["Auto Shields","Compile Driver","Beam Cell"],"picked":"Gash","floor":18.0},{"not_picked":["Recycle","Heatsinks","Aggregate+1"],"picked":"Steam","floor":20.0},{"not_picked":["Rebound","Streamline+1","Compile Driver"],"picked":"Conserve Battery","floor":22.0},{"not_picked":["Lockon+1","Hologram","Streamline"],"picked":"Chill","floor":24.0},{"not_picked":["Gash","Ball Lightning","Hologram+1"],"picked":"Cold Snap+1","floor":29.0}],"player_experience":156721,"relics_obtained":[{"floor":7.0,"key":"Question Card"},{"floor":9.0,"key":"Symbiotic Virus"},{"floor":11.0,"key":"PreservedInsect"},{"floor":24.0,"key":"Turnip"},{"floor":25.0,"key":"Necronomicon"},{"floor":29.0,"key":"Potion Belt"}],"event_choices":[{"cards_removed":["Strike_B"],"damage_healed":0.0,"max_hp_gain":0.0,"max_hp_loss":0.0,"gold_gain":0.0,"event_name":"The Cleric","player_choice":"Card Removal","floor":2.0,"gold_loss":50.0,"damage_taken":0.0},{"cards_removed":["Strike_B"],"damage_healed":0.0,"max_hp_gain":0.0,"max_hp_loss":0.0,"gold_gain":0.0,"event_name":"Living Wall","player_choice":"Forget","floor":4.0,"gold_loss":0.0,"damage_taken":0.0},{"damage_healed":0.0,"max_hp_gain":0.0,"max_hp_loss":0.0,"gold_gain":0.0,"event_name":"Liars Game","player_choice":"Ignored","floor":12.0,"gold_loss":0.0,"damage_taken":0.0},{"damage_healed":0.0,"max_hp_gain":0.0,"max_hp_loss":0.0,"gold_gain":0.0,"event_name":"The Mausoleum","player_choice":"Opened","floor":21.0,"gold_loss":0.0,"damage_taken":0.0,"relics_obtained":["Pocketwatch"],"cards_obtained":["Writhe"]},{"damage_healed":0.0,"max_hp_gain":0.0,"max_hp_loss":0.0,"gold_gain":0.0,"event_name":"Cursed Tome","player_choice":"Obtained Book","floor":25.0,"gold_loss":0.0,"damage_taken":16.0},{"cards_removed":["Writhe"],"damage_healed":0.0,"max_hp_gain":0.0,"max_hp_loss":0.0,"gold_gain":0.0,"event_name":"Fountain of Cleansing","player_choice":"Removed Curses","floor":28.0,"gold_loss":0.0,"damage_taken":0.0}],"is_beta":false,"boss_relics":[{"not_picked":["Black Star","Tiny House"],"picked":"Astrolabe"}],"items_purged_floors":[19],"is_endless":false,"potions_floor_spawned":[11,14,16,18,22],"killed_by":"Snake Plant","ascension_level":11}