{"gold_per_floor":[11,23,23,43,43,43,73,86,86,146,164,10,41,52,52,123,123,135,135,153,50,67,67,82,115,141,141,141,160,0,17,17,89,89,104,104,118,118,132,132,148,148,172,192,292,94,107,126,126,126],"floor_reached":51,"playtime":2746,"items_purged":["Strike_B"],"score":1069,"play_id":"867fc1e6-f7bf-49f7-ae8f-9c108c6dff4d","local_time":"20190208134441","is_ascension_mode":true,"campfire_choices":[{"data":"Go for the Eyes","floor":6.0,"key":"SMITH"},{"data":"Defragment","floor":15.0,"key":"SMITH"},{"data":"Genetic Algorithm","floor":23.0,"key":"SMITH"},{"data":"Coolheaded","floor":27.0,"key":"SMITH"},{"data":"Go for the Eyes","floor":32.0,"key":"SMITH"},{"data":"Force Field","floor":40.0,"key":"SMITH"},{"floor":49,"key":"DIG"}],"neow_cost":"NO_GOLD","seed_source_timestamp":0,"circlet_count":0,"master_deck":["AscendersBane","Defend_B+1","Zap+1","Dualcast+1","Ball Lightning","Gash","Go for the Eyes+1","Self Repair","Leap","Scrape","Steam Power","Defragment+1","Gash","Cold Snap","Electrodynamics","BootSequence+1","Heatsinks+1","Go for the Eyes+1","Hologram","Rip and Tear","Coolheaded+1","Cold Snap","Leap","Genetic Algorithm+1","Coolheaded","Ball Lightning","Redo","Seek","Tempest+1","Force Field+1","Go for the Eyes+1","Cold Snap","Double Energy","Turbo+1"],"special_seed":0,"relics":["FrozenCore","Art of War","Ornamental Fan","Mango","Ginger","Astrolabe","Orichalcum","DataDisk","Nilry\u0027s Codex","Regal Pillow","Shovel","Lee\u0027s Waffle","Turnip"],"potions_floor_usage":[50,50],"damage_taken":[{"damage":0.0,"enemies":"Small Slimes","floor":1.0,"turns":3.0},{"damage":4.0,"enemies":"Jaw Worm","floor":2.0,"turns":3.0},{"damage":0.0,"enemies":"2 Louse","floor":4.0,"turns":2.0},{"damage":19.0,"enemies":"3 Sentries","floor":7.0,"turns":6.0},{"damage":8.0,"enemies":"Looter","floor":8.0,"turns":3.0},{"damage":13.0,"enemies":"Gremlin Nob","floor":10.0,"turns":4.0},{"damage":2.0,"enemies":"Exordium Wildlife","floor":11.0,"turns":4.0},{"damage":7.0,"enemies":"Lagavulin","floor":13.0,"turns":5.0},{"damage":0.0,"enemies":"Red Slaver","floor":14.0,"turns":3.0},{"damage":13.0,"enemies":"The Guardian","floor":16.0,"turns":11.0},{"damage":2.0,"enemies":"Shell Parasite","floor":18.0,"turns":4.0},{"damage":0.0,"enemies":"Chosen","floor":20.0,"turns":4.0},{"damage":0.0,"enemies":"Centurion and Healer","floor":22.0,"turns":6.0},{"damage":31.0,"enemies":"Sentry and Sphere","floor":24.0,"turns":4.0},{"damage":12.0,"enemies":"Gremlin Leader","floor":25.0,"turns":7.0},{"damage":0.0,"enemies":"3 Cultists","floor":29.0,"turns":3.0},{"damage":9.0,"enemies":"Shelled Parasite and Fungi","floor":31.0,"turns":6.0},{"damage":28.0,"enemies":"Collector","floor":33.0,"turns":11.0},{"damage":0.0,"enemies":"Orb Walker","floor":35.0,"turns":5.0},{"damage":28.0,"enemies":"3 Darklings","floor":37.0,"turns":7.0},{"damage":16.0,"enemies":"Spire Growth","floor":39.0,"turns":6.0},{"damage":40.0,"enemies":"Jaw Worm Horde","floor":41.0,"turns":5.0},{"damage":35.0,"enemies":"Maw","floor":44.0,"turns":7.0},{"damage":15.0,"enemies":"Mind Bloom Boss Battle","floor":45.0,"turns":9.0},{"damage":10,"enemies":"Writhing Mass","floor":47,"turns":9},{"damage":4,"enemies":"3 Darklings","floor":48,"turns":4},{"damage":34,"enemies":"Time Eater","floor":50,"turns":15}],"seed_played":"-8688935157971557307","potions_obtained":[{"floor":4.0,"key":"SteroidPotion"},{"floor":8.0,"key":"Regen Potion"},{"floor":10.0,"key":"SteroidPotion"},{"floor":11.0,"key":"SkillPotion"},{"floor":14.0,"key":"FairyPotion"},{"floor":24.0,"key":"Energy Potion"},{"floor":29.0,"key":"Regen Potion"},{"floor":31.0,"key":"PowerPotion"},{"floor":35.0,"key":"EssenceOfSteel"},{"floor":41.0,"key":"Energy Potion"},{"floor":45.0,"key":"FocusPotion"}],"is_trial":false,"path_per_floor":["M","M","?","M","?","R","E","M","T","?","M","$","E","M","R","B",null,"M","?","M","$","M","R","M","E","T","R","?","M","?","M","R","B",null,"M","?","M","?","M","R","M","?","T","M","?","$","M","M","R","B",null],"character_chosen":"DEFECT","items_purchased":["Defragment","Cold Snap","Leap","Lee\u0027s Waffle"],"campfire_rested":0,"item_purchase_floors":[12,21,21,46],"current_hp_per_floor":[68,64,49,49,49,49,30,29,29,49,54,54,54,54,54,48,79,84,84,89,89,89,89,65,53,53,53,37,44,44,42,42,14,70,77,77,49,41,32,32,15,74,74,46,38,81,78,81,81,54],"gold":126,"neow_bonus":"REMOVE_TWO","is_prod":false,"is_daily":false,"chose_seed":false,"campfire_upgraded":6,"win_rate":0,"timestamp":1549655081,"path_taken":["M","M","?","M","?","R","E","M","T","?","M","?","E","M","R","BOSS","M","?","M","$","M","R","M","E","T","R","?","M","?","M","R","BOSS","M","?","M","?","M","R","?","?","T","M","?","$","M","M","R","BOSS"],"build_version":"2019-01-23","purchased_purges":1,"victory":true,"max_hp_per_floor":[75,75,75,75,75,75,75,75,75,89,89,89,89,89,89,89,89,89,89,89,89,89,89,89,89,89,89,89,89,89,89,89,89,89,89,85,85,85,85,85,85,74,74,74,74,81,81,81,81,81],"card_choices":[{"not_picked":["Recycle","Hologram"],"picked":"Ball Lightning","floor":1.0},{"not_picked":["Hologram","Static Discharge"],"picked":"Gash","floor":2.0},{"not_picked":["Auto Shields","Hologram"],"picked":"Go for the Eyes","floor":4.0},{"not_picked":["Hologram","Compile Driver"],"picked":"Self Repair","floor":7.0},{"not_picked":["Auto Shields","Tempest"],"picked":"Leap","floor":8.0},{"not_picked":["Hello World","Rebound"],"picked":"Scrape","floor":10.0},{"not_picked":["Steam","Barrage"],"picked":"Steam Power","floor":11.0},{"not_picked":["Buffer","Redo"],"picked":"Gash","floor":13.0},{"not_picked":["Gash","Steam Power"],"picked":"Cold Snap","floor":14.0},{"not_picked":["All For One","Echo Form"],"picked":"Electrodynamics","floor":16.0},{"not_picked":["Steam","Static Discharge"],"picked":"Go for the Eyes","floor":18.0},{"not_picked":["Force Field","Sunder"],"picked":"Coolheaded","floor":20.0},{"not_picked":["Auto Shields","Gash+1"],"picked":"Genetic Algorithm","floor":22.0},{"not_picked":["Rebound","Steam+1","Heatsinks"],"picked":"SKIP","floor":24.0},{"not_picked":["Doom and Gloom","Buffer"],"picked":"Coolheaded","floor":25.0},{"not_picked":["Barrage","Compile Driver"],"picked":"Ball Lightning","floor":29.0},{"not_picked":["Darkness","Steam"],"picked":"Redo","floor":31.0},{"not_picked":["Reboot","Amplify"],"picked":"Seek","floor":33.0},{"not_picked":["Barrage","Storm","Turbo"],"picked":"SKIP","floor":35.0},{"not_picked":["Stack","Hologram"],"picked":"Tempest+1","floor":37.0},{"not_picked":["Beam Cell","Compile Driver+1"],"picked":"Force Field","floor":39.0},{"not_picked":["Fusion","Steam","Redo"],"picked":"SKIP","floor":41.0},{"not_picked":["Rebound","Melter"],"picked":"Go for the Eyes+1","floor":44.0},{"not_picked":["Go for the Eyes","Multi-Cast"],"picked":"Cold Snap","floor":45.0},{"not_picked":["Steam","Sweeping Beam+1"],"picked":"Double Energy","floor":47},{"not_picked":["Go for the Eyes","Steam+1"],"picked":"Turbo+1","floor":48}],"player_experience":170840,"relics_obtained":[{"floor":7.0,"key":"Art of War"},{"floor":9.0,"key":"Ornamental Fan"},{"floor":10.0,"key":"Mango"},{"floor":13.0,"key":"Ginger"},{"floor":25.0,"key":"Orichalcum"},{"floor":26.0,"key":"DataDisk"},{"floor":28.0,"key":"Nilry\u0027s Codex"},{"floor":43.0,"key":"Regal Pillow"},{"floor":45.0,"key":"Shovel"},{"floor":49,"key":"Turnip"}],"event_choices":[{"damage_healed":0.0,"max_hp_gain":0.0,"max_hp_loss":0.0,"gold_gain":0.0,"event_name":"Shining Light","player_choice":"Entered Light","floor":3.0,"gold_loss":0.0,"damage_taken":15.0,"cards_upgraded":["Dualcast","Defend_B"]},{"damage_healed":0.0,"max_hp_gain":0.0,"max_hp_loss":0.0,"gold_gain":0.0,"event_name":"Living Wall","player_choice":"Grow","floor":5.0,"gold_loss":0.0,"damage_taken":0.0,"cards_upgraded":["Zap"]},{"damage_healed":0.0,"max_hp_gain":0.0,"max_hp_loss":0.0,"gold_gain":0.0,"event_name":"Dead Adventurer","player_choice":"Searched \u00271\u0027 times","floor":10.0,"gold_loss":0.0,"damage_taken":0.0},{"damage_healed":0.0,"max_hp_gain":0.0,"max_hp_loss":0.0,"gold_gain":0.0,"cards_transformed":["Strike_B","Meteor Strike"],"event_name":"Drug Dealer","player_choice":"Became Test Subject","floor":19.0,"gold_loss":0.0,"damage_taken":0.0,"cards_obtained":["Hologram","Rip and Tear"]},{"damage_healed":0.0,"max_hp_gain":0.0,"max_hp_loss":0.0,"gold_gain":0.0,"event_name":"Cursed Tome","player_choice":"Obtained Book","floor":28.0,"gold_loss":0.0,"damage_taken":16.0},{"damage_healed":0.0,"max_hp_gain":0.0,"max_hp_loss":0.0,"gold_gain":0.0,"event_name":"Masked Bandits","player_choice":"Paid Fearfully","floor":30.0,"gold_loss":160.0,"damage_taken":0.0},{"damage_healed":0.0,"max_hp_gain":0.0,"max_hp_loss":4.0,"gold_gain":0.0,"event_name":"Winding Halls","player_choice":"Max HP","floor":36.0,"gold_loss":0.0,"damage_taken":0.0},{"damage_healed":0.0,"max_hp_gain":0.0,"max_hp_loss":0.0,"gold_gain":0.0,"event_name":"Wheel of Change","player_choice":"Damaged","floor":38.0,"gold_loss":0.0,"damage_taken":8.0},{"damage_healed":74.0,"max_hp_gain":0.0,"max_hp_loss":11.0,"gold_gain":0.0,"event_name":"The Moai Head","player_choice":"Heal","floor":42.0,"gold_loss":0.0,"damage_taken":0.0},{"damage_healed":0.0,"max_hp_gain":0.0,"max_hp_loss":0.0,"gold_gain":0.0,"event_name":"MindBloom","player_choice":"Fight","floor":45.0,"gold_loss":0.0,"damage_taken":0.0}],"is_beta":false,"boss_relics":[{"not_picked":["Black Star","Empty Cage"],"picked":"Astrolabe"},{"not_picked":["Fusion Hammer","Cursed Key"],"picked":"FrozenCore"}],"items_purged_floors":[12],"is_endless":false,"potions_floor_spawned":[4,8,10,11,14,24,29,31,35,37,41,44,45],"ascension_level":13}