{"gold_per_floor":[111,61,115,44,58,85,95,95,95,130,150,165,184,209,209,307,307,327,338,140,150,150,150,179,197,197,213,240,272,371,386,386,489,489,500,547,547,647,667,667,696,714,714,714,437,437,387,441,441,441,441,441,60,85,85],"floor_reached":55,"playtime":4017,"items_purged":["Strike_B","Defend_B","Defend_B"],"score":881,"play_id":"8eea7341-e123-4c3a-a211-bbee14936f0e","local_time":"20190107211503","is_ascension_mode":true,"campfire_choices":[{"data":"Go for the Eyes","floor":8,"key":"SMITH"},{"floor":15,"key":"REST"},{"data":"Turbo","floor":23,"key":"SMITH"},{"floor":32,"key":"REST"},{"data":"Chaos","floor":40,"key":"SMITH"},{"floor":46,"key":"RECALL"},{"floor":49,"key":"REST"},{"data":"Darkness","floor":52,"key":"SMITH"}],"neow_cost":"NONE","seed_source_timestamp":721697247725214,"circlet_count":0,"master_deck":["Defend_B","Defend_B","Zap+1","Dualcast","Darkness+1","Conserve Battery","Coolheaded","Fusion","Stack+1","Go for the Eyes+1","Stack","Coolheaded","Glacier","Loop+1","Go for the Eyes","Electrodynamics+1","FTL","Loop+1","Turbo","Redo","Rebound","Redo","Turbo+1","Chaos+1","White Noise","Go for the Eyes","Reinforced Body","Creative AI+1","Lockon+1","Reprogram+1","Ball Lightning","Scrape+1"],"relics":["Cracked Core","NeowsBlessing","Tiny Chest","Omamori","Cables","Frozen Egg 2","Oddly Smooth Stone","Runic Pyramid","Matryoshka","Smiling Mask","Potion Belt","Strawberry","Dead Branch","Busted Crown","Du-Vu Doll","Kunai","Mango","Pen Nib","Molten Egg 2","War Paint","Juzu Bracelet","Toy Ornithopter","Mercury Hourglass"],"potions_floor_usage":[14,24,27,27,27,27,27,27,42,50,54,55,55,55,55],"damage_taken":[{"damage":0,"enemies":"2 Louse","floor":1,"turns":1},{"damage":0,"enemies":"Jaw Worm","floor":5,"turns":1},{"damage":0,"enemies":"3 Sentries","floor":6,"turns":1},{"damage":6,"enemies":"Small Slimes","floor":7,"turns":4},{"damage":13,"enemies":"Gremlin Nob","floor":10,"turns":4},{"damage":10,"enemies":"2 Fungi Beasts","floor":11,"turns":3},{"damage":7,"enemies":"Exordium Wildlife","floor":12,"turns":3},{"damage":2,"enemies":"Looter","floor":13,"turns":4},{"damage":19,"enemies":"Lagavulin","floor":14,"turns":8},{"damage":15,"enemies":"Slime Boss","floor":16,"turns":6},{"damage":13,"enemies":"3 Byrds","floor":18,"turns":3},{"damage":1,"enemies":"Spheric Guardian","floor":19,"turns":3},{"damage":4,"enemies":"3 Cultists","floor":21,"turns":4},{"damage":11,"enemies":"Slavers","floor":24,"turns":4},{"damage":9,"enemies":"Snecko","floor":25,"turns":8},{"damage":34,"enemies":"Cultist and Chosen","floor":27,"turns":8},{"damage":9,"enemies":"Gremlin Leader","floor":29,"turns":9},{"damage":0,"enemies":"Centurion and Healer","floor":31,"turns":5},{"damage":21,"enemies":"Collector","floor":33,"turns":10},{"damage":0,"enemies":"3 Shapes","floor":35,"turns":2},{"damage":25,"enemies":"2 Orb Walkers","floor":36,"turns":3},{"damage":0,"enemies":"Mind Bloom Boss Battle","floor":38,"turns":10},{"damage":37,"enemies":"3 Darklings","floor":39,"turns":6},{"damage":18,"enemies":"Reptomancer","floor":41,"turns":5},{"damage":4,"enemies":"Transient","floor":42,"turns":5},{"damage":30,"enemies":"Donu and Deca","floor":50,"turns":9},{"damage":51,"enemies":"Shield and Spear","floor":54,"turns":9},{"damage":76,"enemies":"The Heart","floor":55,"turns":3}],"seed_played":"5085788107414237382","potions_obtained":[{"floor":1,"key":"Fire Potion"},{"floor":5,"key":"EntropicBrew"},{"floor":7,"key":"AttackPotion"},{"floor":12,"key":"SkillPotion"},{"floor":16,"key":"FocusPotion"},{"floor":25,"key":"Dexterity Potion"},{"floor":33,"key":"Fire Potion"},{"floor":38,"key":"SneckoOil"},{"floor":39,"key":"Poison Potion"},{"floor":42,"key":"PowerPotion"},{"floor":54,"key":"LiquidBronze"}],"is_trial":false,"path_per_floor":["M","?","T","$","M","E","M","R","T","E","M","M","M","E","R","B",null,"M","M","$","M","?","R","E","M","T","M","T","E","?","M","R","B",null,"M","?","T","?","M","R","E","M","T","?","$","R","$","T","R","B",null,"R","$","E","B"],"character_chosen":"DEFECT","items_purchased":["Conserve Battery","Coolheaded","Turbo","Redo","Rebound","War Paint","Scrape+1","Toy Ornithopter","Swift Potion","EssenceOfSteel","AttackPotion"],"campfire_rested":3,"item_purchase_floors":[4,4,20,20,20,45,45,53,53,53,53],"current_hp_per_floor":[75,75,75,75,75,75,69,69,69,56,46,39,37,18,40,25,75,62,61,61,57,57,57,46,37,37,8,15,6,6,6,30,9,82,82,57,57,71,34,34,16,12,12,36,36,36,36,36,64,34,96,96,96,50,0],"gold":85,"neow_bonus":"THREE_ENEMY_KILL","is_prod":false,"is_daily":false,"chose_seed":false,"campfire_upgraded":4,"win_rate":0,"timestamp":1546917303,"path_taken":["M","?","?","?","M","E","M","R","T","E","M","M","?","E","R","BOSS","M","M","$","M","?","R","E","M","T","M","?","E","?","M","R","BOSS","M","?","?","?","M","R","E","M","T","?","?","R","$","?","R","BOSS","R","$","E","BOSS"],"build_version":"2019-01-03v4","purchased_purges":3,"victory":false,"max_hp_per_floor":[75,75,75,75,75,75,75,75,75,75,75,75,75,75,75,75,75,75,75,75,75,75,75,75,75,75,75,82,82,82,82,82,82,82,82,82,82,96,96,96,96,96,96,96,96,96,96,96,96,96,96,96,96,96,96],"card_choices":[{"not_picked":["Melter","Hologram"],"picked":"Darkness","floor":1},{"not_picked":["Undo","Rebound"],"picked":"Fusion","floor":5},{"not_picked":["Static Discharge","Force Field"],"picked":"Stack","floor":6},{"not_picked":["Cold Snap","Sunder"],"picked":"Go for the Eyes","floor":7},{"not_picked":["Multi-Cast","Scrape"],"picked":"Stack","floor":10},{"not_picked":["Gash","Barrage"],"picked":"Coolheaded","floor":11},{"not_picked":["White Noise","Ball Lightning"],"picked":"Glacier","floor":12},{"not_picked":["Beam Cell","Aggregate"],"picked":"Loop+1","floor":13},{"not_picked":["Storm+1","Glacier"],"picked":"Go for the Eyes","floor":14},{"not_picked":["Machine Learning+1","Buffer+1"],"picked":"Electrodynamics+1","floor":16},{"not_picked":["Hologram","Rebound"],"picked":"FTL","floor":18},{"not_picked":["Blizzard+1","Conserve Battery"],"picked":"Loop+1","floor":19},{"not_picked":["Blizzard","Rainbow"],"picked":"Redo","floor":21},{"not_picked":["Reinforced Body","Sweeping Beam"],"picked":"White Noise","floor":24},{"not_picked":["Rebound","Reprogram+1"],"picked":"Go for the Eyes","floor":25},{"not_picked":["Steam","Rebound","Streamline"],"picked":"SKIP","floor":27},{"not_picked":["Coolheaded+1","Leap"],"picked":"Reinforced Body","floor":29},{"not_picked":["Gash","Steam Power","Melter"],"picked":"SKIP","floor":31},{"not_picked":["Buffer+1","Thunder Strike"],"picked":"Creative AI+1","floor":33},{"not_picked":["Gash"],"picked":"SKIP","floor":35},{"not_picked":[],"picked":"Lockon+1","floor":36},{"not_picked":[],"picked":"Reprogram+1","floor":39},{"not_picked":["Turbo"],"picked":"SKIP","floor":41},{"not_picked":[],"picked":"Ball Lightning","floor":42},{"not_picked":["Streamline+1"],"picked":"SKIP","floor":54}],"player_experience":55754,"relics_obtained":[{"floor":3,"key":"Tiny Chest"},{"floor":6,"key":"Omamori"},{"floor":9,"key":"Cables"},{"floor":10,"key":"Frozen Egg 2"},{"floor":14,"key":"Oddly Smooth Stone"},{"floor":24,"key":"Matryoshka"},{"floor":26,"key":"Smiling Mask"},{"floor":28,"key":"Potion Belt"},{"floor":28,"key":"Strawberry"},{"floor":29,"key":"Dead Branch"},{"floor":36,"key":"Du-Vu Doll"},{"floor":37,"key":"Kunai"},{"floor":38,"key":"Mango"},{"floor":41,"key":"Pen Nib"},{"floor":43,"key":"Molten Egg 2"},{"floor":48,"key":"Juzu Bracelet"},{"floor":54,"key":"Mercury Hourglass"}],"event_choices":[{"cards_removed":["Strike_B"],"damage_healed":0,"gold_gain":0,"player_choice":"Card Removal","damage_taken":0,"max_hp_gain":0,"max_hp_loss":0,"event_name":"The Cleric","floor":2,"gold_loss":50},{"damage_healed":0,"gold_gain":0,"cards_transformed":["Strike_B","Strike_B"],"player_choice":"Became Test Subject","damage_taken":0,"max_hp_gain":0,"max_hp_loss":0,"event_name":"Drug Dealer","floor":22,"gold_loss":0,"cards_obtained":["Turbo","Chaos"]},{"damage_healed":0,"gold_gain":99,"player_choice":"Stole From Cult","damage_taken":0,"max_hp_gain":0,"max_hp_loss":0,"event_name":"Nest","floor":30,"gold_loss":0},{"damage_healed":0,"gold_gain":0,"player_choice":"Fight","damage_taken":0,"max_hp_gain":0,"max_hp_loss":0,"event_name":"Mysterious Sphere","floor":36,"gold_loss":0},{"damage_healed":0,"gold_gain":0,"player_choice":"Fight","damage_taken":0,"max_hp_gain":0,"max_hp_loss":0,"event_name":"MindBloom","floor":38,"gold_loss":0},{"damage_healed":24,"gold_gain":0,"player_choice":"Writhe","damage_taken":0,"max_hp_gain":0,"max_hp_loss":0,"event_name":"Winding Halls","floor":44,"gold_loss":0,"cards_obtained":["Writhe"]}],"is_beta":false,"boss_relics":[{"not_picked":["Lizard Tail","Nuclear Battery"],"picked":"Runic Pyramid"},{"not_picked":["Snecko Eye","Inserter"],"picked":"Busted Crown"}],"items_purged_floors":[20,45,47],"is_endless":false,"potions_floor_spawned":[1,5,7,12,13,16,21,25,33,38,39,42,54],"killed_by":"The Heart","ascension_level":2}