{"gold_per_floor":[114,126,139,153,153,184,199,213,236,255,269,289,132,143,143,247,247,263,273,173,193,204,204,237,237,286,286,218,218,233,233,233,335,335,350,153,153,0,0,31,31,48,48,75,85,85,101,101,101,101,101,101,51,82,82],"floor_reached":55,"playtime":3118,"items_purged":["Pain","Defend_R"],"score":899,"play_id":"5ccff1cf-db47-4ff8-8a93-b355535178ca","local_time":"20190110161727","is_ascension_mode":true,"campfire_choices":[{"data":"Disarm","floor":15.0,"key":"SMITH"},{"data":"Disarm","floor":23.0,"key":"SMITH"},{"data":"Shrug It Off","floor":25.0,"key":"SMITH"},{"data":"Armaments","floor":27.0,"key":"SMITH"},{"floor":32.0,"key":"REST"},{"floor":41.0,"key":"REST"},{"floor":46.0,"key":"RECALL"},{"data":"Demon Form","floor":49.0,"key":"SMITH"},{"data":"Flame Barrier","floor":52.0,"key":"SMITH"}],"neow_cost":"PERCENT_DAMAGE","seed_source_timestamp":133972080372365,"circlet_count":0,"master_deck":["Strike_R+1","Strike_R","Strike_R","Strike_R","Strike_R","Defend_R","Defend_R","Bash+1","Twin Strike","Thunderclap","Armaments+1","Clothesline","Perfected Strike","Cleave","Rampage","Disarm+1","Demon Form+1","Disarm+1","Dropkick","Flame Barrier+1","Reaper","Perfected Strike","Iron Wave","Headbutt","Disarm+1","Shrug It Off+1","Inflame","Feel No Pain","Inflame","Necronomicurse","Limit Break","Master of Strategy","Bandage Up","Intimidate+1","Dual Wield+1","Heavy Blade+1","Inflame+1"],"special_seed":0,"relics":["Burning Blood","Pocketwatch","WarpedTongs","Whetstone","Anchor","Mark of Pain","Turnip","Necronomicon","Lizard Tail","Red Mask","Bag of Marbles","Du-Vu Doll","Juzu Bracelet","Bottled Tornado"],"potions_floor_usage":[55,55],"damage_taken":[{"damage":6.0,"enemies":"Cultist","floor":1.0,"turns":3.0},{"damage":0.0,"enemies":"Small Slimes","floor":2.0,"turns":3.0},{"damage":12.0,"enemies":"Jaw Worm","floor":3.0,"turns":2.0},{"damage":5.0,"enemies":"Red Slaver","floor":4.0,"turns":5.0},{"damage":23.0,"enemies":"3 Sentries","floor":6.0,"turns":7.0},{"damage":0.0,"enemies":"Exordium Wildlife","floor":7.0,"turns":2.0},{"damage":2.0,"enemies":"3 Louse","floor":8.0,"turns":2.0},{"damage":4.0,"enemies":"2 Fungi Beasts","floor":10.0,"turns":3.0},{"damage":6.0,"enemies":"Large Slime","floor":11.0,"turns":4.0},{"damage":3.0,"enemies":"Gremlin Gang","floor":12.0,"turns":3.0},{"damage":4.0,"enemies":"Exordium Thugs","floor":14.0,"turns":5.0},{"damage":15.0,"enemies":"Hexaghost","floor":16.0,"turns":9.0},{"damage":3.0,"enemies":"3 Byrds","floor":18.0,"turns":6.0},{"damage":8.0,"enemies":"Shell Parasite","floor":19.0,"turns":5.0},{"damage":23.0,"enemies":"Shelled Parasite and Fungi","floor":21.0,"turns":6.0},{"damage":4.0,"enemies":"Chosen and Byrds","floor":22.0,"turns":5.0},{"damage":33.0,"enemies":"Gremlin Leader","floor":24.0,"turns":6.0},{"damage":15.0,"enemies":"Snecko","floor":30.0,"turns":6.0},{"damage":76.0,"enemies":"Collector","floor":33.0,"turns":8.0},{"damage":34.0,"enemies":"3 Darklings","floor":35.0,"turns":6.0},{"damage":53.0,"enemies":"Nemesis","floor":40.0,"turns":7.0},{"damage":16.0,"enemies":"3 Shapes","floor":42.0,"turns":5.0},{"damage":18.0,"enemies":"Giant Head","floor":44.0,"turns":7.0},{"damage":14.0,"enemies":"Transient","floor":45.0,"turns":5.0},{"damage":5.0,"enemies":"Spire Growth","floor":47.0,"turns":4.0},{"damage":92.0,"enemies":"Awakened One","floor":50.0,"turns":9.0},{"damage":92.0,"enemies":"Shield and Spear","floor":54.0,"turns":7.0},{"damage":175,"enemies":"The Heart","floor":55,"turns":8}],"seed_played":"1203367843682701444","potions_obtained":[{"floor":3.0,"key":"SkillPotion"},{"floor":6.0,"key":"SkillPotion"},{"floor":7.0,"key":"Weak Potion"},{"floor":21.0,"key":"AttackPotion"},{"floor":22.0,"key":"Regen Potion"},{"floor":30.0,"key":"Explosive Potion"},{"floor":35.0,"key":"SneckoOil"},{"floor":42.0,"key":"FairyPotion"},{"floor":47.0,"key":"Explosive Potion"},{"floor":54.0,"key":"SteroidPotion"}],"is_trial":false,"path_per_floor":["M","M","M","M","?","E","M","M","T","M","M","M","$","M","R","B",null,"M","M","$","M","M","R","E","R","T","R","$","?","M","?","R","B",null,"M","$","?","?","?","E","R","M","T","E","M","R","M","$","R","B",null,"R","$","E","B"],"character_chosen":"IRONCLAD","items_purchased":["Dropkick","Inflame","Master of Strategy","Energy Potion"],"campfire_rested":2,"item_purchase_floors":[13,28,36,53],"current_hp_per_floor":[56,62,56,57,57,40,46,50,50,52,52,55,55,57,57,48,80,80,80,80,69,71,71,44,44,44,44,44,44,42,26,50,34,80,52,52,52,52,80,33,57,67,67,69,72,72,80,80,80,62,80,80,80,14,0],"gold":82,"neow_bonus":"ONE_RARE_RELIC","is_prod":false,"is_daily":false,"chose_seed":false,"campfire_upgraded":6,"win_rate":0,"timestamp":1547158647,"path_taken":["M","?","M","M","?","E","M","M","T","M","?","M","$","M","R","BOSS","M","M","$","M","M","R","E","R","T","R","$","?","?","?","R","BOSS","M","$","?","?","?","E","R","?","T","E","M","R","M","?","R","BOSS","R","$","E","BOSS"],"build_version":"2019-01-03v4","purchased_purges":2,"victory":false,"max_hp_per_floor":[80,80,80,80,80,80,80,80,80,80,80,80,80,80,80,80,80,80,80,80,80,80,80,80,80,80,80,80,80,80,80,80,80,80,80,80,80,80,80,80,80,80,80,80,80,80,80,80,80,80,80,80,80,80,80],"card_choices":[{"not_picked":["Flex","Hemokinesis"],"picked":"Twin Strike","floor":1.0},{"not_picked":["Havoc","Rage"],"picked":"Thunderclap","floor":2.0},{"not_picked":["Entrench","Intimidate"],"picked":"Armaments","floor":3.0},{"not_picked":["Headbutt","Wild Strike"],"picked":"Clothesline","floor":4.0},{"not_picked":["Body Slam","Exhume"],"picked":"Perfected Strike","floor":6.0},{"not_picked":["Heavy Blade","Thunderclap"],"picked":"Cleave","floor":7.0},{"not_picked":["Blood for Blood","Anger"],"picked":"Rampage","floor":8.0},{"not_picked":["Carnage","Clash"],"picked":"Disarm","floor":10.0},{"not_picked":["Sever Soul","Clash"],"picked":"Demon Form","floor":11.0},{"not_picked":["Intimidate","Pummel"],"picked":"Disarm","floor":12.0},{"not_picked":["Flex","Feel No Pain"],"picked":"Flame Barrier","floor":14.0},{"not_picked":["Exhume","Brutality"],"picked":"Reaper","floor":16.0},{"not_picked":["Uppercut","Clash+1"],"picked":"Perfected Strike","floor":18.0},{"not_picked":["Entrench+1","True Grit"],"picked":"Iron Wave","floor":19.0},{"not_picked":["Anger","Feel No Pain"],"picked":"Headbutt","floor":21.0},{"not_picked":["Headbutt","Rupture"],"picked":"Disarm+1","floor":22.0},{"not_picked":["Flex","Second Wind"],"picked":"Shrug It Off","floor":24.0},{"not_picked":["Pommel Strike+1","Dual Wield"],"picked":"Inflame","floor":30.0},{"not_picked":["Demon Form","Juggernaut"],"picked":"Limit Break","floor":33.0},{"not_picked":["Twin Strike","Sentinel+1"],"picked":"Fire Breathing+1","floor":35.0},{"not_picked":["Impatience","Chrysalis"],"picked":"Bandage Up","floor":37.0},{"not_picked":["Rage+1","Pommel Strike+1"],"picked":"Intimidate+1","floor":40.0},{"not_picked":["Shrug It Off","Reckless Charge"],"picked":"Dual Wield+1","floor":42.0},{"not_picked":["Pommel Strike","Bloodletting","Armaments"],"picked":"SKIP","floor":44.0},{"not_picked":["Armaments+1","Warcry+1"],"picked":"Heavy Blade+1","floor":45.0},{"not_picked":["Reckless Charge","Uppercut"],"picked":"Inflame+1","floor":47.0},{"not_picked":["Fire Breathing+1","Searing Blow","Clash+1"],"picked":"SKIP","floor":54.0}],"player_experience":83052,"relics_obtained":[{"floor":6.0,"key":"Whetstone"},{"floor":9.0,"key":"Anchor"},{"floor":24.0,"key":"Turnip"},{"floor":31.0,"key":"Necronomicon"},{"floor":40.0,"key":"Bag of Marbles"},{"floor":43.0,"key":"Du-Vu Doll"},{"floor":44.0,"key":"Juzu Bracelet"},{"floor":54.0,"key":"Bottled Tornado"}],"event_choices":[{"damage_healed":0.0,"max_hp_gain":0.0,"max_hp_loss":0.0,"gold_gain":0.0,"event_name":"Accursed Blacksmith","player_choice":"Rummage","floor":5.0,"gold_loss":0.0,"damage_taken":0.0,"relics_obtained":["WarpedTongs"],"cards_obtained":["Pain"]},{"damage_healed":0.0,"max_hp_gain":0.0,"max_hp_loss":0.0,"gold_gain":0.0,"cards_transformed":["Defend_R"],"event_name":"Transmorgrifier","player_choice":"Transformed","floor":29.0,"gold_loss":0.0,"damage_taken":0.0,"cards_obtained":["Feel No Pain"]},{"damage_healed":0.0,"max_hp_gain":0.0,"max_hp_loss":0.0,"gold_gain":0.0,"event_name":"Cursed Tome","player_choice":"Obtained Book","floor":31.0,"gold_loss":0.0,"damage_taken":16.0},{"damage_healed":0.0,"max_hp_gain":0.0,"max_hp_loss":0.0,"gold_gain":0.0,"event_name":"SensoryStone","player_choice":"Memory 1","floor":37.0,"gold_loss":0.0,"damage_taken":0.0},{"damage_healed":0.0,"max_hp_gain":0.0,"max_hp_loss":0.0,"gold_gain":0.0,"event_name":"Tomb of Lord Red Mask","player_choice":"Paid","floor":38.0,"gold_loss":153.0,"damage_taken":0.0,"relics_obtained":["Red Mask"]},{"cards_removed":["Fire Breathing"],"damage_healed":28.0,"max_hp_gain":0.0,"max_hp_loss":0.0,"gold_gain":0.0,"event_name":"Bonfire Elementals","player_choice":"Offered Uncommon","floor":39.0,"gold_loss":0.0,"damage_taken":0.0}],"is_beta":false,"boss_relics":[{"not_picked":["Tiny House","Ectoplasm"],"picked":"Mark of Pain"},{"not_picked":["Velvet Choker","Pandora\u0027s Box"],"picked":"Lizard Tail"}],"items_purged_floors":[13,20],"is_endless":false,"potions_floor_spawned":[3,6,7,8,10,11,21,22,30,35,42,47,54],"killed_by":"The Heart","ascension_level":4}