{"gold_per_floor":[117,67,67,67,13,13,44,67,67,67,83,119,119,38,38,162,162],"floor_reached":17,"playtime":323,"items_purged":[],"score":186,"play_id":"4b37c7ae-8b2d-4b36-88f0-9c9bc6f29464","local_time":"20190223181604","is_ascension_mode":false,"campfire_choices":[{"data":"Zap","floor":6,"key":"SMITH"},{"data":"Hologram","floor":10,"key":"SMITH"},{"floor":15,"key":"REST"}],"neow_cost":"NONE","seed_source_timestamp":259322796516336,"circlet_count":0,"master_deck":["Strike_B","Strike_B","Defend_B","Defend_B+1","Defend_B","Defend_B","Zap+1","Dualcast+1","Tempest+1","Cold Snap+1","Ball Lightning","Hologram+1","Coolheaded","Cold Snap","Defragment","Seek"],"relics":["Cracked Core","Golden Idol","War Paint","Prayer Wheel"],"potions_floor_usage":[],"damage_taken":[{"damage":6,"enemies":"Jaw Worm","floor":1,"turns":4},{"damage":14,"enemies":"Lagavulin","floor":7,"turns":5},{"damage":0,"enemies":"Small Slimes","floor":8,"turns":2},{"damage":1,"enemies":"2 Louse","floor":11,"turns":2},{"damage":0,"enemies":"3 Sentries","floor":12,"turns":7},{"damage":17,"enemies":"Hexaghost","floor":16,"turns":9}],"seed_played":"2090529690025088584","potions_obtained":[{"floor":7,"key":"Ancient Potion"},{"floor":11,"key":"Strength Potion"},{"floor":16,"key":"Block Potion"}],"is_trial":false,"path_per_floor":["M","?","?","?","$","R","E","M","T","R","M","E","?","$","R","B",null],"character_chosen":"DEFECT","items_purchased":["Ball Lightning","Defragment"],"campfire_rested":1,"item_purchase_floors":[5,14],"current_hp_per_floor":[69,69,51,44,44,44,30,30,30,30,29,29,14,14,36,19,19],"gold":162,"neow_bonus":"THREE_CARDS","is_prod":false,"is_daily":false,"chose_seed":false,"campfire_upgraded":2,"win_rate":0,"timestamp":1550906164,"path_taken":["M","?","?","?","?","R","E","M","T","R","?","E","?","$","R","BOSS"],"build_version":"2019-01-23","purchased_purges":0,"victory":false,"max_hp_per_floor":[75,75,75,75,75,75,75,75,75,75,75,75,75,75,75,75,75],"card_choices":[{"not_picked":["Compile Driver","Beam Cell"],"picked":"Tempest","floor":0},{"not_picked":["Hologram","Compile Driver"],"picked":"Cold Snap","floor":1},{"not_picked":["Auto Shields","Sunder"],"picked":"Hologram","floor":7},{"not_picked":["Compile Driver","Steam"],"picked":"Coolheaded","floor":8},{"not_picked":["Storm","Hologram"],"picked":"Cold Snap","floor":11},{"not_picked":["Static Discharge","Gash","Streamline"],"picked":"SKIP","floor":12},{"not_picked":["Buffer","Rainbow"],"picked":"Seek","floor":16}],"player_experience":392356,"relics_obtained":[{"floor":7,"key":"War Paint"},{"floor":12,"key":"Prayer Wheel"}],"event_choices":[{"cards_removed":["Strike_B"],"damage_healed":0,"gold_gain":0,"player_choice":"Card Removal","damage_taken":0,"max_hp_gain":0,"max_hp_loss":0,"event_name":"The Cleric","floor":2,"gold_loss":50},{"damage_healed":0,"gold_gain":0,"player_choice":"Take Damage","damage_taken":18,"relics_obtained":["Golden Idol"],"max_hp_gain":0,"max_hp_loss":0,"event_name":"Golden Idol","floor":3,"gold_loss":0},{"cards_removed":["Strike_B"],"damage_healed":0,"gold_gain":0,"player_choice":"Card Removal","damage_taken":7,"max_hp_gain":0,"max_hp_loss":0,"event_name":"Golden Wing","floor":4,"gold_loss":0},{"damage_healed":0,"gold_gain":0,"player_choice":"Entered Light","damage_taken":15,"max_hp_gain":0,"max_hp_loss":0,"event_name":"Shining Light","floor":13,"gold_loss":0,"cards_upgraded":["Cold Snap","Defend_B"]}],"is_beta":false,"boss_relics":[],"items_purged_floors":[],"is_endless":false,"potions_floor_spawned":[7,11,16],"ascension_level":0}