{"gold_per_floor":[115,128,303,313,313,313,324,56,80,80,92,92,103,123,123,226,226,245,160,200,229,253,277,289,311,377,401,432,96,106,106,106,106],"floor_reached":33,"playtime":1493,"items_purged":["Doubt"],"score":270,"play_id":"98bb167e-8b02-4084-abe0-39f5b412bbf9","local_time":"20190126005052","is_ascension_mode":true,"campfire_choices":[{"data":"Zap","floor":6,"key":"SMITH"},{"floor":12,"key":"REST"},{"data":"Trip","floor":15,"key":"SMITH"},{"floor":24,"key":"REST"},{"floor":32,"key":"REST"}],"neow_cost":"NONE","seed_source_timestamp":792535076056010,"circlet_count":0,"master_deck":["Strike_B","Strike_B","Strike_B","Strike_B","Defend_B","Defend_B","Defend_B","Defend_B","Zap+1","Dualcast","Coolheaded","Glacier+1","Go for the Eyes+1","Sunder","Trip+1","Coolheaded","Coolheaded","Turbo","Doom and Gloom","Electrodynamics","Melter+1","Hologram+1","Sweeping Beam","Double Energy","Undo","Stack","White Noise","Loop","Conserve Battery","FTL+1"],"relics":["Cracked Core","Lantern","Blood Vial","Sozu","MawBank","Red Mask","PreservedInsect","Anchor","Juzu Bracelet"],"potions_floor_usage":[16,16,21],"damage_taken":[{"damage":3,"enemies":"Small Slimes","floor":1,"turns":2},{"damage":11,"enemies":"2 Louse","floor":2,"turns":3},{"damage":0,"enemies":"Jaw Worm","floor":4,"turns":6},{"damage":0,"enemies":"Looter","floor":7,"turns":3},{"damage":13,"enemies":"Blue Slaver","floor":11,"turns":3},{"damage":0,"enemies":"Exordium Wildlife","floor":13,"turns":1},{"damage":0,"enemies":"2 Fungi Beasts","floor":14,"turns":4},{"damage":14,"enemies":"The Guardian","floor":16,"turns":14},{"damage":17,"enemies":"Spheric Guardian","floor":18,"turns":4},{"damage":14,"enemies":"Masked Bandits","floor":20,"turns":4},{"damage":12,"enemies":"2 Thieves","floor":21,"turns":5},{"damage":0,"enemies":"Chosen and Byrds","floor":22,"turns":4},{"damage":27,"enemies":"Snake Plant","floor":23,"turns":4},{"damage":11,"enemies":"Snecko","floor":25,"turns":4},{"damage":4,"enemies":"Shelled Parasite and Fungi","floor":27,"turns":5},{"damage":8,"enemies":"Snake Plant","floor":28,"turns":4},{"damage":0,"enemies":"Snecko","floor":30,"turns":4},{"damage":4,"enemies":"Colosseum Slavers","floor":31,"turns":5},{"damage":47,"enemies":"Automaton","floor":33,"turns":12}],"seed_played":"5017954149131982862","potions_obtained":[{"floor":4,"key":"Ancient Potion"},{"floor":7,"key":"Swift Potion"},{"floor":16,"key":"LiquidBronze"}],"is_trial":false,"path_per_floor":["M","M","?","M","?","R","M","$","T","$","M","R","M","M","R","B",null,"M","?","?","M","M","M","R","M","T","M","M","$","M","?","R","B"],"character_chosen":"DEFECT","items_purchased":["Trip","Coolheaded","AttackPotion","Conserve Battery","Anchor","Juzu Bracelet"],"campfire_rested":3,"item_purchase_floors":[8,8,8,29,29,29],"current_hp_per_floor":[72,61,61,61,46,46,46,46,46,46,35,57,59,61,61,49,75,58,58,46,36,38,13,35,26,26,24,18,18,20,18,40,0],"gold":106,"neow_bonus":"RANDOM_COMMON_RELIC","is_prod":false,"is_daily":false,"chose_seed":false,"campfire_upgraded":2,"win_rate":0,"timestamp":1548481852,"path_taken":["M","M","?","M","?","R","M","$","T","?","M","R","M","M","R","BOSS","M","?","?","M","M","M","R","M","T","M","M","$","M","?","R","BOSS"],"build_version":"2019-01-23","purchased_purges":1,"victory":false,"max_hp_per_floor":[75,75,75,75,75,75,75,75,75,75,75,75,75,75,75,75,75,75,75,75,75,75,75,75,75,75,75,75,75,75,75,75,75],"card_choices":[{"not_picked":["Stack","Glacier"],"picked":"Coolheaded","floor":1},{"not_picked":["Gash","Steam Power"],"picked":"Glacier","floor":2},{"not_picked":["Sweeping Beam","Scrape"],"picked":"Go for the Eyes","floor":4},{"not_picked":["Ball Lightning","Sweeping Beam"],"picked":"Sunder","floor":7},{"not_picked":["Beam Cell","Stack"],"picked":"Coolheaded","floor":11},{"not_picked":["Redo","Steam"],"picked":"Turbo","floor":13},{"not_picked":["Rebound","Double Energy"],"picked":"Doom and Gloom","floor":14},{"not_picked":["Creative AI","Core Surge"],"picked":"Electrodynamics","floor":16},{"not_picked":["Reprogram","Streamline+1"],"picked":"Melter+1","floor":18},{"not_picked":["Hello World","Leap"],"picked":"Hologram+1","floor":20},{"not_picked":["Hello World","Gash+1"],"picked":"Sweeping Beam","floor":21},{"not_picked":["Leap+1","Rebound"],"picked":"Double Energy","floor":22},{"not_picked":["Leap","Chaos"],"picked":"Undo","floor":23},{"not_picked":["Chaos","Gash+1"],"picked":"Stack","floor":25},{"not_picked":["Coolheaded","Double Energy+1"],"picked":"White Noise","floor":27},{"not_picked":["Stack","Turbo"],"picked":"Loop","floor":28},{"not_picked":["Chill+1","Rip and Tear"],"picked":"FTL+1","floor":30}],"player_experience":231504,"relics_obtained":[{"floor":9,"key":"Blood Vial"},{"floor":20,"key":"Red Mask"},{"floor":26,"key":"PreservedInsect"}],"event_choices":[{"damage_healed":0,"gold_gain":175,"player_choice":"AGREE","damage_taken":0,"max_hp_gain":0,"max_hp_loss":0,"event_name":"Liars Game","floor":3,"gold_loss":0,"cards_obtained":["Doubt"]},{"damage_healed":0,"gold_gain":0,"player_choice":"Entered Light","damage_taken":15,"max_hp_gain":0,"max_hp_loss":0,"event_name":"Shining Light","floor":5,"gold_loss":0,"cards_upgraded":["Glacier","Go for the Eyes"]},{"damage_healed":0,"gold_gain":0,"player_choice":"Obtained Relic","damage_taken":0,"relics_obtained":["MawBank"],"max_hp_gain":0,"max_hp_loss":0,"event_name":"Addict","floor":19,"gold_loss":85},{"damage_healed":0,"gold_gain":0,"player_choice":"Fought Bandits","damage_taken":0,"max_hp_gain":0,"max_hp_loss":0,"event_name":"Masked Bandits","floor":20,"gold_loss":0},{"damage_healed":0,"gold_gain":0,"player_choice":"Fight","damage_taken":0,"max_hp_gain":0,"max_hp_loss":0,"event_name":"Colosseum","floor":31,"gold_loss":0},{"damage_healed":0,"gold_gain":0,"player_choice":"Fled From Nobs","damage_taken":0,"max_hp_gain":0,"max_hp_loss":0,"event_name":"Colosseum","floor":31,"gold_loss":0}],"is_beta":false,"boss_relics":[{"not_picked":["Runic Dome","Calling Bell"],"picked":"Sozu"}],"items_purged_floors":[8],"is_endless":false,"potions_floor_spawned":[4,7,13,16,18,21,22,30],"killed_by":"Automaton","ascension_level":2}