{"gold_per_floor":[117,133,133,145,159,159,178,178,178,178,229,52,77,87,87,189,189,199,212,212,487,499,499,509,509,509,521,556,580,55,55,55,151,151,162,162,175,11,11,11,11],"floor_reached":41,"playtime":3580,"items_purged":[],"score":416,"play_id":"9aec2b4d-556f-41c2-b11d-980bf0444723","local_time":"20190222030800","is_ascension_mode":false,"campfire_choices":[{"data":"Quick Slash","floor":6,"key":"SMITH"},{"data":"Cloak And Dagger","floor":8,"key":"SMITH"},{"data":"Backflip","floor":10,"key":"SMITH"},{"data":"Wraith Form v2","floor":15,"key":"SMITH"},{"data":"Corpse Explosion","floor":23,"key":"SMITH"},{"floor":25,"key":"REST"},{"floor":32,"key":"REST"},{"floor":40,"key":"DIG"}],"neow_cost":"NONE","seed_source_timestamp":13578747810950,"circlet_count":0,"master_deck":["Defend_G","Defend_G","Defend_G","Defend_G","Defend_G","Strike_G","Strike_G","Strike_G","Strike_G","Strike_G","Survivor","Neutralize","Acrobatics","Dagger Spray+1","Quick Slash+1","Backflip+1","Cloak And Dagger+1","Escape Plan","Wraith Form v2+1","Backflip","Dagger Spray","Corpse Explosion+1","Prepared+1","Regret","Prepared+1","Accuracy","Deadly Poison","Noxious Fumes","Doppelganger","Prepared","Envenom","Parasite","Pain","Normality","Wraith Form v2+1","Poisoned Stab+1","Panache","Panache","Mayhem","Metamorphosis"],"relics":["Ring of the Snake","Du-Vu Doll","FossilizedHelix","Black Star","Incense Burner","Paper Crane","Red Mask","MawBank","Vajra","StoneCalendar","Calling Bell","Smiling Mask","Gremlin Horn","Shovel","Lantern"],"potions_floor_usage":[16,16,24,27,33,41],"damage_taken":[{"damage":0,"enemies":"Small Slimes","floor":1,"turns":3},{"damage":9,"enemies":"Jaw Worm","floor":2,"turns":8},{"damage":1,"enemies":"Cultist","floor":4,"turns":3},{"damage":8,"enemies":"Large Slime","floor":5,"turns":5},{"damage":0,"enemies":"Exordium Wildlife","floor":7,"turns":1},{"damage":28,"enemies":"Lagavulin","floor":13,"turns":7},{"damage":0,"enemies":"2 Fungi Beasts","floor":14,"turns":3},{"damage":17,"enemies":"Slime Boss","floor":16,"turns":12},{"damage":0,"enemies":"3 Byrds","floor":18,"turns":4},{"damage":24,"enemies":"Spheric Guardian","floor":19,"turns":6},{"damage":45,"enemies":"Snecko","floor":22,"turns":7},{"damage":5,"enemies":"Snake Plant","floor":24,"turns":6},{"damage":5,"enemies":"Chosen and Byrds","floor":27,"turns":4},{"damage":1,"enemies":"Masked Bandits","floor":28,"turns":2},{"damage":43,"enemies":"Collector","floor":33,"turns":11},{"damage":5,"enemies":"3 Darklings","floor":35,"turns":2},{"damage":3,"enemies":"3 Shapes","floor":37,"turns":3},{"damage":65,"enemies":"Nemesis","floor":41,"turns":8}],"seed_played":"-3876877558315450388","potions_obtained":[{"floor":1,"key":"SkillPotion"},{"floor":5,"key":"Explosive Potion"},{"floor":7,"key":"GamblersBrew"},{"floor":18,"key":"Fire Potion"},{"floor":22,"key":"Regen Potion"},{"floor":35,"key":"EssenceOfSteel"}],"is_trial":false,"path_per_floor":["?","?","?","?","M","?","T","?","?","M","$","?"],"character_chosen":"THE_SILENT","items_purchased":["Escape Plan","Wraith Form v2","Vajra","StoneCalendar","Noxious Fumes","Panache"],"campfire_rested":2,"item_purchase_floors":[12,12,30,30,30,38],"current_hp_per_floor":[77,68,68,67,59,59,59,59,59,59,59,59,31,31,31,14,77,77,53,53,53,8,8,15,38,38,33,32,32,32,32,55,12,77,72,72,69,69,59,59,0],"gold":11,"neow_bonus":"TEN_PERCENT_HP_BONUS","is_prod":false,"is_daily":false,"chose_seed":false,"campfire_upgraded":5,"win_rate":0.0,"timestamp":1550822880,"path_taken":["M","M","?","M","M","R","M","R","T","R","?","$","E","M","R","BOSS","M","M","?","?","M","R","M","R","T","?","?","?","$","?","R","BOSS","M","?","?","?","?","R","E"],"build_version":"2019-01-23","purchased_purges":0,"victory":false,"max_hp_per_floor":[77,77,77,77,77,77,77,77,77,77,77,77,77,77,77,77,77,77,77,77,77,77,77,77,77,77,77,77,77,77,77,77,77,77,77,77,77,77,77,77,77],"card_choices":[{"not_picked":["Caltrops","Backflip"],"picked":"Acrobatics","floor":1},{"not_picked":["Dagger Throw","Blur"],"picked":"Dagger Spray","floor":2},{"not_picked":["Dagger Throw","All Out Attack"],"picked":"Quick Slash","floor":4},{"not_picked":["Finisher","Choke"],"picked":"Backflip","floor":5},{"not_picked":["Underhanded Strike","Finisher"],"picked":"Cloak And Dagger","floor":7},{"not_picked":["Footwork","Expertise"],"picked":"Backflip","floor":13},{"not_picked":["Dagger Throw","Masterful Stab"],"picked":"Dagger Spray","floor":14},{"not_picked":["Tools of the Trade","Night Terror"],"picked":"Corpse Explosion","floor":16},{"not_picked":["Flying Knee","Tactician","Dagger Throw+1"],"picked":"SKIP","floor":18},{"not_picked":["Dagger Throw","Outmaneuver"],"picked":"Prepared+1","floor":19},{"not_picked":["Acrobatics","Slice","Distraction"],"picked":"SKIP","floor":22},{"not_picked":["Tactician","Blade Dance"],"picked":"Prepared+1","floor":24},{"not_picked":["PiercingWail+1","Choke"],"picked":"Accuracy","floor":27},{"not_picked":["Choke+1","Outmaneuver"],"picked":"Deadly Poison","floor":28},{"not_picked":["Die Die Die","Night Terror"],"picked":"Envenom","floor":33},{"not_picked":["Sucker Punch+1","Slice+1","Dagger Throw+1"],"picked":"SKIP","floor":35},{"not_picked":["All Out Attack+1","Dodge and Roll"],"picked":"Poisoned Stab+1","floor":37},{"not_picked":["Mayhem","Dark Shackles"],"picked":"Panache","floor":39},{"not_picked":["Bandage Up","Deep Breath"],"picked":"Mayhem","floor":39},{"not_picked":["Good Instincts","Flash of Steel"],"picked":"Metamorphosis","floor":39}],"player_experience":41166,"relics_obtained":[{"floor":9,"key":"Du-Vu Doll"},{"floor":13,"key":"FossilizedHelix"},{"floor":26,"key":"Paper Crane"},{"floor":28,"key":"Red Mask"},{"floor":29,"key":"MawBank"},{"floor":34,"key":"Smiling Mask"},{"floor":34,"key":"Gremlin Horn"},{"floor":34,"key":"Shovel"},{"floor":40,"key":"Lantern"}],"event_choices":[{"damage_healed":0,"gold_gain":0,"player_choice":"Grow","damage_taken":0,"max_hp_gain":0,"max_hp_loss":0,"event_name":"Living Wall","floor":3,"gold_loss":0,"cards_upgraded":["Dagger Spray"]},{"damage_healed":0,"gold_gain":51,"player_choice":"Gained Gold","damage_taken":0,"max_hp_gain":0,"max_hp_loss":0,"event_name":"Golden Wing","floor":11,"gold_loss":0},{"damage_healed":0,"gold_gain":0,"player_choice":"Opened","damage_taken":0,"relics_obtained":["Incense Burner"],"max_hp_gain":0,"max_hp_loss":0,"event_name":"The Mausoleum","floor":20,"gold_loss":0},{"damage_healed":0,"gold_gain":275,"player_choice":"Desecrate","damage_taken":0,"max_hp_gain":0,"max_hp_loss":0,"event_name":"Golden Shrine","floor":21,"gold_loss":0,"cards_obtained":["Regret"]},{"damage_healed":0,"gold_gain":0,"player_choice":"Fought Bandits","damage_taken":0,"max_hp_gain":0,"max_hp_loss":0,"event_name":"Masked Bandits","floor":28,"gold_loss":0},{"damage_healed":0,"gold_gain":0,"player_choice":"2 cards matched","damage_taken":0,"max_hp_gain":0,"max_hp_loss":0,"event_name":"Match and Keep!","floor":31,"gold_loss":0,"cards_obtained":["Doppelganger","Prepared"]},{"damage_healed":0,"gold_gain":0,"player_choice":"Copied","damage_taken":0,"max_hp_gain":0,"max_hp_loss":0,"event_name":"Duplicator","floor":36,"gold_loss":0,"cards_obtained":["Wraith Form v2"]},{"damage_healed":0,"gold_gain":0,"player_choice":"Memory 3","damage_taken":10,"max_hp_gain":0,"max_hp_loss":0,"event_name":"SensoryStone","floor":39,"gold_loss":0}],"is_beta":false,"boss_relics":[{"not_picked":["Velvet Choker","Lizard Tail"],"picked":"Black Star"},{"not_picked":["Astrolabe","Coffee Dripper"],"picked":"Calling Bell"}],"items_purged_floors":[],"is_endless":false,"potions_floor_spawned":[1,5,7,18,22,35],"killed_by":"Nemesis","ascension_level":0}