{"gold_per_floor":[115,128,128,174,124,151,151,151,151,176,194,206,206,222,222,324,324,344,91,91,109,122,150,150,182,217,261,287,315,327,339,351,462,474,506,518,930,942,968,450,450,465,535,568,43,43,59,91,91,91,91,91,17,47,47],"floor_reached":55,"playtime":2637,"items_purged":["Strike_B","Electrodynamics+1","Parasite"],"score":1150,"play_id":"d569568e-e234-4d44-8b59-8a495d3c451a","local_time":"20190129173907","is_ascension_mode":true,"campfire_choices":[{"data":"Zap","floor":7.0,"key":"SMITH"},{"data":"Dualcast","floor":13.0,"key":"SMITH"},{"data":"Go for the Eyes","floor":15.0,"key":"SMITH"},{"floor":24.0,"key":"REST"},{"floor":30.0,"key":"REST"},{"data":"Conserve Battery","floor":32.0,"key":"SMITH"},{"data":"Conserve Battery","floor":41.0,"key":"SMITH"},{"floor":46.0,"key":"RECALL"},{"floor":49.0,"key":"REST"},{"data":"Stack","floor":52.0,"key":"SMITH"}],"neow_cost":"NONE","seed_source_timestamp":0,"circlet_count":0,"master_deck":["Defend_B+1","Defend_B","Defend_B","Zap+1","Dualcast+1","Ball Lightning","Go for the Eyes+1","Cold Snap","Tempest","Cold Snap","Chaos+1","Conserve Battery+1","Machine Learning+1","Ball Lightning","Self Repair+1","Conserve Battery+1","Skim","Go for the Eyes","Stack+1","Sweeping Beam","Chill+1","Bandage Up","Hologram+1","Electrodynamics+1","Barrage+1","Storm+1","Defragment+1","Creative AI+1","Loop+1","BootSequence+1","Hello World+1","Capacitor+1","Storm+1","Loop+1","Defragment+1","Consume+1","Consume+1","Conserve Battery","Undo"],"special_seed":0,"relics":["Cracked Core","NeowsBlessing","Vajra","Frozen Egg 2","Mercury Hourglass","PreservedInsect","Lizard Tail","Oddly Smooth Stone","Girya","The Courier","MawBank","War Paint","Blue Candle","Inserter","Old Coin","Lee\u0027s Waffle","Juzu Bracelet","Bag of Preparation","DataDisk","Pear"],"potions_floor_usage":[54,54],"damage_taken":[{"damage":0.0,"enemies":"Small Slimes","floor":1.0,"turns":1.0},{"damage":0.0,"enemies":"Jaw Worm","floor":2.0,"turns":1.0},{"damage":0.0,"enemies":"3 Sentries","floor":6.0,"turns":1.0},{"damage":5.0,"enemies":"Gremlin Nob","floor":10.0,"turns":3.0},{"damage":0.0,"enemies":"2 Louse","floor":11.0,"turns":2.0},{"damage":2.0,"enemies":"Red Slaver","floor":12.0,"turns":2.0},{"damage":20.0,"enemies":"Gremlin Gang","floor":14.0,"turns":3.0},{"damage":5.0,"enemies":"The Guardian","floor":16.0,"turns":10.0},{"damage":18.0,"enemies":"2 Thieves","floor":18.0,"turns":3.0},{"damage":6.0,"enemies":"Shell Parasite","floor":21.0,"turns":5.0},{"damage":12.0,"enemies":"Shelled Parasite and Fungi","floor":22.0,"turns":5.0},{"damage":11.0,"enemies":"Book of Stabbing","floor":23.0,"turns":5.0},{"damage":37.0,"enemies":"Slavers","floor":25.0,"turns":5.0},{"damage":22.0,"enemies":"Gremlin Leader","floor":27.0,"turns":6.0},{"damage":19.0,"enemies":"Centurion and Healer","floor":28.0,"turns":6.0},{"damage":7.0,"enemies":"Snecko","floor":29.0,"turns":5.0},{"damage":75.0,"enemies":"Champ","floor":33.0,"turns":13.0},{"damage":13.0,"enemies":"3 Shapes","floor":35.0,"turns":4.0},{"damage":6.0,"enemies":"Mind Bloom Boss Battle","floor":37.0,"turns":8.0},{"damage":26.0,"enemies":"Orb Walker","floor":39.0,"turns":3.0},{"damage":25.0,"enemies":"Writhing Mass","floor":42.0,"turns":5.0},{"damage":38.0,"enemies":"Nemesis","floor":44.0,"turns":7.0},{"damage":2.0,"enemies":"Sphere and 2 Shapes","floor":47.0,"turns":3.0},{"damage":30.0,"enemies":"Reptomancer","floor":48.0,"turns":4.0},{"damage":57.0,"enemies":"Awakened One","floor":50.0,"turns":12.0},{"damage":60,"enemies":"Shield and Spear","floor":54,"turns":5},{"damage":20,"enemies":"The Heart","floor":55,"turns":2}],"seed_played":"-3085118322597576214","potions_obtained":[{"floor":2.0,"key":"SpeedPotion"},{"floor":10.0,"key":"AttackPotion"},{"floor":14.0,"key":"LiquidBronze"},{"floor":23.0,"key":"SkillPotion"},{"floor":28.0,"key":"FocusPotion"},{"floor":33.0,"key":"Regen Potion"},{"floor":37.0,"key":"Explosive Potion"},{"floor":39.0,"key":"Explosive Potion"},{"floor":42.0,"key":"Fruit Juice"},{"floor":48.0,"key":"Poison Potion"}],"is_trial":false,"path_per_floor":["M","M","?","T","?","E","R","?","T","E","M","M","R","M","R","B",null,"M","$","?","M","M","E","R","E","T","E","M","M","R","?","R","B",null,"M","?","?","?","M","$","R","M","T","E","$","R","M","E","R","B",null,"R","$","E","B"],"character_chosen":"DEFECT","items_purchased":["Oddly Smooth Stone","Self Repair+1","Lee\u0027s Waffle","Storm+1","Defragment+1","Creative AI+1","Loop+1","Hello World+1","Capacitor+1","Bag of Preparation","Storm+1","Loop+1","Defragment+1","Conserve Battery","Weak Potion"],"campfire_rested":3,"item_purchase_floors":[19,19,40,40,40,40,40,45,45,45,45,45,45,53,53],"current_hp_per_floor":[68,68,68,68,68,68,68,68,68,63,63,61,61,41,41,36,65,47,47,47,51,49,38,60,33,33,21,12,15,37,62,62,47,68,65,65,73,73,57,82,82,76,76,64,64,64,66,40,65,12,66,66,66,20,0],"gold":47,"neow_bonus":"THREE_ENEMY_KILL","is_prod":false,"is_daily":false,"chose_seed":false,"campfire_upgraded":6,"win_rate":0,"timestamp":1548805147,"path_taken":["M","M","?","?","?","E","R","?","T","E","M","M","R","M","R","BOSS","M","$","?","?","M","E","R","E","T","E","M","M","R","?","R","BOSS","M","?","?","?","M","$","R","M","T","E","$","R","M","E","R","BOSS","R","$","E","BOSS"],"build_version":"2019-01-23","purchased_purges":3,"victory":false,"max_hp_per_floor":[75,75,75,75,75,75,75,75,75,75,75,75,75,75,75,75,75,75,75,75,75,75,75,75,75,75,75,75,75,75,75,75,75,75,75,75,75,75,75,82,82,87,87,87,84,84,84,84,84,84,84,84,84,94,94],"card_choices":[{"not_picked":["Gash","Beam Cell"],"picked":"Ball Lightning","floor":1.0},{"not_picked":["Blizzard","Force Field"],"picked":"Go for the Eyes","floor":2.0},{"not_picked":["Storm","Gash"],"picked":"Cold Snap","floor":6.0},{"not_picked":["Double Energy","Stack"],"picked":"Tempest","floor":10.0},{"not_picked":["Heatsinks+1","Turbo"],"picked":"Cold Snap","floor":11.0},{"not_picked":["Streamline","Beam Cell"],"picked":"Chaos","floor":12.0},{"not_picked":["Rebound","Redo"],"picked":"Conserve Battery","floor":14.0},{"not_picked":["Multi-Cast","Meteor Strike"],"picked":"Machine Learning+1","floor":16.0},{"not_picked":["Skim","Go for the Eyes"],"picked":"Ball Lightning","floor":18.0},{"not_picked":["Compile Driver","Hello World+1"],"picked":"Conserve Battery","floor":21.0},{"not_picked":["Static Discharge+1","Scrape"],"picked":"Skim","floor":22.0},{"not_picked":["Auto Shields","Hello World+1","Meteor Strike"],"picked":"SKIP","floor":23.0},{"not_picked":["Stack","Beam Cell"],"picked":"Go for the Eyes","floor":25.0},{"not_picked":["Darkness","Go for the Eyes"],"picked":"Stack","floor":27.0},{"not_picked":["Hyperbeam","Gash","Turbo"],"picked":"SKIP","floor":28.0},{"not_picked":["Gash+1","Rebound"],"picked":"Sweeping Beam","floor":29.0},{"not_picked":["Reboot","Core Surge"],"picked":"Electrodynamics+1","floor":33.0},{"not_picked":["Stack+1","Compile Driver+1"],"picked":"Chill+1","floor":35.0},{"not_picked":["Deep Breath","Good Instincts"],"picked":"Bandage Up","floor":36.0},{"not_picked":["Sunder","Conserve Battery+1"],"picked":"Hologram+1","floor":37.0},{"not_picked":["Genetic Algorithm+1","Sunder"],"picked":"Barrage+1","floor":39.0},{"not_picked":["FTL+1","Turbo+1"],"picked":"BootSequence+1","floor":42.0},{"not_picked":["Hyperbeam","Steam+1","Barrage"],"picked":"SKIP","floor":44.0},{"not_picked":["Loop+1","Redo"],"picked":"Consume+1","floor":47.0},{"not_picked":["Rebound","Lockon+1"],"picked":"Consume+1","floor":48.0},{"not_picked":["Capacitor+1","Chill+1"],"picked":"Undo","floor":54}],"player_experience":145687,"relics_obtained":[{"floor":4.0,"key":"Vajra"},{"floor":6.0,"key":"Frozen Egg 2"},{"floor":9.0,"key":"Mercury Hourglass"},{"floor":10.0,"key":"PreservedInsect"},{"floor":23.0,"key":"The Courier"},{"floor":25.0,"key":"MawBank"},{"floor":26.0,"key":"War Paint"},{"floor":27.0,"key":"Blue Candle"},{"floor":37.0,"key":"Old Coin"},{"floor":44.0,"key":"Juzu Bracelet"},{"floor":48.0,"key":"DataDisk"},{"floor":54,"key":"Pear"}],"event_choices":[{"cards_removed":["Strike_B"],"damage_healed":0.0,"max_hp_gain":0.0,"max_hp_loss":0.0,"gold_gain":0.0,"event_name":"Living Wall","player_choice":"Forget","floor":3.0,"gold_loss":0.0,"damage_taken":0.0},{"cards_removed":["Strike_B"],"damage_healed":0.0,"max_hp_gain":0.0,"max_hp_loss":0.0,"gold_gain":0.0,"event_name":"The Cleric","player_choice":"Card Removal","floor":5.0,"gold_loss":50.0,"damage_taken":0.0},{"damage_healed":0.0,"max_hp_gain":0.0,"max_hp_loss":0.0,"gold_gain":0.0,"cards_transformed":["Strike_B"],"event_name":"Transmorgrifier","player_choice":"Transformed","floor":8.0,"gold_loss":0.0,"damage_taken":0.0,"cards_obtained":["Beam Cell"]},{"cards_removed":["Beam Cell"],"damage_healed":0.0,"max_hp_gain":0.0,"max_hp_loss":0.0,"gold_gain":0.0,"event_name":"WeMeetAgain","player_choice":"Gave Card","floor":20.0,"gold_loss":0.0,"damage_taken":0.0,"relics_obtained":["Girya"]},{"damage_healed":25.0,"max_hp_gain":0.0,"max_hp_loss":0.0,"gold_gain":0.0,"event_name":"The Library","player_choice":"Heal","floor":31.0,"gold_loss":0.0,"damage_taken":0.0},{"damage_healed":0.0,"max_hp_gain":0.0,"max_hp_loss":0.0,"gold_gain":0.0,"event_name":"SensoryStone","player_choice":"Memory 1","floor":36.0,"gold_loss":0.0,"damage_taken":0.0},{"damage_healed":0.0,"max_hp_gain":0.0,"max_hp_loss":0.0,"gold_gain":0.0,"event_name":"MindBloom","player_choice":"Fight","floor":37.0,"gold_loss":0.0,"damage_taken":0.0},{"damage_healed":0.0,"max_hp_gain":0.0,"max_hp_loss":0.0,"gold_gain":0.0,"cards_transformed":["Defend_B"],"event_name":"Transmorgrifier","player_choice":"Transformed","floor":38.0,"gold_loss":0.0,"damage_taken":0.0,"cards_obtained":["Electrodynamics"]}],"is_beta":false,"boss_relics":[{"not_picked":["Fusion Hammer","Coffee Dripper"],"picked":"Lizard Tail"},{"not_picked":["FrozenCore","Velvet Choker"],"picked":"Inserter"}],"items_purged_floors":[19,40,45],"is_endless":false,"potions_floor_spawned":[2,10,14,23,28,33,37,39,42,48],"killed_by":"The Heart","ascension_level":8}