{"gold_per_floor":[369,369,294,101,118,118,145,145,170,49,49,199,199,30,30,105,105,123,15,28,78,78,78,108,108,108,127,138,138,138,169,169,169],"floor_reached":33,"playtime":2054,"items_purged":["Strike_B","Doubt"],"score":510,"play_id":"16d3cb9e-232a-4bca-a31e-507af085eadb","local_time":"20181215215615","is_ascension_mode":true,"campfire_choices":[{"data":"Zap","floor":6,"key":"SMITH"},{"data":"Zap","floor":8,"key":"SMITH"},{"data":"Storm","floor":11,"key":"SMITH"},{"data":"Defend_B","floor":13,"key":"SMITH"},{"data":"Undo","floor":15,"key":"SMITH"},{"data":"Thunder Strike","floor":23,"key":"SMITH"},{"data":"Force Field","floor":25,"key":"SMITH"},{"floor":30,"key":"REST"},{"data":"Capacitor","floor":32,"key":"SMITH"}],"neow_cost":"TEN_PERCENT_HP_LOSS","seed_source_timestamp":39746851142446,"circlet_count":0,"master_deck":["AscendersBane","Strike_B","Defend_B","Defend_B","Defend_B+1","Defend_B+1","Zap+1","Dualcast+1","Hello World","Zap+1","Self Repair","Self Repair","Dark Shackles","Undo+1","Capacitor+1","Turbo","Storm+1","Loop","Thunder Strike+1","Recycle","Self Repair","Force Field+1","Genetic Algorithm","Leap","Fusion","Self Repair","Self Repair+1"],"relics":["Cracked Core","War Paint","Bag of Marbles","Nuclear Battery","Darkstone Periapt","Mercury Hourglass","Frozen Egg 2"],"potions_floor_usage":[16,18,31],"damage_taken":[{"damage":7,"enemies":"Jaw Worm","floor":1,"turns":3},{"damage":6,"enemies":"Cultist","floor":5,"turns":3},{"damage":45,"enemies":"3 Sentries","floor":7,"turns":6},{"damage":10,"enemies":"The Guardian","floor":16,"turns":10},{"damage":19,"enemies":"Spheric Guardian","floor":18,"turns":4},{"damage":4,"enemies":"Shell Parasite","floor":20,"turns":5},{"damage":33,"enemies":"Book of Stabbing","floor":24,"turns":4},{"damage":15,"enemies":"Cultist and Chosen","floor":27,"turns":4},{"damage":31,"enemies":"Centurion and Healer","floor":28,"turns":6},{"damage":28,"enemies":"Gremlin Leader","floor":31,"turns":5},{"damage":53,"enemies":"Automaton","floor":33,"turns":6}],"seed_played":"6040566709371917402","potions_obtained":[{"floor":5,"key":"Swift Potion"},{"floor":16,"key":"EssenceOfSteel"},{"floor":28,"key":"SkillPotion"}],"is_trial":false,"path_per_floor":["M","?","$","$","M","R","E","R","T","$","R","?","R","$","R","B",null,"M","$","M","?","?","R","E","R","T","M","M","?","R","E","R","B"],"character_chosen":"DEFECT","items_purchased":["Self Repair","Self Repair","Dark Shackles","Turbo","Storm","Loop","Recycle","Self Repair"],"campfire_rested":1,"item_purchase_floors":[3,4,4,10,10,14,19,19],"current_hp_per_floor":[57,57,57,57,64,64,33,33,33,33,33,33,33,33,33,37,57,52,52,64,64,47,47,35,35,35,41,31,31,51,51,51,0],"gold":169,"neow_bonus":"TWO_FIFTY_GOLD","is_prod":false,"is_daily":false,"chose_seed":false,"campfire_upgraded":8,"win_rate":0,"timestamp":1544907375,"path_taken":["M","?","?","$","M","R","E","R","T","?","R","?","R","$","R","BOSS","M","$","M","?","?","R","E","R","T","M","M","?","R","E","R","BOSS"],"build_version":"2018-12-13","purchased_purges":2,"victory":false,"max_hp_per_floor":[64,64,64,64,64,64,64,64,64,64,64,64,64,64,64,64,64,64,64,64,64,69,69,69,69,69,69,69,69,69,69,69,69],"card_choices":[{"not_picked":["Hologram","Lockon"],"picked":"Hello World","floor":1},{"not_picked":["Melter","Compile Driver"],"picked":"Undo","floor":5},{"not_picked":["Leap","Barrage"],"picked":"Capacitor","floor":7},{"not_picked":["All For One","Biased Cognition"],"picked":"Thunder Strike","floor":16},{"not_picked":["Chill","Coolheaded","Beam Cell"],"picked":"SKIP","floor":18},{"not_picked":["Ball Lightning","Beam Cell","Rip and Tear"],"picked":"SKIP","floor":20},{"not_picked":["BootSequence","Go for the Eyes"],"picked":"Force Field","floor":24},{"not_picked":["Streamline+1","Beam Cell"],"picked":"Genetic Algorithm","floor":27},{"not_picked":["Blizzard+1","Double Energy"],"picked":"Leap","floor":28},{"not_picked":["Doom and Gloom","Stack"],"picked":"Self Repair","floor":31}],"player_experience":626374,"relics_obtained":[{"floor":7,"key":"War Paint"},{"floor":9,"key":"Bag of Marbles"},{"floor":24,"key":"Darkstone Periapt"},{"floor":26,"key":"Mercury Hourglass"},{"floor":31,"key":"Frozen Egg 2"}],"event_choices":[{"damage_healed":0,"gold_gain":0,"player_choice":"1 cards matched","damage_taken":0,"max_hp_gain":0,"max_hp_loss":0,"event_name":"Match and Keep!","floor":2,"gold_loss":0,"cards_obtained":["Zap"]},{"damage_healed":0,"gold_gain":150,"player_choice":"AGREE","damage_taken":0,"max_hp_gain":0,"max_hp_loss":0,"event_name":"Liars Game","floor":12,"gold_loss":0,"cards_obtained":["Doubt"]},{"damage_healed":0,"gold_gain":50,"player_choice":"Stole From Cult","damage_taken":0,"max_hp_gain":0,"max_hp_loss":0,"event_name":"Nest","floor":21,"gold_loss":0},{"damage_healed":0,"gold_gain":0,"player_choice":"Shed Blood","damage_taken":22,"max_hp_gain":5,"max_hp_loss":0,"event_name":"Forgotten Altar","floor":22,"gold_loss":0},{"damage_healed":0,"gold_gain":0,"cards_transformed":["Strike_B","Strike_B"],"player_choice":"Became Test Subject","damage_taken":0,"max_hp_gain":0,"max_hp_loss":0,"event_name":"Drug Dealer","floor":29,"gold_loss":0,"cards_obtained":["Fusion","Self Repair"]}],"is_beta":false,"boss_relics":[{"not_picked":["Tiny House","Runic Dome"],"picked":"Nuclear Battery"}],"items_purged_floors":[4,14],"is_endless":false,"potions_floor_spawned":[5,16,28],"killed_by":"Automaton","ascension_level":15}