{"gold_per_floor":[111,36,136,150,161,190,190,85,167,167,178,191,191,217,217,318,318,330,330,349,363,363,22,22,104,104,104,139,139,158,61,61,166,166,181,0,100,119,119,119,137,167,167,127,140,140,156,31,31,31],"floor_reached":50,"playtime":2311,"items_purged":["Strike_B","Writhe"],"score":837,"play_id":"0c7c31e7-0540-4f0a-8cb2-9e26aa0734dc","local_time":"20190218172413","is_ascension_mode":true,"campfire_choices":[{"floor":7,"key":"REST"},{"floor":13,"key":"REST"},{"data":"Zap","floor":15,"key":"SMITH"},{"floor":24,"key":"REST"},{"data":"Creative AI","floor":27,"key":"SMITH"},{"floor":29,"key":"REST"},{"floor":32,"key":"REST"},{"floor":40,"key":"REST"},{"floor":46,"key":"REST"},{"floor":49,"key":"REST"}],"neow_cost":"NONE","seed_source_timestamp":429308673771791,"circlet_count":0,"master_deck":["AscendersBane","Strike_B","Defend_B","Defend_B","Defend_B","Zap+1","Dualcast","Glacier","Hologram","Chill","Echo Form","Conserve Battery","Cold Snap","Hello World+1","Loop","Creative AI+1","BootSequence+1","Undo","Finesse","Capacitor","Madness","Madness","Cold Snap+1","Go for the Eyes","Double Energy"],"relics":["Cracked Core","Bronze Scales","Lantern","Dodecahedron","Blood Vial","Empty Cage","Incense Burner","Kunai","Symbiotic Virus","Thread and Needle","Bottled Lightning","Inserter","Red Mask","Emotion Chip","Nunchaku","Strawberry"],"potions_floor_usage":[12,14,18,33,33,45,47,50],"damage_taken":[{"damage":2,"enemies":"Jaw Worm","floor":1,"turns":3},{"damage":1,"enemies":"Cultist","floor":4,"turns":3},{"damage":0,"enemies":"Small Slimes","floor":5,"turns":4},{"damage":20,"enemies":"3 Sentries","floor":6,"turns":10},{"damage":9,"enemies":"Blue Slaver","floor":11,"turns":4},{"damage":11,"enemies":"Looter","floor":12,"turns":3},{"damage":8,"enemies":"Gremlin Nob","floor":14,"turns":5},{"damage":35,"enemies":"Slime Boss","floor":16,"turns":9},{"damage":5,"enemies":"Chosen","floor":18,"turns":7},{"damage":15,"enemies":"Spheric Guardian","floor":20,"turns":6},{"damage":22,"enemies":"Snake Plant","floor":21,"turns":6},{"damage":42,"enemies":"Book of Stabbing","floor":28,"turns":8},{"damage":8,"enemies":"Snecko","floor":30,"turns":8},{"damage":41,"enemies":"Collector","floor":33,"turns":10},{"damage":0,"enemies":"3 Darklings","floor":35,"turns":9},{"damage":30,"enemies":"Mind Bloom Boss Battle","floor":37,"turns":10},{"damage":5,"enemies":"Orb Walker","floor":38,"turns":6},{"damage":0,"enemies":"Sphere and 2 Shapes","floor":41,"turns":9},{"damage":28,"enemies":"Nemesis","floor":42,"turns":7},{"damage":21,"enemies":"3 Darklings","floor":45,"turns":8},{"damage":39,"enemies":"Transient","floor":47,"turns":5},{"damage":38,"enemies":"Awakened One","floor":50,"turns":3}],"seed_played":"-7986446461224909364","potions_obtained":[{"floor":5,"key":"Poison Potion"},{"floor":11,"key":"SteroidPotion"},{"floor":12,"key":"Block Potion"},{"floor":14,"key":"Explosive Potion"},{"floor":16,"key":"Regen Potion"},{"floor":20,"key":"Ancient Potion"},{"floor":42,"key":"Regen Potion"},{"floor":45,"key":"SneckoOil"}],"is_trial":false,"path_per_floor":["M","$","?","M","M","E","R","$","T","?","M","M","R","E","R","B",null,"M","?","M","M","?","$","R","T","T","R","E","R","M","$","R","B",null,"M","?","?","M","?","R","M","E","T","?","M","R","M","$","R","B"],"character_chosen":"DEFECT","items_purchased":["Conserve Battery","Cold Snap","Kunai","Finesse","Double Energy","AttackPotion"],"campfire_rested":8,"item_purchase_floors":[8,8,23,31,48,48],"current_hp_per_floor":[66,66,66,65,65,45,67,67,67,67,58,47,69,61,61,28,63,73,73,60,40,40,40,62,62,62,62,22,44,38,38,60,21,62,64,64,36,33,24,46,48,22,29,29,25,49,12,12,36,0],"gold":31,"neow_bonus":"RANDOM_COMMON_RELIC","is_prod":false,"is_daily":false,"chose_seed":false,"campfire_upgraded":2,"win_rate":0,"timestamp":1550528653,"path_taken":["M","$","?","?","M","E","R","?","T","?","?","M","R","E","R","BOSS","M","?","M","M","?","$","R","?","T","R","E","R","M","?","R","BOSS","M","?","?","M","?","R","M","E","T","?","M","R","M","$","R","BOSS"],"build_version":"2019-01-23","purchased_purges":2,"victory":false,"max_hp_per_floor":[75,75,75,75,75,75,75,75,75,75,75,75,75,75,75,75,75,75,75,75,75,75,75,75,75,75,75,75,75,75,75,75,75,75,75,75,75,75,75,75,75,75,82,82,82,82,82,82,82,82],"card_choices":[{"not_picked":["Stack","Turbo"],"picked":"Glacier","floor":1},{"not_picked":["Gash","Skim"],"picked":"Hologram","floor":4},{"not_picked":["Beam Cell","Stack"],"picked":"Chill","floor":5},{"not_picked":["Auto Shields","Static Discharge"],"picked":"Echo Form","floor":6},{"not_picked":["Streamline","BootSequence"],"picked":"Hello World","floor":11},{"not_picked":["Fusion","Auto Shields"],"picked":"Loop","floor":12},{"not_picked":["Hologram","Beam Cell","Scrape"],"picked":"SKIP","floor":14},{"not_picked":["Buffer","Meteor Strike"],"picked":"Creative AI","floor":16},{"not_picked":["Sunder","Reinforced Body+1"],"picked":"BootSequence","floor":18},{"not_picked":["Leap","Cold Snap"],"picked":"Undo","floor":20},{"not_picked":["Barrage","Streamline","Compile Driver+1"],"picked":"SKIP","floor":21},{"not_picked":["Reprogram","Heatsinks","Steam"],"picked":"SKIP","floor":28},{"not_picked":["Sweeping Beam","Ball Lightning","All For One"],"picked":"SKIP","floor":30},{"not_picked":["Go for the Eyes","Stack","Recycle"],"picked":"SKIP","floor":35},{"not_picked":["Compile Driver+1","Rebound"],"picked":"Capacitor","floor":37},{"not_picked":["Conserve Battery","Undo+1","Coolheaded+1"],"picked":"SKIP","floor":38},{"not_picked":["Sweeping Beam+1","Genetic Algorithm"],"picked":"Cold Snap+1","floor":41},{"not_picked":["Cold Snap","Rebound","Core Surge"],"picked":"SKIP","floor":42},{"not_picked":["Gash","Recycle"],"picked":"Go for the Eyes","floor":45},{"not_picked":["Go for the Eyes","Glacier","Genetic Algorithm"],"picked":"SKIP","floor":47}],"player_experience":533070,"relics_obtained":[{"floor":6,"key":"Lantern"},{"floor":9,"key":"Dodecahedron"},{"floor":14,"key":"Blood Vial"},{"floor":25,"key":"Symbiotic Virus"},{"floor":26,"key":"Thread and Needle"},{"floor":28,"key":"Bottled Lightning"},{"floor":37,"key":"Emotion Chip"},{"floor":42,"key":"Nunchaku"},{"floor":43,"key":"Strawberry"}],"event_choices":[{"damage_healed":0,"gold_gain":100,"player_choice":"Pray","damage_taken":0,"max_hp_gain":0,"max_hp_loss":0,"event_name":"Golden Shrine","floor":3,"gold_loss":0},{"cards_removed":["Defend_B"],"damage_healed":0,"gold_gain":0,"player_choice":"Offered Basic","damage_taken":0,"max_hp_gain":0,"max_hp_loss":0,"event_name":"Bonfire Elementals","floor":10,"gold_loss":0},{"damage_healed":0,"gold_gain":0,"player_choice":"Ignored","damage_taken":0,"max_hp_gain":0,"max_hp_loss":0,"event_name":"Ghosts","floor":19,"gold_loss":0},{"damage_healed":0,"gold_gain":0,"player_choice":"Opened","damage_taken":0,"relics_obtained":["Incense Burner"],"max_hp_gain":0,"max_hp_loss":0,"event_name":"The Mausoleum","floor":22,"gold_loss":0,"cards_obtained":["Writhe"]},{"damage_healed":0,"gold_gain":0,"player_choice":"Paid","damage_taken":0,"relics_obtained":["Red Mask"],"max_hp_gain":0,"max_hp_loss":0,"event_name":"Tomb of Lord Red Mask","floor":36,"gold_loss":181},{"damage_healed":0,"gold_gain":0,"player_choice":"Fight","damage_taken":0,"max_hp_gain":0,"max_hp_loss":0,"event_name":"MindBloom","floor":37,"gold_loss":0},{"damage_healed":0,"gold_gain":0,"player_choice":"Embrace Madness","damage_taken":9,"max_hp_gain":0,"max_hp_loss":0,"event_name":"Winding Halls","floor":39,"gold_loss":0,"cards_obtained":["Madness","Madness"]},{"damage_healed":0,"gold_gain":0,"player_choice":"Upgraded Two","damage_taken":0,"max_hp_gain":0,"max_hp_loss":0,"event_name":"Designer","floor":44,"gold_loss":40,"cards_upgraded":["BootSequence","Hello World"]}],"is_beta":false,"boss_relics":[{"not_picked":["Velvet Choker","Pandora\u0027s Box"],"picked":"Empty Cage"},{"not_picked":["Fusion Hammer","White Beast Statue"],"picked":"Inserter"}],"items_purged_floors":[2,23],"is_endless":false,"potions_floor_spawned":[5,11,12,14,16,20,21,28,42,45],"killed_by":"Awakened One","ascension_level":12}