{"gold_per_floor":[16,29,29,44,58,58,71,71,71,98,98,98,117,136,136,208,208,221,221,36,36,49,49,49,49,349,360,360,380,380,397,397,397],"floor_reached":33,"playtime":2182,"items_purged":[],"score":411,"play_id":"3421a606-d546-42dd-bf1f-967040d0d11a","local_time":"20181207201750","is_ascension_mode":true,"campfire_choices":[{"data":"Zap","floor":6.0,"key":"SMITH"},{"data":"Dualcast","floor":8.0,"key":"SMITH"},{"floor":11,"key":"REST"},{"data":"Thunder Strike","floor":15,"key":"SMITH"},{"floor":23,"key":"REST"},{"data":"Double Energy","floor":25,"key":"SMITH"},{"data":"Defragment","floor":28,"key":"SMITH"},{"floor":30,"key":"REST"},{"data":"Static Discharge","floor":32,"key":"SMITH"}],"neow_cost":"NO_GOLD","seed_source_timestamp":0,"circlet_count":0,"master_deck":["AscendersBane","Strike_B+1","Strike_B+1","Strike_B+1","Strike_B+1","Defend_B+1","Defend_B+1","Defend_B+1","Defend_B+1","Zap+1","Dualcast+1","Thunder Strike+1","Undo","Ball Lightning","Turbo","Hologram","Double Energy+1","Genetic Algorithm","Fission","Tempest","Bandage Up","Leap","Defragment+1","Static Discharge+1","Tempest"],"special_seed":0,"relics":["Cracked Core","Ornamental Fan","Runic Pyramid","Blue Candle","Old Coin"],"potions_floor_usage":[16,29,33,33],"damage_taken":[{"damage":1.0,"enemies":"Cultist","floor":1.0,"turns":3.0},{"damage":2.0,"enemies":"Jaw Worm","floor":2.0,"turns":4.0},{"damage":4.0,"enemies":"Small Slimes","floor":4.0,"turns":3.0},{"damage":2.0,"enemies":"Exordium Wildlife","floor":5.0,"turns":3.0},{"damage":3.0,"enemies":"Exordium Thugs","floor":7.0,"turns":4.0},{"damage":27,"enemies":"Lagavulin","floor":10,"turns":5},{"damage":0,"enemies":"3 Louse","floor":13,"turns":2},{"damage":0,"enemies":"Looter","floor":14,"turns":2},{"damage":44,"enemies":"Slime Boss","floor":16,"turns":8},{"damage":19,"enemies":"Shell Parasite","floor":18,"turns":6},{"damage":31,"enemies":"Colosseum Slavers","floor":19,"turns":4},{"damage":0,"enemies":"Chosen","floor":22,"turns":3},{"damage":1,"enemies":"Centurion and Healer","floor":27,"turns":4},{"damage":27,"enemies":"Snake Plant","floor":29,"turns":3},{"damage":1,"enemies":"Chosen and Byrds","floor":31,"turns":4},{"damage":55,"enemies":"Collector","floor":33,"turns":7}],"seed_played":"-2990410295419945170","potions_obtained":[{"floor":7.0,"key":"FocusPotion"},{"floor":10,"key":"Block Potion"},{"floor":13,"key":"PowerPotion"},{"floor":22,"key":"SkillPotion"},{"floor":29,"key":"EssenceOfSteel"}],"is_trial":false,"path_per_floor":["M","M","?","M","M","R","M","R","T","E","R","?","M","M","R","B",null,"M","?","$","?","M","R","T","R","T","M","R","M","R","M","R","B"],"character_chosen":"DEFECT","items_purchased":["Bandage Up","Leap","Defragment"],"campfire_rested":3,"item_purchase_floors":[20,20,20],"current_hp_per_floor":[67,65,50,46,44,44,41,41,41,14,36,61,61,61,61,17,61,42,11,11,11,15,37,37,37,37,40,40,17,39,42,42,0],"gold":397,"neow_bonus":"THREE_RARE_CARDS","is_prod":false,"is_daily":false,"chose_seed":false,"campfire_upgraded":6,"win_rate":0,"timestamp":1544210270,"path_taken":["M","?","?","M","M","R","M","R","T","E","R","?","M","M","R","BOSS","M","?","?","?","M","R","?","R","T","M","R","M","R","M","R","BOSS"],"build_version":"2018-12-06","purchased_purges":0,"victory":false,"max_hp_per_floor":[75,75,75,75,75,75,75,75,75,75,75,75,75,75,75,75,75,75,75,75,75,75,75,75,75,75,75,75,75,75,75,75,75],"card_choices":[{"not_picked":["Meteor Strike","Rainbow"],"picked":"Thunder Strike","floor":0.0},{"not_picked":["Cold Snap","Gash"],"picked":"Undo","floor":1.0},{"not_picked":["Hello World","Gash","Streamline"],"picked":"SKIP","floor":2.0},{"not_picked":["Heatsinks","Conserve Battery"],"picked":"Ball Lightning","floor":4.0},{"not_picked":["Chaos","Sunder"],"picked":"Turbo","floor":5.0},{"not_picked":["Rebound","Double Energy"],"picked":"Hologram","floor":7.0},{"not_picked":["Go for the Eyes","Gash","Blizzard"],"picked":"SKIP","floor":10},{"not_picked":["Hello World","Barrage"],"picked":"Double Energy","floor":13},{"not_picked":["Beam Cell","Stack"],"picked":"Genetic Algorithm","floor":14},{"not_picked":["Creative AI","Buffer"],"picked":"Fission","floor":16},{"not_picked":["Loop","Reinforced Body"],"picked":"Tempest","floor":18},{"not_picked":["Cold Snap","Gash","Scrape"],"picked":"SKIP","floor":22},{"not_picked":["Doom and Gloom","Conserve Battery","Beam Cell+1"],"picked":"SKIP","floor":27},{"not_picked":["Sunder+1","Sweeping Beam"],"picked":"Static Discharge","floor":29},{"not_picked":["Cold Snap","Beam Cell"],"picked":"Tempest","floor":31}],"player_experience":589277,"relics_obtained":[{"floor":9.0,"key":"Ornamental Fan"},{"floor":24,"key":"Blue Candle"},{"floor":26,"key":"Old Coin"}],"event_choices":[{"damage_healed":0.0,"max_hp_gain":0.0,"max_hp_loss":0.0,"gold_gain":0.0,"event_name":"Shining Light","player_choice":"Entered Light","floor":3.0,"gold_loss":0.0,"damage_taken":15.0,"cards_upgraded":["Strike_B","Defend_B"]},{"damage_healed":25,"gold_gain":0,"player_choice":"Banana","damage_taken":0,"max_hp_gain":0,"max_hp_loss":0,"event_name":"Big Fish","floor":12,"gold_loss":0},{"damage_healed":0,"gold_gain":0,"player_choice":"Fight","damage_taken":0,"max_hp_gain":0,"max_hp_loss":0,"event_name":"Colosseum","floor":19,"gold_loss":0},{"damage_healed":0,"gold_gain":0,"player_choice":"Fled From Nobs","damage_taken":0,"max_hp_gain":0,"max_hp_loss":0,"event_name":"Colosseum","floor":19,"gold_loss":0},{"damage_healed":0,"gold_gain":0,"player_choice":"Simplicity","damage_taken":0,"max_hp_gain":0,"max_hp_loss":0,"event_name":"Back to Basics","floor":21,"gold_loss":0,"cards_upgraded":["Strike_B","Strike_B","Strike_B","Defend_B","Defend_B","Defend_B"]}],"is_beta":false,"boss_relics":[{"not_picked":["White Beast Statue","FrozenCore"],"picked":"Runic Pyramid"}],"items_purged_floors":[],"is_endless":false,"potions_floor_spawned":[7,10,13,22,29],"killed_by":"Collector","ascension_level":13}