{"gold_per_floor":[109,132,35,48,61,93,105,179,191,238,250,273,285,297,309,321],"floor_reached":16,"playtime":1572,"items_purged":[],"score":136,"play_id":"f2fa084e-af61-4393-b5ea-786b5613ba38","local_time":"20190211235352","is_ascension_mode":true,"campfire_choices":[{"data":"Defragment","floor":11,"key":"SMITH"},{"data":"Dualcast","floor":13,"key":"SMITH"},{"data":"White Noise","floor":15,"key":"SMITH"}],"neow_cost":"NONE","seed_source_timestamp":345320369438208,"circlet_count":0,"master_deck":["Strike_B","Strike_B","Strike_B","Defend_B","Defend_B","Defend_B","Defend_B","Zap","Dualcast+1","Conserve Battery","Defragment+1","Turbo","White Noise+1","Self Repair","Core Surge","Cold Snap","Sunder"],"relics":["Cracked Core","Blood Vial","MawBank","Tiny Chest","Question Card","Toxic Egg 2"],"potions_floor_usage":[6,6,6,8,8,10,16,16],"damage_taken":[{"damage":0,"enemies":"Cultist","floor":1,"turns":4},{"damage":4,"enemies":"Jaw Worm","floor":4,"turns":4},{"damage":0,"enemies":"Small Slimes","floor":5,"turns":4},{"damage":30,"enemies":"3 Sentries","floor":6,"turns":7},{"damage":13,"enemies":"Lagavulin","floor":8,"turns":8},{"damage":29,"enemies":"Gremlin Nob","floor":10,"turns":5},{"damage":5,"enemies":"Blue Slaver","floor":12,"turns":4},{"damage":40,"enemies":"Slime Boss","floor":16,"turns":9}],"seed_played":"-837569447071922720","potions_obtained":[{"floor":0,"key":"Ancient Potion"},{"floor":0,"key":"Strength Potion"},{"floor":0,"key":"EntropicBrew"},{"floor":8,"key":"PowerPotion"},{"floor":12,"key":"Energy Potion"}],"is_trial":false,"path_per_floor":["T","M","?","M","T"],"character_chosen":"DEFECT","items_purchased":["Defragment","Turbo"],"campfire_rested":0,"item_purchase_floors":[3,3],"current_hp_per_floor":[75,75,75,71,73,52,52,48,48,28,28,32,32,32,32,0],"gold":321,"neow_bonus":"THREE_SMALL_POTIONS","is_prod":false,"is_daily":false,"chose_seed":false,"campfire_upgraded":3,"win_rate":0,"timestamp":1549925632,"path_taken":["M","?","$","?","M","E","?","E","T","E","R","?","R","?","R","BOSS"],"build_version":"2019-01-23","purchased_purges":0,"victory":false,"max_hp_per_floor":[75,75,75,75,75,75,75,75,75,75,75,75,75,75,75,75],"card_choices":[{"not_picked":["Blizzard","Rebound"],"picked":"Conserve Battery","floor":1},{"not_picked":["Barrage","Cold Snap"],"picked":"White Noise","floor":4},{"not_picked":["Hello World","Aggregate"],"picked":"Self Repair","floor":5},{"not_picked":["Fusion","Heatsinks"],"picked":"Core Surge","floor":6},{"not_picked":["Undo","Gash"],"picked":"Cold Snap","floor":8},{"not_picked":["Redo","Stack","Rip and Tear"],"picked":"SKIP","floor":10},{"not_picked":["Barrage","Gash","Double Energy"],"picked":"Sunder","floor":12}],"player_experience":124637,"relics_obtained":[{"floor":2,"key":"Blood Vial"},{"floor":6,"key":"MawBank"},{"floor":8,"key":"Tiny Chest"},{"floor":10,"key":"Question Card"},{"floor":14,"key":"Toxic Egg 2"}],"event_choices":[{"cards_removed":["Strike_B"],"damage_healed":0,"gold_gain":0,"player_choice":"Offered Basic","damage_taken":0,"max_hp_gain":0,"max_hp_loss":0,"event_name":"Bonfire Elementals","floor":7,"gold_loss":0}],"is_beta":false,"boss_relics":[],"items_purged_floors":[],"is_endless":false,"potions_floor_spawned":[4,8,12],"killed_by":"Slime Boss","ascension_level":3}