{"gold_per_floor":[118,118,118,133,158,187,187,205,277,304,365,365,382,394,394,394],"floor_reached":16,"playtime":300,"items_purged":[],"score":270,"play_id":"4b70c7f6-eb51-48a0-9a26-d61d790d6138","local_time":"20190223180233","is_ascension_mode":true,"campfire_choices":[{"data":"Capacitor","floor":7,"key":"SMITH"},{"floor":12,"key":"REST"},{"floor":15,"key":"REST"}],"neow_cost":"NONE","seed_source_timestamp":16085484817600,"circlet_count":0,"master_deck":["AscendersBane","Strike_B","Strike_B","Strike_B","Strike_B","Defend_B","Defend_B","Defend_B","Defend_B","Zap+1","Dualcast","Cold Snap","Capacitor+1","White Noise","Ball Lightning+1","Ball Lightning+1","Beam Cell+1","Capacitor","Go for the Eyes+1"],"relics":["Cracked Core","NeowsBlessing","Molten Egg 2","Bag of Marbles","Dream Catcher","Shuriken","Calipers","Bronze Scales"],"potions_floor_usage":[10,11],"damage_taken":[{"damage":0,"enemies":"Jaw Worm","floor":1,"turns":1},{"damage":0,"enemies":"2 Louse","floor":4,"turns":1},{"damage":0,"enemies":"Lagavulin","floor":6,"turns":1},{"damage":0,"enemies":"Cultist","floor":8,"turns":3},{"damage":26,"enemies":"Gremlin Nob","floor":10,"turns":4},{"damage":12,"enemies":"Gremlin Nob","floor":11,"turns":3},{"damage":4,"enemies":"Exordium Wildlife","floor":13,"turns":2},{"damage":11,"enemies":"Looter","floor":14,"turns":2},{"damage":48,"enemies":"The Guardian","floor":16,"turns":9}],"seed_played":"-7315230258299305605","potions_obtained":[{"floor":6,"key":"Swift Potion"},{"floor":10,"key":"LiquidBronze"},{"floor":11,"key":"Explosive Potion"}],"is_trial":false,"path_per_floor":["M","?","?","M","T","E","R","M","T","E","?","R","M","M","R","B"],"character_chosen":"DEFECT","items_purchased":[],"campfire_rested":2,"item_purchase_floors":[],"current_hp_per_floor":[64,59,59,59,59,59,59,59,59,33,21,42,38,27,48,0],"gold":394,"neow_bonus":"THREE_ENEMY_KILL","is_prod":false,"is_daily":false,"chose_seed":false,"campfire_upgraded":1,"win_rate":0,"timestamp":1550937753,"path_taken":["M","?","?","?","?","E","R","M","T","E","?","R","M","M","R","BOSS"],"build_version":"2019-01-23","purchased_purges":0,"victory":false,"max_hp_per_floor":[71,71,71,71,71,71,71,71,71,71,71,71,71,71,71,71],"card_choices":[{"not_picked":["Go for the Eyes","Sweeping Beam"],"picked":"Cold Snap","floor":1},{"not_picked":["Chill","Reprogram"],"picked":"Capacitor","floor":4},{"not_picked":["Gash+1","Scrape+1"],"picked":"White Noise","floor":6},{"not_picked":["Rebound+1","Stack"],"picked":"Ball Lightning+1","floor":8},{"not_picked":["Coolheaded","Lockon+1"],"picked":"Ball Lightning+1","floor":10},{"not_picked":["Sweeping Beam+1","Coolheaded"],"picked":"Beam Cell+1","floor":12},{"not_picked":["Coolheaded","Conserve Battery"],"picked":"Capacitor","floor":13},{"not_picked":["Rebound+1","Doom and Gloom+1","Amplify"],"picked":"SKIP","floor":14},{"not_picked":["Leap","Gash+1"],"picked":"Go for the Eyes+1","floor":15}],"player_experience":921284,"relics_obtained":[{"floor":5,"key":"Bag of Marbles"},{"floor":6,"key":"Dream Catcher"},{"floor":9,"key":"Shuriken"},{"floor":10,"key":"Calipers"},{"floor":11,"key":"Bronze Scales"}],"event_choices":[{"damage_healed":0,"gold_gain":0,"player_choice":"Success","damage_taken":5,"relics_obtained":["Molten Egg 2"],"max_hp_gain":0,"max_hp_loss":0,"event_name":"Scrap Ooze","floor":2,"gold_loss":0},{"damage_healed":0,"gold_gain":0,"player_choice":"Upgraded","damage_taken":0,"max_hp_gain":0,"max_hp_loss":0,"event_name":"Upgrade Shrine","floor":3,"gold_loss":0,"cards_upgraded":["Zap"]},{"damage_healed":0,"gold_gain":0,"player_choice":"Searched \u00271\u0027 times","damage_taken":0,"max_hp_gain":0,"max_hp_loss":0,"event_name":"Dead Adventurer","floor":11,"gold_loss":0}],"is_beta":false,"boss_relics":[],"items_purged_floors":[],"is_endless":false,"potions_floor_spawned":[6,10,11],"killed_by":"The Guardian","ascension_level":20}