{"gold_per_floor":[110,60,73,73,0,0,0,175,175,185,30,30,43,61,61,156,156,171,103,103,118,118],"floor_reached":22,"playtime":1142,"items_purged":[],"score":174,"play_id":"d485db34-c11a-4249-90fd-3961150bea81","local_time":"20190115034219","is_ascension_mode":false,"campfire_choices":[{"data":"Zap","floor":6,"key":"SMITH"},{"data":"Static Discharge","floor":12,"key":"SMITH"},{"data":"Machine Learning","floor":15,"key":"SMITH"}],"neow_cost":"NONE","seed_source_timestamp":1753168881206892,"circlet_count":0,"master_deck":["Strike_B","Strike_B","Strike_B","Defend_B","Defend_B","Defend_B","Zap+1","Dualcast","Buffer","Turbo","Self Repair","Lockon","Redo","Hologram","Doubt","Ball Lightning","Static Discharge+1","Blind","Heatsinks","Machine Learning+1","Reboot","Compile Driver","Static Discharge","Leap"],"relics":["Cracked Core","Juzu Bracelet","White Beast Statue"],"potions_floor_usage":[16,16,22,22],"damage_taken":[{"damage":4,"enemies":"Jaw Worm","floor":1,"turns":5},{"damage":1,"enemies":"2 Louse","floor":3,"turns":3},{"damage":7,"enemies":"Small Slimes","floor":10,"turns":3},{"damage":13,"enemies":"2 Fungi Beasts","floor":13,"turns":2},{"damage":4,"enemies":"3 Louse","floor":14,"turns":4},{"damage":18,"enemies":"Slime Boss","floor":16,"turns":11},{"damage":34,"enemies":"Spheric Guardian","floor":18,"turns":5},{"damage":25,"enemies":"2 Thieves","floor":21,"turns":3},{"damage":13,"enemies":"3 Cultists","floor":22,"turns":3}],"seed_played":"-3549513119720467976","potions_obtained":[{"floor":10,"key":"Block Potion"},{"floor":14,"key":"Weak Potion"},{"floor":18,"key":"FocusPotion"},{"floor":21,"key":"FocusPotion"}],"is_trial":false,"path_per_floor":["M","?","M","?","$","R","?","?","T","M","$","R","M","M","R","B",null,"M","$","?","M","M"],"character_chosen":"DEFECT","items_purchased":["Redo","Hologram","Static Discharge","Blind","Static Discharge"],"campfire_rested":0,"item_purchase_floors":[5,5,11,11,19],"current_hp_per_floor":[71,71,70,70,70,70,75,75,75,75,75,75,69,72,72,54,80,53,53,38,13,0],"gold":118,"neow_bonus":"ONE_RANDOM_RARE_CARD","is_prod":false,"is_daily":false,"chose_seed":false,"campfire_upgraded":3,"win_rate":0.0,"timestamp":1547541739,"path_taken":["M","?","M","?","?","R","?","?","T","M","$","R","M","M","R","BOSS","M","$","?","M","M"],"build_version":"2019-01-10","purchased_purges":0,"victory":false,"max_hp_per_floor":[75,75,75,75,75,75,80,80,80,80,80,80,80,80,80,80,80,80,80,85,85,85],"card_choices":[{"not_picked":["Coolheaded","Beam Cell"],"picked":"Turbo","floor":1},{"not_picked":["Chill","Ball Lightning"],"picked":"Self Repair","floor":3},{"not_picked":["Sunder","Cold Snap"],"picked":"Ball Lightning","floor":10},{"not_picked":["Hologram","Melter"],"picked":"Heatsinks","floor":13},{"not_picked":["Compile Driver","Hologram"],"picked":"Machine Learning","floor":14},{"not_picked":["Meteor Strike","Fission"],"picked":"Reboot","floor":16},{"not_picked":["Hologram","Redo"],"picked":"Compile Driver","floor":18},{"not_picked":["Barrage","Coolheaded"],"picked":"Leap","floor":21}],"player_experience":21470,"relics_obtained":[{"floor":9,"key":"Juzu Bracelet"}],"event_choices":[{"cards_removed":["Defend_B"],"damage_healed":0,"gold_gain":0,"player_choice":"Card Removal","damage_taken":0,"max_hp_gain":0,"max_hp_loss":0,"event_name":"The Cleric","floor":2,"gold_loss":50},{"damage_healed":0,"gold_gain":0,"cards_transformed":["Strike_B"],"player_choice":"Change","damage_taken":0,"max_hp_gain":0,"max_hp_loss":0,"event_name":"Living Wall","floor":4,"gold_loss":0,"cards_obtained":["Lockon"]},{"damage_healed":0,"gold_gain":0,"player_choice":"Donut","damage_taken":0,"max_hp_gain":5,"max_hp_loss":0,"event_name":"Big Fish","floor":7,"gold_loss":0},{"damage_healed":0,"gold_gain":175,"player_choice":"AGREE","damage_taken":0,"max_hp_gain":0,"max_hp_loss":0,"event_name":"Liars Game","floor":8,"gold_loss":0,"cards_obtained":["Doubt"]},{"damage_healed":0,"gold_gain":0,"player_choice":"Shed Blood","damage_taken":20,"max_hp_gain":5,"max_hp_loss":0,"event_name":"Forgotten Altar","floor":20,"gold_loss":0}],"is_beta":false,"boss_relics":[{"not_picked":["Snecko Eye","Runic Dome"],"picked":"White Beast Statue"}],"items_purged_floors":[],"is_endless":false,"potions_floor_spawned":[10,14,18,21],"killed_by":"3 Cultists","ascension_level":0}