{"gold_per_floor":[114,129,144,73,88,118,118,148,173,173,203,218,218,18,18,118,118,103,118,118,30,45,45,45],"floor_reached":24,"playtime":1344,"items_purged":[],"score":241,"play_id":"430be7c2-40ab-456a-b53f-5f35e35be149","local_time":"20190130040600","daily_mods":["Specialized","Red Cards","Elite Swarm"],"is_ascension_mode":false,"campfire_choices":[{"floor":7,"key":"REST"},{"floor":13,"key":"REST"},{"data":"Seeing Red","floor":15,"key":"SMITH"},{"floor":23,"key":"REST"}],"neow_cost":"","seed_source_timestamp":1147636055711700,"circlet_count":0,"master_deck":["Defend_G","Defend_G","Defend_G","Defend_G","Defend_G","Strike_G","Strike_G","Strike_G","Strike_G","Strike_G","Survivor","Neutralize","Second Wind","Second Wind","Second Wind","Second Wind","Seeing Red+1","Body Slam","Backflip","Inflame","Noxious Fumes","Bullet Time","Burst","Dodge and Roll","Deflect","Die Die Die","Feel No Pain","Noxious Fumes","Backflip"],"special_seed":17926,"relics":["Bottled Flame","Snake Skull","Bag of Preparation","Omamori","Lantern","Sozu","Nloth\u0027s Gift"],"potions_floor_usage":[8,16,16,19,19],"damage_taken":[{"damage":15,"enemies":"Cultist","floor":1,"turns":6},{"damage":0,"enemies":"2 Louse","floor":2,"turns":2},{"damage":9,"enemies":"Jaw Worm","floor":3,"turns":5},{"damage":3,"enemies":"Red Slaver","floor":5,"turns":4},{"damage":23,"enemies":"Lagavulin","floor":6,"turns":10},{"damage":17,"enemies":"3 Sentries","floor":8,"turns":10},{"damage":17,"enemies":"Lagavulin","floor":11,"turns":8},{"damage":10,"enemies":"Large Slime","floor":12,"turns":7},{"damage":30,"enemies":"Slime Boss","floor":16,"turns":12},{"damage":11,"enemies":"2 Thieves","floor":18,"turns":4},{"damage":10,"enemies":"Spheric Guardian","floor":19,"turns":7},{"damage":43,"enemies":"3 Cultists","floor":22,"turns":6},{"damage":27,"enemies":"Sentry and Sphere","floor":24,"turns":7}],"seed_played":"5247171825333593752","potions_obtained":[{"floor":1,"key":"SpeedPotion"},{"floor":5,"key":"GamblersBrew"},{"floor":8,"key":"SkillPotion"},{"floor":12,"key":"SkillPotion"},{"floor":16,"key":"Block Potion"}],"is_trial":false,"path_per_floor":["M","M","M","$","M","E","R","E","T","?","E","M","R","$","R","B",null,"M","M","?","$","M","R","M"],"character_chosen":"THE_SILENT","items_purchased":["Inflame","Lantern","Deflect","Noxious Fumes","Backflip"],"campfire_rested":3,"item_purchase_floors":[4,14,14,21,21],"current_hp_per_floor":[55,55,46,46,43,20,41,24,24,70,53,43,64,64,64,34,70,59,49,49,49,6,27,0],"gold":45,"neow_bonus":"","is_prod":false,"is_daily":true,"chose_seed":false,"campfire_upgraded":1,"win_rate":0,"timestamp":1548839160,"path_taken":["M","M","?","$","?","E","R","E","T","?","E","?","R","$","R","BOSS","M","M","?","$","?","R","M"],"build_version":"2019-01-23","purchased_purges":0,"victory":false,"max_hp_per_floor":[70,70,70,70,70,70,70,70,70,70,70,70,70,70,70,70,70,70,70,70,70,70,70,70],"card_choices":[{"not_picked":["Blood for Blood","Thunderclap"],"picked":"Seeing Red","floor":1},{"not_picked":["Anger","Quick Slash"],"picked":"Body Slam","floor":2},{"not_picked":["Body Slam","Deflect"],"picked":"Backflip","floor":3},{"not_picked":["Skewer","Feel No Pain"],"picked":"Noxious Fumes","floor":5},{"not_picked":["Dark Embrace","Envenom","Corpse Explosion"],"picked":"SKIP","floor":6},{"not_picked":["Berserk","Die Die Die"],"picked":"Bullet Time","floor":8},{"not_picked":["Bullet Time","Wraith Form v2"],"picked":"Burst","floor":11},{"not_picked":["Acrobatics","Flying Knee"],"picked":"Dodge and Roll","floor":12},{"not_picked":["Tools of the Trade","Doppelganger"],"picked":"Die Die Die","floor":16},{"not_picked":["Well Laid Plans","Reckless Charge"],"picked":"Feel No Pain","floor":18},{"not_picked":["Havoc","Acrobatics","Headbutt+1"],"picked":"SKIP","floor":19},{"not_picked":["Envenom","Blood for Blood","Dagger Spray"],"picked":"SKIP","floor":22}],"player_experience":275902,"relics_obtained":[{"floor":6,"key":"Bottled Flame"},{"floor":8,"key":"Snake Skull"},{"floor":9,"key":"Bag of Preparation"},{"floor":11,"key":"Omamori"}],"event_choices":[{"cards_removed":["Second Wind"],"damage_healed":46,"gold_gain":0,"player_choice":"Offered Uncommon","damage_taken":0,"max_hp_gain":0,"max_hp_loss":0,"event_name":"Bonfire Elementals","floor":10,"gold_loss":0},{"damage_healed":0,"gold_gain":0,"player_choice":"Traded Relic","damage_taken":0,"relics_obtained":["Nloth\u0027s Gift"],"max_hp_gain":0,"max_hp_loss":0,"event_name":"N\u0027loth","floor":20,"relics_lost":["Ring of the Snake"],"gold_loss":0}],"is_beta":false,"boss_relics":[{"not_picked":["Runic Pyramid","Coffee Dripper"],"picked":"Sozu"}],"items_purged_floors":[],"is_endless":false,"potions_floor_spawned":[1,5,8,12,16,18,19],"killed_by":"Sentry and Sphere","ascension_level":0}