{"gold_per_floor":[116,116,116,116,137,170,170,92,116,8,8,26,62,87,87,207,207,232,232,257,257,59,59,103,103,103,123,144,144,19,19,19,124,124,140,140,140,158,178,178,190,190,190,190,35,35,35],"floor_reached":48,"playtime":19169,"items_purged":["Strike_R","Strike_R","Strike_R"],"score":966,"play_id":"5c6609d0-f332-4ec6-8924-e67dd47c3cb8","local_time":"20190223170250","is_ascension_mode":true,"campfire_choices":[{"floor":7,"key":"REST"},{"floor":11,"key":"REST"},{"data":"Armaments","floor":15,"key":"SMITH"},{"data":"Blind","floor":23,"key":"SMITH"},{"floor":25,"key":"REST"},{"floor":29,"key":"REST"},{"data":"Juggernaut","floor":32,"key":"SMITH"},{"data":"True Grit","floor":40,"key":"SMITH"},{"floor":42,"key":"REST"},{"data":"Impervious","floor":44,"key":"SMITH"}],"neow_cost":"NONE","seed_source_timestamp":70040076682500,"circlet_count":0,"master_deck":["AscendersBane","Strike_R+1","Defend_R","Defend_R","Defend_R","Defend_R","Bash+1","Headbutt","Armaments+1","Pommel Strike","Demon Form","Flame Barrier","True Grit+1","Headbutt","Metallicize","Clothesline","Juggernaut+1","Flame Barrier","Cleave+1","Twin Strike","Blind+1","Entrench+1","Ghostly Armor","Armaments+1","Impervious+1","Uppercut","Heavy Blade+1","Shrug It Off+1","Juggernaut+1"],"relics":["Burning Blood","Bloody Idol","Sundial","Torii","Dream Catcher","Question Card","Velvet Choker","Red Skull","Whetstone","Frozen Egg 2","Runic Pyramid","Gremlin Horn"],"potions_floor_usage":[14,20,47,47],"damage_taken":[{"damage":3,"enemies":"2 Louse","floor":1,"turns":3},{"damage":6,"enemies":"Cultist","floor":5,"turns":4},{"damage":32,"enemies":"3 Sentries","floor":6,"turns":11},{"damage":1,"enemies":"Small Slimes","floor":12,"turns":5},{"damage":18,"enemies":"Gremlin Nob","floor":13,"turns":4},{"damage":2,"enemies":"Exordium Wildlife","floor":14,"turns":4},{"damage":30,"enemies":"The Guardian","floor":16,"turns":14},{"damage":2,"enemies":"Chosen","floor":18,"turns":6},{"damage":19,"enemies":"2 Thieves","floor":20,"turns":4},{"damage":31,"enemies":"Slavers","floor":24,"turns":6},{"damage":24,"enemies":"Centurion and Healer","floor":27,"turns":9},{"damage":16,"enemies":"Snake Plant","floor":28,"turns":4},{"damage":45,"enemies":"Champ","floor":33,"turns":10},{"damage":25,"enemies":"3 Darklings","floor":35,"turns":8},{"damage":8,"enemies":"Orb Walker","floor":38,"turns":5},{"damage":12,"enemies":"Sphere and 2 Shapes","floor":39,"turns":7},{"damage":22,"enemies":"Jaw Worm Horde","floor":41,"turns":6},{"damage":64,"enemies":"Time Eater","floor":47,"turns":10}],"seed_played":"8135578334971464195","potions_obtained":[{"floor":6,"key":"SkillPotion"},{"floor":12,"key":"Swift Potion"},{"floor":14,"key":"BloodPotion"},{"floor":18,"key":"SkillPotion"},{"floor":33,"key":"SneckoOil"},{"floor":38,"key":"Poison Potion"}],"is_trial":false,"path_per_floor":["M","?","?","?","M","E","R","$","T","$","R","M","E","M","R","B",null,"M","?","M","?","$","R","E","R","T","M","M","R","$","?","R","B",null,"M","$","?","M","M","R","M","R","T","R","$","?","B",null],"character_chosen":"IRONCLAD","items_purchased":["Demon Form","Flame Barrier","Blind","Juggernaut+1"],"campfire_rested":5,"item_purchase_floors":[8,10,22,45],"current_hp_per_floor":[75,55,55,37,37,11,35,35,35,35,59,64,52,56,56,32,68,72,72,59,59,59,59,34,58,58,40,30,54,54,54,54,20,65,51,51,51,54,53,53,42,66,66,66,66,66,8],"gold":35,"neow_bonus":"UPGRADE_CARD","is_prod":false,"is_daily":false,"chose_seed":false,"campfire_upgraded":5,"win_rate":0,"timestamp":1550912570,"path_taken":["M","?","?","?","M","E","R","$","T","$","R","M","E","M","R","BOSS","M","?","M","?","$","R","E","R","T","M","?","R","$","?","R","BOSS","M","$","?","?","M","R","M","R","T","R","$","?","BOSS"],"build_version":"2019-01-23","purchased_purges":3,"victory":true,"max_hp_per_floor":[80,80,80,80,80,80,80,80,80,80,80,80,80,80,80,80,80,80,80,80,80,80,80,80,80,80,80,80,80,80,80,80,80,80,80,80,80,80,80,80,80,80,80,80,80,80,80],"card_choices":[{"not_picked":["Dropkick","Burning Pact"],"picked":"Headbutt","floor":1},{"not_picked":["Intimidate","Second Wind"],"picked":"Armaments","floor":5},{"not_picked":["Flex","Cleave"],"picked":"Pommel Strike","floor":6},{"not_picked":["Clash","Carnage"],"picked":"True Grit","floor":11},{"not_picked":["Perfected Strike","Wild Strike"],"picked":"Headbutt","floor":12},{"not_picked":["Anger","Ghostly Armor"],"picked":"Metallicize","floor":13},{"not_picked":["Sentinel","Iron Wave","Sword Boomerang"],"picked":"Clothesline","floor":14},{"not_picked":["Feed","Barricade","Reaper"],"picked":"Juggernaut","floor":16},{"not_picked":["Wild Strike","Flex","Headbutt"],"picked":"Flame Barrier","floor":18},{"not_picked":["Thunderclap","Flex","Iron Wave"],"picked":"Twin Strike","floor":20},{"not_picked":["Bloodletting","Evolve","Second Wind+1"],"picked":"Entrench+1","floor":24},{"not_picked":["Clash","Body Slam","Heavy Blade"],"picked":"Ghostly Armor","floor":25},{"not_picked":["Exhume","Warcry","Cleave","Rampage"],"picked":"SKIP","floor":27},{"not_picked":["Hemokinesis","Headbutt","Warcry","Carnage"],"picked":"SKIP","floor":28},{"not_picked":["True Grit","Warcry","Bloodletting"],"picked":"Armaments+1","floor":29},{"not_picked":["Bludgeon","Reaper","Demon Form+1"],"picked":"Impervious","floor":33},{"not_picked":["Twin Strike","Flex","Body Slam"],"picked":"Uppercut","floor":35},{"not_picked":["Havoc","Pommel Strike","Feel No Pain+1"],"picked":"Heavy Blade+1","floor":38},{"not_picked":["Havoc","Headbutt","Hemokinesis"],"picked":"Shrug It Off+1","floor":39},{"not_picked":["Hemokinesis+1","Clash","Wild Strike","Flex"],"picked":"SKIP","floor":41}],"player_experience":385270,"relics_obtained":[{"floor":6,"key":"Torii"},{"floor":9,"key":"Dream Catcher"},{"floor":13,"key":"Question Card"},{"floor":24,"key":"Whetstone"},{"floor":26,"key":"Frozen Egg 2"},{"floor":43,"key":"Gremlin Horn"}],"event_choices":[{"damage_healed":0,"gold_gain":0,"player_choice":"Take Damage","damage_taken":20,"relics_obtained":["Golden Idol"],"max_hp_gain":0,"max_hp_loss":0,"event_name":"Golden Idol","floor":2,"gold_loss":0},{"damage_healed":0,"gold_gain":0,"player_choice":"Ignored","damage_taken":0,"max_hp_gain":0,"max_hp_loss":0,"event_name":"Shining Light","floor":3,"gold_loss":0},{"damage_healed":0,"gold_gain":0,"player_choice":"Success","damage_taken":18,"relics_obtained":["Sundial"],"max_hp_gain":0,"max_hp_loss":0,"event_name":"Scrap Ooze","floor":4,"gold_loss":0},{"damage_healed":0,"gold_gain":0,"player_choice":"Read","damage_taken":0,"max_hp_gain":0,"max_hp_loss":0,"event_name":"The Library","floor":19,"gold_loss":0,"cards_obtained":["Cleave"]},{"damage_healed":0,"gold_gain":0,"player_choice":"Gave Potion","damage_taken":0,"relics_obtained":["Red Skull"],"max_hp_gain":0,"max_hp_loss":0,"event_name":"WeMeetAgain","floor":21,"gold_loss":0},{"damage_healed":0,"gold_gain":0,"player_choice":"Gave Idol","damage_taken":0,"relics_obtained":["Bloody Idol"],"max_hp_gain":0,"max_hp_loss":0,"event_name":"Forgotten Altar","floor":31,"relics_lost":["Golden Idol"],"gold_loss":0},{"cards_removed":["Strike_R"],"damage_healed":0,"gold_gain":0,"player_choice":"Purged","damage_taken":0,"max_hp_gain":0,"max_hp_loss":0,"event_name":"Purifier","floor":37,"gold_loss":0},{"damage_healed":0,"gold_gain":0,"player_choice":"Took Portal","damage_taken":0,"max_hp_gain":0,"max_hp_loss":0,"event_name":"SecretPortal","floor":46,"gold_loss":0}],"is_beta":false,"boss_relics":[{"not_picked":["Lizard Tail","Empty Cage"],"picked":"Velvet Choker"},{"not_picked":["Philosopher\u0027s Stone","Eternal Feather"],"picked":"Runic Pyramid"}],"items_purged_floors":[10,22,30],"is_endless":false,"potions_floor_spawned":[6,12,13,14,18,33,38,39],"ascension_level":12}