{"gold_per_floor":[116,131,149,159,235,235,252,252,252,268,284,4,29,29,29,129,129,141,141,153,78,78],"floor_reached":22,"playtime":2839,"items_purged":["Parasite"],"score":188,"play_id":"ca2b1412-6ba7-488a-a0d7-47910e1210ce","local_time":"20180702132947","is_ascension_mode":false,"campfire_choices":[{"data":"Searing Blow","floor":6,"key":"SMITH"},{"data":"Demon Form","floor":15,"key":"SMITH"}],"neow_cost":"","seed_source_timestamp":2036105054637,"circlet_count":0,"master_deck":["Strike_R","Strike_R","Strike_R","Strike_R","Defend_R","Defend_R+1","Defend_R","Defend_R","Bash","Flex+1","Searing Blow+1","Iron Wave","Anger","Flex","Entrench","Armaments","Shrug It Off","Apotheosis","Finesse","Demon Form+1","Reaper","Shrug It Off+1","Seeing Red"],"relics":["Burning Blood","War Paint","Blood Vial","Black Star","Enchiridion"],"potions_floor_usage":[13,13,18,18],"damage_taken":[{"damage":3,"enemies":"2 Louse","floor":1,"turns":5},{"damage":0,"enemies":"Small Slimes","floor":2,"turns":3},{"damage":1,"enemies":"Cultist","floor":3,"turns":3},{"damage":10,"enemies":"Looter","floor":4,"turns":3},{"damage":5,"enemies":"3 Louse","floor":7,"turns":3},{"damage":16,"enemies":"Exordium Thugs","floor":10,"turns":5},{"damage":12,"enemies":"Blue Slaver","floor":11,"turns":3},{"damage":15,"enemies":"Lagavulin","floor":13,"turns":7},{"damage":59,"enemies":"The Guardian","floor":16,"turns":9},{"damage":34,"enemies":"3 Byrds","floor":18,"turns":7},{"damage":16,"enemies":"Shell Parasite","floor":20,"turns":9},{"damage":56,"enemies":"Cultist and Chosen","floor":22,"turns":6}],"seed_played":"486247421845200328","potions_obtained":[{"floor":4,"key":"Explosive Potion"},{"floor":7,"key":"Explosive Potion"},{"floor":11,"key":"Ancient Potion"},{"floor":16,"key":"Fruit Juice"},{"floor":18,"key":"Dexterity Potion"}],"is_trial":false,"path_per_floor":["M","M","M","M","?","R","M","?","T","M","M","$","E","?","R","B",null,"M","?","M","$"],"character_chosen":"IRONCLAD","items_purchased":["Apotheosis","Finesse"],"campfire_rested":0,"item_purchase_floors":[12,12],"current_hp_per_floor":[80,80,80,76,76,76,77,77,77,67,61,61,52,72,72,21,80,66,50,45,45,0],"gold":78,"neow_bonus":"","is_prod":false,"is_daily":false,"chose_seed":false,"campfire_upgraded":2,"win_rate":0.0,"timestamp":1530530987,"path_taken":["M","M","M","M","?","R","M","?","T","M","M","$","E","?","R","BOSS","M","?","M","$","M"],"build_version":"2018-06-28","purchased_purges":1,"victory":false,"max_hp_per_floor":[80,80,80,80,80,80,80,80,80,80,80,80,80,80,80,80,80,85,85,85,82,82],"card_choices":[{"not_picked":["True Grit","Dual Wield"],"picked":"Flex","floor":1},{"not_picked":["Shockwave","Clothesline"],"picked":"Searing Blow","floor":2},{"not_picked":["Hemokinesis","Disarm"],"picked":"Iron Wave","floor":3},{"not_picked":["Thunderclap","Clothesline"],"picked":"Anger","floor":4},{"not_picked":["Sword Boomerang","Corruption"],"picked":"Flex","floor":7},{"not_picked":["Shockwave","Uppercut"],"picked":"Armaments","floor":10},{"not_picked":["Juggernaut","Thunderclap"],"picked":"Shrug It Off","floor":11},{"not_picked":["Metallicize","Bloodletting"],"picked":"Demon Form","floor":13},{"not_picked":["Berserk","Dark Embrace"],"picked":"Reaper","floor":16},{"not_picked":["Dropkick","Armaments"],"picked":"Shrug It Off+1","floor":18},{"not_picked":["Hemokinesis+1","Bloodletting"],"picked":"Seeing Red","floor":20}],"player_experience":0,"relics_obtained":[{"floor":9,"key":"War Paint"},{"floor":13,"key":"Blood Vial"},{"floor":19,"key":"Enchiridion"}],"event_choices":[{"event_name":"Golden Wing","player_choice":"Gained Gold","floor":5,"damage_taken":0},{"event_name":"Living Wall","player_choice":"Change","floor":8,"damage_taken":0},{"event_name":"Mushrooms","player_choice":"Healed and dodged fight","floor":14,"damage_taken":0},{"event_name":"Cursed Tome","player_choice":"Obtained Book","floor":19,"damage_taken":0}],"boss_relics":[{"not_picked":["Runic Dome","Tiny House"],"picked":"Black Star"}],"items_purged_floors":[21],"is_endless":false,"potions_floor_spawned":[4,7,11,16,18],"killed_by":"Cultist and Chosen","ascension_level":0}