{"gold_per_floor":[114,127,62,73,89,89,89,102,102,117,42,117,117,143,143,143],"floor_reached":16,"playtime":1264,"items_purged":["Strike_B"],"score":292,"play_id":"29e1bb57-c268-4420-a605-8b6ca9ca9170","local_time":"20181122221143","is_ascension_mode":true,"campfire_choices":[{"data":"Fusion","floor":6,"key":"SMITH"},{"data":"Auto Shields","floor":13,"key":"SMITH"},{"data":"Dualcast","floor":15,"key":"SMITH"}],"neow_cost":"NONE","seed_source_timestamp":0,"circlet_count":0,"master_deck":["AscendersBane","Strike_B","Strike_B","Strike_B","Defend_B","Defend_B","Defend_B","Defend_B","Zap","Dualcast+1","Electrodynamics","Fusion+1","Auto Shields+1","Leap","Turbo","Undo","Undo"],"special_seed":0,"relics":["Cracked Core","Meat on the Bone","Anchor","Sundial","Boot"],"potions_floor_usage":[10,16,16],"damage_taken":[{"damage":9,"enemies":"Small Slimes","floor":1,"turns":4},{"damage":1,"enemies":"Cultist","floor":2,"turns":3},{"damage":5,"enemies":"Jaw Worm","floor":4,"turns":4},{"damage":4,"enemies":"Red Slaver","floor":5,"turns":5},{"damage":15,"enemies":"Large Slime","floor":8,"turns":5},{"damage":10,"enemies":"Exordium Thugs","floor":10,"turns":5},{"damage":0,"enemies":"3 Sentries","floor":14,"turns":4},{"damage":55,"enemies":"Hexaghost","floor":16,"turns":16}],"seed_played":"-5047067199938015661","potions_obtained":[{"floor":5,"key":"Weak Potion"},{"floor":8,"key":"SteroidPotion"},{"floor":10,"key":"AttackPotion"}],"is_trial":false,"path_per_floor":["M","M","?","M","M","R","?","M","T","M","$","?","R","E","R","B"],"character_chosen":"DEFECT","items_purchased":[],"campfire_rested":0,"item_purchase_floors":[],"current_hp_per_floor":[59,58,58,53,49,49,49,46,46,48,48,37,37,49,49,0],"gold":143,"neow_bonus":"ONE_RANDOM_RARE_CARD","is_prod":false,"is_daily":false,"chose_seed":false,"campfire_upgraded":3,"win_rate":0,"timestamp":1542921103,"path_taken":["M","M","?","?","?","R","?","M","T","?","$","?","R","E","R","BOSS"],"build_version":"2018-11-15","purchased_purges":1,"victory":false,"max_hp_per_floor":[75,75,75,75,75,75,75,75,75,75,75,75,75,75,75,75],"card_choices":[{"not_picked":["Sweeping Beam","Compile Driver"],"picked":"Fusion","floor":1},{"not_picked":["Recycle","Steam"],"picked":"Auto Shields","floor":2},{"not_picked":["Cold Snap","Streamline"],"picked":"Leap","floor":4},{"not_picked":["Melter","Sweeping Beam"],"picked":"Turbo","floor":5},{"not_picked":["Turbo","Go for the Eyes"],"picked":"Undo","floor":8},{"not_picked":["Beam Cell","Defragment","Streamline"],"picked":"SKIP","floor":10},{"not_picked":["Stack","Rebound"],"picked":"Undo","floor":14}],"player_experience":539855,"relics_obtained":[{"floor":7,"key":"Anchor"},{"floor":9,"key":"Sundial"},{"floor":14,"key":"Boot"}],"event_choices":[{"damage_healed":0,"gold_gain":0,"player_choice":"Paid Gold","damage_taken":0,"relics_obtained":["Meat on the Bone"],"max_hp_gain":0,"max_hp_loss":0,"event_name":"WeMeetAgain","floor":3,"gold_loss":65},{"damage_healed":0,"gold_gain":0,"player_choice":"Relic","damage_taken":0,"max_hp_gain":0,"max_hp_loss":0,"event_name":"Wheel of Change","floor":7,"gold_loss":0},{"damage_healed":0,"gold_gain":75,"player_choice":"Gather Gold","damage_taken":11,"max_hp_gain":0,"max_hp_loss":0,"event_name":"World of Goop","floor":12,"gold_loss":0}],"is_beta":false,"boss_relics":[],"items_purged_floors":[11],"is_endless":false,"potions_floor_spawned":[5,8,10],"killed_by":"Hexaghost","ascension_level":13}