{"gold_per_floor":[119,135,152,152,152,181,181,215,215,60,89,89,89,107,107,107],"floor_reached":16,"playtime":1360,"items_purged":[],"score":130,"play_id":"87e8fc82-0920-40eb-b25c-39a324ac8067","local_time":"20180715011548","is_ascension_mode":true,"campfire_choices":[{"data":"Bash","floor":7,"key":"SMITH"},{"data":"Corruption","floor":13,"key":"SMITH"},{"data":"Pommel Strike","floor":15,"key":"SMITH"}],"neow_cost":"TEN_PERCENT_HP_LOSS","seed_source_timestamp":14979850999262,"circlet_count":0,"master_deck":["Strike_R","Strike_R","Defend_R","Defend_R","Defend_R","Defend_R","Bash+1","Reaper","True Grit","Combust","Shockwave","Inflame","Brutality","Corruption+1","Havoc","Injury","Pommel Strike+1"],"relics":["Burning Blood","Bottled Flame","Sundial","Ornamental Fan","Centennial Puzzle","Bag of Preparation","Golden Idol"],"potions_floor_usage":[6,6,8,16],"damage_taken":[{"damage":25,"enemies":"Jaw Worm","floor":1,"turns":8},{"damage":12,"enemies":"Cultist","floor":2,"turns":5},{"damage":7,"enemies":"2 Louse","floor":3,"turns":4},{"damage":22,"enemies":"3 Sentries","floor":6,"turns":7},{"damage":29,"enemies":"Gremlin Nob","floor":8,"turns":5},{"damage":15,"enemies":"Lagavulin","floor":11,"turns":5},{"damage":9,"enemies":"Large Slime","floor":14,"turns":4},{"damage":62,"enemies":"Slime Boss","floor":16,"turns":6}],"seed_played":"-2248616297508271659","potions_obtained":[{"floor":1,"key":"LiquidBronze"},{"floor":2,"key":"SkillPotion"},{"floor":6,"key":"Fire Potion"},{"floor":8,"key":"Poison Potion"},{"floor":11,"key":"Fire Potion"}],"is_trial":false,"path_per_floor":["M","M","M","?","?","E","R","E","T","$","E","?","R","M","R"],"character_chosen":"IRONCLAD","items_purchased":["Centennial Puzzle"],"campfire_rested":0,"item_purchase_floors":[10],"current_hp_per_floor":[53,51,58,58,58,60,60,46,46,46,46,46,46,55,55,0],"gold":107,"neow_bonus":"TRANSFORM_TWO_CARDS","is_prod":false,"is_daily":false,"chose_seed":false,"campfire_upgraded":3,"win_rate":0,"timestamp":1531610148,"path_taken":["M","M","M","?","?","E","R","E","T","$","E","?","R","M","R","BOSS"],"build_version":"2018-07-12","purchased_purges":0,"victory":false,"max_hp_per_floor":[72,72,72,72,72,72,72,72,72,72,72,72,72,72,72,72],"card_choices":[{"not_picked":["Flex","Body Slam"],"picked":"Combust","floor":1},{"not_picked":["True Grit","Sword Boomerang"],"picked":"Shockwave","floor":2},{"not_picked":["Flex","Limit Break"],"picked":"Inflame","floor":3},{"not_picked":["Havoc","Clash"],"picked":"Brutality","floor":6},{"not_picked":["Iron Wave","Clash"],"picked":"Corruption","floor":8},{"not_picked":["Headbutt","Evolve"],"picked":"Havoc","floor":11},{"not_picked":["Wild Strike","Inflame"],"picked":"Pommel Strike","floor":14}],"player_experience":108045,"relics_obtained":[{"floor":6,"key":"Bottled Flame"},{"floor":8,"key":"Sundial"},{"floor":9,"key":"Ornamental Fan"},{"floor":11,"key":"Bag of Preparation"}],"event_choices":[{"event_name":"Bonfire Elementals","player_choice":"BASIC","floor":4,"damage_taken":0},{"event_name":"Liars Game","player_choice":"disagreed","floor":5,"damage_taken":0},{"event_name":"Golden Idol","player_choice":"Take Wound","floor":12,"damage_taken":0}],"boss_relics":[],"items_purged_floors":[],"is_endless":false,"potions_floor_spawned":[1,2,6,8,11],"killed_by":"Slime Boss","ascension_level":2}