{"gold_per_floor":[112,122,132,132,144,172,172,185,185,185,185,224,224,29,29,29],"floor_reached":16,"playtime":1222,"items_purged":[],"score":127,"play_id":"c5c156af-11eb-43c3-8ef2-5908fdeabd69","local_time":"20180724144822","is_ascension_mode":true,"campfire_choices":[{"data":"Rage","floor":7,"key":"SMITH"},{"data":"Shrug It Off","floor":10,"key":"SMITH"},{"floor":15,"key":"REST"}],"neow_cost":"TEN_PERCENT_HP_LOSS","seed_source_timestamp":7546078489033,"circlet_count":0,"master_deck":["Strike_R","Strike_R","Defend_R","Defend_R","Defend_R","Defend_R","Bash","Pummel","Spot Weakness","Shrug It Off+1","Rage+1","Seeing Red","Pummel","Feed","Apotheosis"],"relics":["Burning Blood","Letter Opener","Question Card","Golden Idol","Ancient Tea Set","Ice Cream"],"potions_floor_usage":[6,12,16,16],"damage_taken":[{"damage":1,"enemies":"Cultist","floor":1,"turns":3},{"damage":3,"enemies":"2 Louse","floor":2,"turns":3},{"damage":5,"enemies":"Small Slimes","floor":3,"turns":4},{"damage":1,"enemies":"3 Louse","floor":5,"turns":4},{"damage":24,"enemies":"Lagavulin","floor":6,"turns":5},{"damage":13,"enemies":"Large Slime","floor":8,"turns":9},{"damage":16,"enemies":"3 Sentries","floor":12,"turns":6},{"damage":22,"enemies":"Slime Boss","floor":16,"turns":10}],"seed_played":"4192015310753800663","potions_obtained":[{"floor":3,"key":"AttackPotion"},{"floor":6,"key":"LiquidBronze"},{"floor":8,"key":"FearPotion"},{"floor":12,"key":"Dexterity Potion"}],"is_trial":false,"path_per_floor":["M","M","M","?","M","E","R","M","T","R","?","E","?","$","R"],"character_chosen":"IRONCLAD","items_purchased":["Apotheosis"],"campfire_rested":1,"item_purchase_floors":[14],"current_hp_per_floor":[72,72,72,72,72,54,54,47,47,47,29,19,1,1,22,0],"gold":29,"neow_bonus":"TRANSFORM_TWO_CARDS","is_prod":false,"is_daily":false,"chose_seed":false,"campfire_upgraded":2,"win_rate":0,"timestamp":1532436502,"path_taken":["M","M","M","?","M","E","R","M","T","R","?","E","?","?","R","BOSS"],"build_version":"2018-07-19v2","purchased_purges":0,"victory":false,"max_hp_per_floor":[72,72,72,72,72,72,72,72,72,72,72,72,72,72,72,72],"card_choices":[{"not_picked":["Clash","Havoc","Armaments"],"picked":"SKIP","floor":1},{"not_picked":["Anger","Clash","Wild Strike"],"picked":"SKIP","floor":2},{"not_picked":["Rampage","Body Slam"],"picked":"Shrug It Off","floor":3},{"not_picked":["Perfected Strike","Power Through"],"picked":"Seeing Red","floor":5},{"not_picked":["Clash","Clothesline","True Grit"],"picked":"SKIP","floor":6},{"not_picked":["Clothesline","Metallicize"],"picked":"Pummel","floor":8},{"not_picked":["Blood for Blood","Shockwave","Warcry"],"picked":"Feed","floor":12}],"player_experience":175686,"relics_obtained":[{"floor":6,"key":"Letter Opener"},{"floor":9,"key":"Question Card"},{"floor":12,"key":"Ancient Tea Set"}],"event_choices":[{"event_name":"Living Wall","player_choice":"Change","floor":4,"damage_taken":0},{"event_name":"Golden Idol","player_choice":"Take Damage","floor":11,"damage_taken":0},{"event_name":"Scrap Ooze","player_choice":"success","floor":13,"damage_taken":18}],"is_beta":false,"boss_relics":[],"items_purged_floors":[],"is_endless":false,"potions_floor_spawned":[3,6,8,12],"killed_by":"Slime Boss","ascension_level":3}