{"gold_per_floor":[110,110,125,139,139,139,139,169,169,3,21,21,21,79,79,174,174,186,186,186,186,50,50,67,67,67,0],"floor_reached":27,"playtime":587,"items_purged":["Consume","Strike_B","Glacier+1"],"score":307,"play_id":"9f616287-78c7-415f-990c-3c4c50d05d38","local_time":"20190222082522","daily_mods":["Heirloom","Flight"],"is_ascension_mode":false,"campfire_choices":[{"data":"Zap","floor":6,"key":"SMITH"},{"data":"strawberrySpire:Ronchyble","floor":12,"key":"SMITH"},{"data":"Conserve Battery","floor":13,"key":"SMITH"},{"data":"Defragment","floor":23,"key":"SMITH"},{"floor":25,"key":"REST"}],"neow_cost":"","seed_source_timestamp":0,"circlet_count":0,"master_deck":["Strike_B","Strike_B","Defend_B","Defend_B","Defend_B","Zap+1","Dualcast","Conserve Battery+1","Ball Lightning","Cold Snap","strawberrySpire:Ronchyble+1","Finesse+1","Echo Form","Cold Snap","Strike_B","Defragment+1","conspire:SharedLibrary+1"],"relics":["Cracked Core","Ring of Chaos","replay:Trail_Library","Durian","Potion Belt","Toxic Egg 2","aspiration:BabyByrd","halation:Prosthetics","hubris:64BitClover"],"potions_floor_usage":[],"damage_taken":[{"damage":0,"enemies":"Small Slimes","floor":1,"turns":2},{"damage":0,"enemies":"Cultist","floor":3,"turns":3},{"damage":0,"enemies":"2 Louse","floor":4,"turns":2},{"damage":13,"enemies":"Lagavulin","floor":8,"turns":5},{"damage":0,"enemies":"conspire:2 RoseBushes","floor":11,"turns":4},{"damage":41,"enemies":"Hexaghost","floor":16,"turns":9},{"damage":15,"enemies":"theJungle:MUSHROOMGANG","floor":18,"turns":4},{"damage":16,"enemies":"theJungle:Flameango_and_Byrd","floor":24,"turns":6}],"seed_played":"-2990746676521434366","potions_obtained":[{"floor":1,"key":"FearPotion"},{"floor":2,"key":"EssenceOfSteel"},{"floor":2,"key":"Regen Potion"},{"floor":8,"key":"Elixir"},{"floor":11,"key":"Weak Potion"}],"is_trial":true,"path_per_floor":["M","?","M","M","?","R","?","E","T","$","M","R","R","?","R","B",null,"M","?","?","?","$","R","M","R","T","$"],"character_chosen":"DEFECT","items_purchased":["Finesse+1","Defragment"],"campfire_rested":1,"item_purchase_floors":[10,22],"current_hp_per_floor":[80,80,80,80,80,80,80,67,67,67,67,67,67,67,67,26,45,30,20,20,22,22,22,6,19,19,19],"gold":0,"neow_bonus":"","is_prod":false,"is_daily":false,"chose_seed":false,"campfire_upgraded":4,"win_rate":0,"timestamp":1550784322,"path_taken":["M","?","M","?","?","R","?","E","T","?","?","R","R","?","R","BOSS","M","?","?","?","?","R","?","R","T","?"],"build_version":"2019-01-23","purchased_purges":3,"victory":false,"max_hp_per_floor":[80,80,80,80,80,80,80,80,80,80,80,80,80,80,80,80,45,45,45,45,45,45,45,45,45,45,45],"card_choices":[{"not_picked":["Reinforced Body","strawberrySpire:Adapter"],"picked":"Conserve Battery","floor":1},{"not_picked":["Barrage","strawberrySpire:NeonFlight"],"picked":"Ball Lightning","floor":3},{"not_picked":["Darkness","Static Discharge"],"picked":"Cold Snap","floor":4},{"not_picked":["Chaos","Cold Snap"],"picked":"strawberrySpire:Ronchyble","floor":8},{"not_picked":["Ball Lightning","Redo+1","Doom and Gloom"],"picked":"SKIP","floor":11},{"not_picked":["conspire:Rain+1","Biased Cognition"],"picked":"Echo Form","floor":16},{"not_picked":["Hello World+1","strawberrySpire:Compressor+1"],"picked":"Cold Snap","floor":18},{"not_picked":["Genetic Algorithm+1","strawberrySpire:Compressor+1"],"picked":"conspire:SharedLibrary+1","floor":24}],"player_experience":385169,"relics_obtained":[{"floor":8,"key":"Potion Belt"},{"floor":9,"key":"Toxic Egg 2"},{"floor":26,"key":"hubris:64BitClover"}],"event_choices":[{"damage_healed":0,"gold_gain":0,"player_choice":"Got Potions","damage_taken":0,"max_hp_gain":0,"max_hp_loss":0,"event_name":"Lab","floor":2,"gold_loss":0},{"cards_removed":["Strike_B"],"damage_healed":0,"gold_gain":0,"player_choice":"Forget","damage_taken":0,"max_hp_gain":0,"max_hp_loss":0,"event_name":"Living Wall","floor":7,"gold_loss":0},{"damage_healed":0,"gold_gain":58,"player_choice":"Gained Gold","damage_taken":0,"max_hp_gain":0,"max_hp_loss":0,"event_name":"Golden Wing","floor":14,"gold_loss":0}],"is_beta":false,"boss_relics":[{"not_picked":["Pandora\u0027s Box","halation:PinkAlligatorPlush"],"picked":"halation:Prosthetics"}],"items_purged_floors":[10,22,27],"is_endless":true,"potions_floor_spawned":[1,8,11,18,24],"ascension_level":0}