{"gold_per_floor":[115,265,283,34,34,66,66,66,66,21,21,21],"floor_reached":12,"playtime":234,"items_purged":[],"score":130,"play_id":"2dbe98c8-3100-41ed-97a8-3dca32a119c8","local_time":"20190216131701","is_ascension_mode":true,"campfire_choices":[{"floor":8.0,"key":"REST"}],"neow_cost":"NONE","seed_source_timestamp":0,"circlet_count":0,"master_deck":["AscendersBane","Strike_B","Strike_B","Strike_B","Strike_B","Defend_B","Defend_B","Defend_B","Defend_B","Zap","Dualcast","Rebound","Recycle","Coolheaded","Cold Snap"],"special_seed":0,"relics":["Cracked Core","Blood Vial","Question Card","Omamori","Meat on the Bone","Smiling Mask"],"potions_floor_usage":[],"damage_taken":[{"damage":0.0,"enemies":"Small Slimes","floor":1.0,"turns":3.0},{"damage":3.0,"enemies":"2 Louse","floor":3.0,"turns":3.0},{"damage":55.0,"enemies":"3 Sentries","floor":6.0,"turns":11.0},{"damage":0,"enemies":"3 Sentries","floor":12,"turns":1}],"seed_played":"1927930757630067605","potions_obtained":[{"floor":6.0,"key":"Regen Potion"}],"is_trial":false,"path_per_floor":["M","?","M","$","?","E","?","R","T","$","T","?"],"character_chosen":"DEFECT","items_purchased":["Question Card","Cold Snap"],"campfire_rested":1,"item_purchase_floors":[4,10],"current_hp_per_floor":[66,66,65,65,58,5,5,26,26,26,26,28],"gold":21,"neow_bonus":"RANDOM_COMMON_RELIC","is_prod":false,"is_daily":false,"chose_seed":false,"campfire_upgraded":0,"win_rate":0,"timestamp":1550344621,"path_taken":["M","?","M","$","?","E","?","R","T","$","?","?"],"build_version":"2019-01-23","purchased_purges":0,"victory":false,"max_hp_per_floor":[71,71,71,71,71,71,71,71,71,71,71,71],"card_choices":[{"not_picked":["Stack","Fusion"],"picked":"Rebound","floor":1.0},{"not_picked":["Steam","Rebound"],"picked":"Recycle","floor":3.0},{"not_picked":["Beam Cell","Streamline","Scrape"],"picked":"Coolheaded","floor":6.0}],"player_experience":188065,"relics_obtained":[{"floor":6.0,"key":"Omamori"},{"floor":9.0,"key":"Meat on the Bone"},{"floor":11.0,"key":"Smiling Mask"}],"event_choices":[{"damage_healed":0.0,"max_hp_gain":0.0,"max_hp_loss":0.0,"gold_gain":150.0,"event_name":"Liars Game","player_choice":"AGREE","floor":2.0,"gold_loss":0.0,"damage_taken":0.0,"cards_obtained":["Doubt"]},{"cards_removed":["Doubt"],"damage_healed":0.0,"max_hp_gain":0.0,"max_hp_loss":0.0,"gold_gain":0.0,"event_name":"Golden Wing","player_choice":"Card Removal","floor":5.0,"gold_loss":0.0,"damage_taken":7.0},{"damage_healed":0.0,"max_hp_gain":0.0,"max_hp_loss":0.0,"gold_gain":0.0,"event_name":"Scrap Ooze","player_choice":"Fled","floor":7.0,"gold_loss":0.0,"damage_taken":0.0},{"damage_healed":0,"gold_gain":0,"player_choice":"Searched \u00271\u0027 times","damage_taken":0,"max_hp_gain":0,"max_hp_loss":0,"event_name":"Dead Adventurer","floor":12,"gold_loss":0}],"is_beta":false,"boss_relics":[],"items_purged_floors":[],"is_endless":false,"potions_floor_spawned":[6],"killed_by":"3 Sentries","ascension_level":15}