{"gold_per_floor":[116,116,116,134,134,134,167,167,240,252,252,281,298,315,315,414,414,433,433,433,348,348,379,398,433,433,433,452,452,191,202,202,297,297,307,307],"floor_reached":36,"playtime":2477,"items_purged":["Strike_B"],"score":566,"play_id":"a0c2cb88-cb09-43c7-9c30-6805acb2c4b6","local_time":"20180725155415","is_ascension_mode":true,"campfire_choices":[{"data":"Zap","floor":6,"key":"SMITH"},{"floor":8,"key":"REST"},{"data":"Leap","floor":11,"key":"SMITH"},{"data":"Defend_B","floor":15,"key":"SMITH"},{"floor":27,"key":"REST"},{"floor":29,"key":"REST"},{"floor":32,"key":"REST"}],"neow_cost":"FIFTY_PERCENT_DAMAGE","seed_source_timestamp":96666406281275,"circlet_count":0,"master_deck":["Strike_B","Strike_B","Defend_B+1","Defend_B","Defend_B","Defend_B+1","Zap+1","Dualcast","Electrodynamics","Double Energy","Leap+1","Turbo+1","Amplify","Storm","Tempest","Self Repair","Thunder Strike","Auto Shields+1","Heatsinks","Thunder Strike","Leap+1","Conserve Battery","Skim","Tempest","Loop","Static Discharge","White Noise+1","Amplify","Static Discharge+1","Defragment"],"relics":["Cracked Core","Boot","Prayer Wheel","Darkstone Periapt","Pen Nib","Nuclear Battery","Blue Candle","War Paint","Bag of Preparation","Molten Egg 2","Oddly Smooth Stone","Inserter"],"potions_floor_usage":[12,16,16,18,28,36,36],"damage_taken":[{"damage":5,"enemies":"Small Slimes","floor":1,"turns":3},{"damage":0,"enemies":"Jaw Worm","floor":4,"turns":3},{"damage":13,"enemies":"3 Sentries","floor":7,"turns":3},{"damage":0,"enemies":"2 Louse","floor":10,"turns":2},{"damage":0,"enemies":"Gremlin Nob","floor":12,"turns":3},{"damage":0,"enemies":"Large Slime","floor":13,"turns":5},{"damage":3,"enemies":"Blue Slaver","floor":14,"turns":3},{"damage":31,"enemies":"The Guardian","floor":16,"turns":13},{"damage":26,"enemies":"2 Thieves","floor":18,"turns":3},{"damage":19,"enemies":"Slavers","floor":23,"turns":3},{"damage":12,"enemies":"3 Byrds","floor":24,"turns":3},{"damage":48,"enemies":"Gremlin Leader","floor":25,"turns":6},{"damage":18,"enemies":"3 Cultists","floor":28,"turns":3},{"damage":5,"enemies":"Snake Plant","floor":31,"turns":4},{"damage":36,"enemies":"Automaton","floor":33,"turns":7},{"damage":0,"enemies":"3 Shapes","floor":35,"turns":1},{"damage":74,"floor":36,"turns":6}],"seed_played":"-4252636105357517963","potions_obtained":[{"floor":4,"key":"Fire Potion"},{"floor":7,"key":"GamblersBrew"},{"floor":12,"key":"Swift Potion"},{"floor":14,"key":"GamblersBrew"},{"floor":23,"key":"Energy Potion"},{"floor":25,"key":"LiquidBronze"},{"floor":28,"key":"Block Potion"},{"floor":35,"key":"Weak Potion"}],"is_trial":false,"path_per_floor":["M","?","?","M","?","R","E","R","T","M","R","E","M","M","R","B",null,"M","?","?","?","?","E","M","E","T","R","M","R","$","M","R","B",null,"M"],"character_chosen":"DEFECT","items_purchased":["Oddly Smooth Stone","Loop"],"campfire_rested":4,"item_purchase_floors":[30,30],"current_hp_per_floor":[29,17,42,42,42,42,29,51,51,51,51,51,51,48,48,24,62,36,61,61,61,61,49,51,10,10,32,14,36,36,38,60,38,66,73,0],"gold":307,"neow_bonus":"THREE_RARE_CARDS","is_prod":false,"is_daily":false,"chose_seed":false,"campfire_upgraded":3,"win_rate":0,"timestamp":1532526855,"path_taken":["M","?","?","?","?","R","E","R","T","M","R","E","M","M","R","BOSS","M","?","?","?","?","E","M","E","T","R","M","R","?","?","R","BOSS","M","?"],"build_version":"2018-07-19v2","purchased_purges":1,"victory":false,"max_hp_per_floor":[75,75,75,75,75,75,75,75,75,75,75,75,75,75,75,75,75,75,75,75,75,75,75,75,75,75,75,75,75,75,75,75,75,75,75,75],"card_choices":[{"not_picked":["Hyperbeam","All For One"],"picked":"Electrodynamics","floor":0},{"not_picked":["Hologram","Gash"],"picked":"Double Energy","floor":1},{"not_picked":["FTL","Ball Lightning"],"picked":"Leap","floor":4},{"not_picked":["Rebound","Hologram","Go for the Eyes"],"picked":"SKIP","floor":7},{"not_picked":["Core Surge","Hologram"],"picked":"Turbo","floor":10},{"not_picked":["Gash","Consume","Aggregate"],"picked":"SKIP","floor":10},{"not_picked":["Coolheaded","FTL"],"picked":"Amplify","floor":12},{"not_picked":["Steam","Leap"],"picked":"Storm","floor":13},{"not_picked":["Double Energy","Sunder"],"picked":"Tempest","floor":13},{"not_picked":["Beam Cell","Redo"],"picked":"Self Repair","floor":14},{"not_picked":["Go for the Eyes","Cold Snap","Streamline"],"picked":"SKIP","floor":14},{"not_picked":["Creative AI","All For One"],"picked":"Thunder Strike","floor":16},{"not_picked":["Reinforced Body","Barrage"],"picked":"Auto Shields+1","floor":18},{"not_picked":["White Noise","Sweeping Beam+1"],"picked":"Heatsinks","floor":18},{"not_picked":["Steam","Darkness","Scrape"],"picked":"SKIP","floor":23},{"not_picked":["Rebound","Go for the Eyes"],"picked":"Leap+1","floor":24},{"not_picked":["Recycle","Hello World"],"picked":"Conserve Battery","floor":24},{"not_picked":["Stack+1","Beam Cell+1"],"picked":"Skim","floor":25},{"not_picked":["Turbo","Streamline+1"],"picked":"Tempest","floor":28},{"not_picked":["Rip and Tear+1","Consume","Sweeping Beam+1"],"picked":"SKIP","floor":28},{"not_picked":["Reprogram","Electrodynamics"],"picked":"Static Discharge","floor":31},{"not_picked":["Streamline+1","Rebound+1"],"picked":"White Noise+1","floor":31},{"not_picked":["Electrodynamics","Creative AI"],"picked":"Amplify","floor":33},{"not_picked":["Blizzard+1","Streamline+1"],"picked":"Static Discharge+1","floor":35},{"not_picked":["Coolheaded","Cold Snap+1"],"picked":"Defragment","floor":35}],"player_experience":210316,"relics_obtained":[{"floor":7,"key":"Prayer Wheel"},{"floor":9,"key":"Darkstone Periapt"},{"floor":12,"key":"Pen Nib"},{"floor":23,"key":"War Paint"},{"floor":25,"key":"Bag of Preparation"},{"floor":26,"key":"Molten Egg 2"}],"event_choices":[{"event_name":"Scrap Ooze","player_choice":"success","floor":2,"damage_taken":12},{"event_name":"Big Fish","player_choice":"Banana","floor":3,"damage_taken":0},{"event_name":"Bonfire Elementals","player_choice":"BASIC","floor":5,"damage_taken":0},{"event_name":"The Library","player_choice":"Heal","floor":19,"damage_taken":0},{"event_name":"Duplicator","player_choice":"One dupe","floor":20,"damage_taken":0},{"event_name":"Addict","player_choice":"Obtained Relic","floor":21,"damage_taken":0},{"event_name":"Drug Dealer","player_choice":"Ignored","floor":22,"damage_taken":0},{"event_name":"Mysterious Sphere","player_choice":"Fight","floor":36,"damage_taken":0}],"is_beta":false,"boss_relics":[{"not_picked":["Ectoplasm","Eternal Feather"],"picked":"Nuclear Battery"},{"not_picked":["White Beast Statue","Astrolabe"],"picked":"Inserter"}],"items_purged_floors":[30],"is_endless":false,"potions_floor_spawned":[4,7,12,14,23,25,28,35],"ascension_level":6}