{"gold_per_floor":[119,129,5,19,19,19,32,63,63,81,81],"floor_reached":11,"playtime":251,"items_purged":[],"score":128,"play_id":"4d81abcc-a453-41c2-ad66-e57893de7a6e","local_time":"20190208153920","is_ascension_mode":true,"campfire_choices":[{"data":"Zap","floor":6,"key":"SMITH"}],"neow_cost":"NONE","seed_source_timestamp":567363670441348,"circlet_count":0,"master_deck":["AscendersBane","Strike_B+1","Strike_B","Strike_B+1","Strike_B","Defend_B","Defend_B","Defend_B","Defend_B","Zap+1","Dualcast","Beam Cell","Leap","Defragment","Go for the Eyes","Cold Snap","Leap","Ball Lightning","Coolheaded"],"relics":["Cracked Core","Ornamental Fan","Bottled Tornado"],"potions_floor_usage":[8],"damage_taken":[{"damage":18,"enemies":"Jaw Worm","floor":1,"turns":4},{"damage":8,"enemies":"Small Slimes","floor":2,"turns":3},{"damage":0,"enemies":"2 Louse","floor":4,"turns":4},{"damage":9,"enemies":"Looter","floor":7,"turns":3},{"damage":14,"enemies":"Gremlin Nob","floor":8,"turns":4},{"damage":5,"enemies":"Blue Slaver","floor":10,"turns":3},{"damage":4,"enemies":"3 Louse","floor":11,"turns":1}],"seed_played":"-3531117646775168858","potions_obtained":[{"floor":1,"key":"FocusPotion"},{"floor":8,"key":"SneckoOil"},{"floor":10,"key":"Energy Potion"}],"is_trial":false,"path_per_floor":["M","M","$","M","?","R","M","E","T","M","M"],"character_chosen":"DEFECT","items_purchased":["Defragment","Go for the Eyes"],"campfire_rested":0,"item_purchase_floors":[3,3],"current_hp_per_floor":[53,45,45,45,29,29,20,6,6,1,0],"gold":81,"neow_bonus":"TEN_PERCENT_HP_BONUS","is_prod":false,"is_daily":false,"chose_seed":false,"campfire_upgraded":1,"win_rate":0,"timestamp":1549661960,"path_taken":["M","M","$","M","?","R","M","E","T","M","M"],"build_version":"2019-01-23","purchased_purges":0,"victory":false,"max_hp_per_floor":[78,78,78,78,78,78,78,78,78,78,78],"card_choices":[{"not_picked":["Heatsinks","Compile Driver"],"picked":"Beam Cell","floor":1},{"not_picked":["Heatsinks","Barrage"],"picked":"Leap","floor":2},{"not_picked":["Heatsinks","Sweeping Beam"],"picked":"Cold Snap","floor":4},{"not_picked":["Thunder Strike","Chill"],"picked":"Leap","floor":7},{"not_picked":["Steam Power","Stack"],"picked":"Ball Lightning","floor":8},{"not_picked":["Compile Driver","Redo"],"picked":"Coolheaded","floor":10}],"player_experience":173586,"relics_obtained":[{"floor":8,"key":"Ornamental Fan"},{"floor":9,"key":"Bottled Tornado"}],"event_choices":[{"damage_healed":0,"gold_gain":0,"player_choice":"Entered Light","damage_taken":16,"max_hp_gain":0,"max_hp_loss":0,"event_name":"Shining Light","floor":5,"gold_loss":0,"cards_upgraded":["Strike_B","Strike_B"]}],"is_beta":false,"boss_relics":[],"items_purged_floors":[],"is_endless":false,"potions_floor_spawned":[1,8,10],"killed_by":"3 Louse","ascension_level":14}