{"gold_per_floor":[213,226,226,62,62,90,90,125,175,175,175,185,198,216,216,216],"floor_reached":16,"playtime":417,"items_purged":[],"score":223,"play_id":"7bf8dc51-9dcb-4cc6-9b3f-963ecc5f50ef","local_time":"20190209173212","is_ascension_mode":true,"campfire_choices":[{"floor":7,"key":"REST"},{"floor":15,"key":"REST"}],"neow_cost":"NONE","seed_source_timestamp":297249701181151,"circlet_count":0,"master_deck":["AscendersBane","Strike_B","Strike_B+1","Strike_B","Strike_B","Defend_B","Defend_B","Defend_B","Defend_B+1","Dualcast","Steam","strawberrySpire:HateBit","Rebound","Swift Strike","Sweeping Beam","Glacier","Sweeping Beam","Melter","Hologram"],"relics":["Cracked Core","aspiration:MysteriousAuxiliaryCore","Vajra","Centennial Puzzle","Mango"],"potions_floor_usage":[],"damage_taken":[{"damage":1,"enemies":"Small Slimes","floor":1,"turns":3},{"damage":0,"enemies":"2 Louse","floor":2,"turns":1},{"damage":25,"enemies":"3 Sentries","floor":6,"turns":7},{"damage":35,"enemies":"Gremlin Nob","floor":8,"turns":4},{"damage":0,"enemies":"Cultist","floor":12,"turns":3},{"damage":0,"enemies":"2 Fungi Beasts","floor":13,"turns":2},{"damage":2,"enemies":"Blue Slaver","floor":14,"turns":3},{"damage":50,"enemies":"Hexaghost","floor":16,"turns":9}],"seed_played":"3489378717836635187","potions_obtained":[{"floor":2,"key":"Reflective Coating"},{"floor":6,"key":"Dexterity Potion"},{"floor":8,"key":"FearPotion"}],"is_trial":false,"path_per_floor":["M","M","?","$","?","E","R","E","T","?","?","M","M","M","R","B"],"character_chosen":"DEFECT","items_purchased":["Rebound","Swift Strike"],"campfire_rested":2,"item_purchase_floors":[4,4],"current_hp_per_floor":[63,63,68,68,45,20,42,7,7,7,21,21,21,19,46,0],"gold":216,"neow_bonus":"HUNDRED_GOLD","is_prod":false,"is_daily":false,"chose_seed":false,"campfire_upgraded":0,"win_rate":0,"timestamp":1549693932,"path_taken":["M","M","?","$","?","E","R","E","T","?","?","M","?","M","R","BOSS"],"build_version":"2019-01-23","purchased_purges":0,"victory":false,"max_hp_per_floor":[71,71,76,76,76,76,76,76,76,76,90,90,90,90,90,90],"card_choices":[{"not_picked":["Turbo","BasicCrystalCard"],"picked":"Steam","floor":1},{"not_picked":["Skim","strawberrySpire:Disconnect"],"picked":"strawberrySpire:HateBit","floor":2},{"not_picked":["Steam","Panic Button"],"picked":"Sweeping Beam","floor":6},{"not_picked":["Turbo","strawberrySpire:Disconnect"],"picked":"Glacier","floor":8},{"not_picked":["Consume","Defragment"],"picked":"Sweeping Beam","floor":12},{"not_picked":["Barrage","Conserve Battery"],"picked":"Melter","floor":13},{"not_picked":["Leap","Redo"],"picked":"Hologram","floor":14}],"player_experience":411346,"relics_obtained":[{"floor":6,"key":"aspiration:MysteriousAuxiliaryCore"},{"floor":8,"key":"Vajra"},{"floor":9,"key":"Centennial Puzzle"}],"event_choices":[{"damage_healed":0,"gold_gain":0,"player_choice":"Donut","damage_taken":0,"max_hp_gain":5,"max_hp_loss":0,"event_name":"Big Fish","floor":3,"gold_loss":0},{"damage_healed":0,"gold_gain":0,"player_choice":"Entered Light","damage_taken":23,"max_hp_gain":0,"max_hp_loss":0,"event_name":"Shining Light","floor":5,"gold_loss":0,"cards_upgraded":["Strike_B","Defend_B"]},{"cards_removed":["Zap"],"damage_healed":0,"gold_gain":0,"player_choice":"Forget","damage_taken":0,"max_hp_gain":0,"max_hp_loss":0,"event_name":"Living Wall","floor":10,"gold_loss":0},{"damage_healed":0,"gold_gain":0,"player_choice":"Gave Potion","damage_taken":0,"relics_obtained":["Mango"],"max_hp_gain":0,"max_hp_loss":0,"event_name":"WeMeetAgain","floor":11,"gold_loss":0}],"is_beta":false,"boss_relics":[],"items_purged_floors":[],"is_endless":false,"potions_floor_spawned":[2,6,8],"killed_by":"Hexaghost","ascension_level":16}