{"gold_per_floor":[112,112,112,130,147,147,182,197,221,240,240,259,276,50,50,149,149,169,84,102,102,25,52,64,110,122,134,157,189,13,30,30,132,182,196,211,221,221,42,42,75,75,126,151,151,151,169,179,179,179],"floor_reached":51,"playtime":2903,"items_purged":["Strike_R","Strike_R","Strike_R+1"],"score":1229,"play_id":"cfe56347-9051-4489-8482-5846009b5fff","local_time":"20180818184329","is_ascension_mode":true,"campfire_choices":[{"data":"Anger","floor":6.0,"key":"SMITH"},{"data":"Anger","floor":11.0,"key":"SMITH"},{"data":"Inflame","floor":15,"key":"SMITH"},{"data":"True Grit","floor":24,"key":"SMITH"},{"data":"Clash","floor":27,"key":"SMITH"},{"data":"Intimidate","floor":32,"key":"SMITH"},{"data":"J.A.X.","floor":40,"key":"SMITH"},{"data":"Defend_R","floor":42,"key":"SMITH"},{"data":"Defend_R","floor":45,"key":"SMITH"},{"floor":49,"key":"REST"}],"neow_cost":"CURSE","seed_source_timestamp":0,"circlet_count":0,"master_deck":["Defend_R","Defend_R+1","Defend_R+1","Anger+1","Intimidate+1","Anger+1","Inflame+1","Flex","Dramatic Entrance","True Grit+1","J.A.X.+1","Clash+1","Purity","Flex+1","Anger+1","Flex","Fire Breathing+1","Clash+1","Blind"],"special_seed":0,"relics":["Burning Blood","Unceasing Top","Bag of Marbles","Happy Flower","Empty Cage","Red Skull","MawBank","Dodecahedron","Vajra","Tiny House","Turnip","Lantern","Ginger"],"potions_floor_usage":[16,18,25,33,36,41,50,50],"damage_taken":[{"damage":0.0,"enemies":"2 Louse","floor":1.0,"turns":3.0},{"damage":0.0,"enemies":"Cultist","floor":4.0,"turns":4.0},{"damage":2.0,"enemies":"Small Slimes","floor":5.0,"turns":4.0},{"damage":41.0,"enemies":"Lagavulin","floor":7.0,"turns":8.0},{"damage":4.0,"enemies":"Blue Slaver","floor":8.0,"turns":3.0},{"damage":12.0,"enemies":"Exordium Wildlife","floor":10.0,"turns":3.0},{"damage":5.0,"enemies":"3 Louse","floor":12.0,"turns":3.0},{"damage":0.0,"enemies":"Blue Slaver","floor":13.0,"turns":3.0},{"damage":20,"enemies":"Hexaghost","floor":16,"turns":6},{"damage":0,"enemies":"2 Thieves","floor":18,"turns":3},{"damage":10,"enemies":"3 Byrds","floor":20,"turns":4},{"damage":21,"enemies":"Book of Stabbing","floor":23,"turns":4},{"damage":21,"enemies":"Slavers","floor":25,"turns":6},{"damage":3,"enemies":"Sentry and Sphere","floor":28,"turns":3},{"damage":3,"enemies":"Centurion and Healer","floor":29,"turns":2},{"damage":8,"enemies":"Snake Plant","floor":31,"turns":2},{"damage":24,"enemies":"Champ","floor":33,"turns":4},{"damage":8,"enemies":"3 Shapes","floor":35,"turns":1},{"damage":3,"enemies":"Flame Bruiser 1 Orb","floor":36,"turns":3},{"damage":4,"enemies":"Sphere and 2 Shapes","floor":37,"turns":3},{"damage":23,"enemies":"Nemesis","floor":41,"turns":3},{"damage":3,"enemies":"Giant Head","floor":44,"turns":1},{"damage":3,"enemies":"Transient","floor":47,"turns":3},{"damage":29,"enemies":"4 Shapes","floor":48,"turns":5},{"damage":3,"enemies":"Donu and Deca","floor":50,"turns":2}],"seed_played":"-4040064163658183704","potions_obtained":[{"floor":4.0,"key":"Block Potion"},{"floor":7.0,"key":"SkillPotion"},{"floor":13,"key":"PowerPotion"},{"floor":18,"key":"FearPotion"},{"floor":25,"key":"Poison Potion"},{"floor":31,"key":"Energy Potion"},{"floor":33,"key":"Weak Potion"},{"floor":34,"key":"Regen Potion"},{"floor":36,"key":"FearPotion"},{"floor":47,"key":"FearPotion"}],"is_trial":false,"path_per_floor":["M","?","?","M","M","R","E","M","T","M","R","M","M","$","R","B",null,"M","?","M","?","?","E","R","E","T","R","M","M","$","M","R","B",null,"M","M","M","?","$","R","E","R","T","E","R","?","M","M","R","B"],"character_chosen":"IRONCLAD","items_purchased":["Flex","Dramatic Entrance","Purity","Flex"],"campfire_rested":1,"item_purchase_floors":[14,14,30,39],"current_hp_per_floor":[78,78,71,77,80,80,45,47,47,41,41,42,48,48,48,34,69,75,75,71,71,71,56,56,41,41,41,44,47,47,45,45,27,72,70,73,75,75,75,75,58,58,58,61,61,61,64,41,66,69],"gold":179,"neow_bonus":"ONE_RARE_RELIC","is_prod":false,"is_daily":false,"chose_seed":false,"campfire_upgraded":9,"win_rate":0,"timestamp":1534610609,"path_taken":["M","?","?","M","?","R","E","M","T","M","R","M","M","$","R","BOSS","M","?","M","?","?","E","R","E","T","R","M","M","$","?","R","BOSS","M","M","M","?","$","R","E","R","T","E","R","?","?","M","R","BOSS"],"build_version":"2018-08-16","purchased_purges":3,"victory":true,"max_hp_per_floor":[80,80,80,80,80,80,80,80,80,80,80,80,80,80,80,80,80,80,80,80,80,80,80,80,80,80,80,80,80,80,80,80,80,85,85,85,85,85,85,85,85,85,85,85,85,85,85,85,85,85],"card_choices":[{"not_picked":["Headbutt","True Grit"],"picked":"Anger","floor":1.0},{"not_picked":["Fire Breathing","Ghostly Armor"],"picked":"Intimidate","floor":4.0},{"not_picked":["Feel No Pain","Heavy Blade","Infernal Blade"],"picked":"SKIP","floor":5.0},{"not_picked":["Bloodletting","Cleave"],"picked":"Anger","floor":7.0},{"not_picked":["Hemokinesis","Sever Soul","Thunderclap"],"picked":"SKIP","floor":8.0},{"not_picked":["Hemokinesis","Headbutt","Havoc"],"picked":"SKIP","floor":10.0},{"not_picked":["Whirlwind","Headbutt","Fire Breathing"],"picked":"SKIP","floor":12.0},{"not_picked":["Wild Strike","Shockwave"],"picked":"Inflame","floor":13},{"not_picked":["Pommel Strike+1","Rampage"],"picked":"True Grit","floor":18},{"not_picked":["Metallicize","Body Slam","Heavy Blade"],"picked":"SKIP","floor":20},{"not_picked":["Feel No Pain","Power Through","Headbutt"],"picked":"SKIP","floor":23},{"not_picked":["Disarm","Warcry"],"picked":"Clash","floor":25},{"not_picked":["Shrug It Off","Twin Strike","Reckless Charge"],"picked":"SKIP","floor":28},{"not_picked":["Double Tap","Bloodletting+1","Pommel Strike+1"],"picked":"SKIP","floor":29},{"not_picked":["Thunderclap","Armaments"],"picked":"Flex+1","floor":31},{"not_picked":["Inflame","Wild Strike"],"picked":"Anger+1","floor":35},{"not_picked":["Shockwave","Headbutt","True Grit+1"],"picked":"SKIP","floor":36},{"not_picked":["Heavy Blade","Fire Breathing","Pummel+1"],"picked":"SKIP","floor":37},{"not_picked":["Shockwave+1","Clash"],"picked":"Fire Breathing+1","floor":41},{"not_picked":["Shockwave+1","Carnage"],"picked":"Clash+1","floor":44},{"not_picked":["Impatience","Finesse"],"picked":"Blind","floor":46},{"not_picked":["Whirlwind+1","Clothesline","Blood for Blood+1"],"picked":"SKIP","floor":47},{"not_picked":["Rupture","Wild Strike","Sword Boomerang+1"],"picked":"SKIP","floor":48}],"player_experience":314972,"relics_obtained":[{"floor":7.0,"key":"Bag of Marbles"},{"floor":9.0,"key":"Happy Flower"},{"floor":23,"key":"MawBank"},{"floor":25,"key":"Dodecahedron"},{"floor":26,"key":"Vajra"},{"floor":41,"key":"Turnip"},{"floor":43,"key":"Lantern"},{"floor":44,"key":"Ginger"}],"event_choices":[{"event_name":"Fountain of Cleansing","player_choice":"Removed Curse","floor":2.0,"damage_taken":0.0},{"event_name":"Golden Wing","player_choice":"Card Removal","floor":3.0,"damage_taken":0.0},{"event_name":"Addict","player_choice":"Obtained Relic","floor":19,"damage_taken":0},{"event_name":"Cursed Tome","player_choice":"Ignored","floor":21,"damage_taken":0},{"event_name":"Drug Dealer","player_choice":"Got JAXXED","floor":22,"damage_taken":0},{"event_name":"Falling","player_choice":"Removed Skill","floor":38,"damage_taken":0},{"event_name":"SensoryStone","player_choice":"Memory 1","floor":46,"damage_taken":0}],"is_beta":false,"boss_relics":[{"not_picked":["Lizard Tail","Philosopher\u0027s Stone"],"picked":"Empty Cage"},{"not_picked":["Runic Pyramid","Astrolabe"],"picked":"Tiny House"}],"items_purged_floors":[14,30,39],"is_endless":false,"potions_floor_spawned":[4,7,13,18,25,31,33,36,47,48],"ascension_level":8}