{"gold_per_floor":[110,110,35,106,125,125,75,89,112,131,131,148,178,178,178,178],"floor_reached":16,"playtime":1251,"items_purged":["Strike_B","Strike_B"],"score":155,"play_id":"f9717aa9-f974-4e79-a7d8-6bad4939cc7e","local_time":"20180902011152","is_ascension_mode":true,"campfire_choices":[{"data":"Loop","floor":6,"key":"SMITH"},{"data":"Chaos","floor":11,"key":"SMITH"},{"data":"Fusion","floor":15,"key":"SMITH"}],"neow_cost":"NONE","seed_source_timestamp":0,"circlet_count":0,"master_deck":["Strike_B","Defend_B","Defend_B","Defend_B","Defend_B","Zap","Dualcast","AscendersBane","Loop+1","Glacier","Conserve Battery","Chaos+1","Fusion+1","Reinforced Body","Injury"],"special_seed":0,"relics":["Cracked Core","Blue Candle","Smiling Mask","Potion Belt","Anchor","Golden Idol"],"potions_floor_usage":[13],"damage_taken":[{"damage":8,"enemies":"Jaw Worm","floor":1,"turns":4},{"damage":2,"enemies":"Cultist","floor":5,"turns":4},{"damage":0,"enemies":"2 Louse","floor":8,"turns":5},{"damage":0,"enemies":"Large Slime","floor":10,"turns":7},{"damage":16,"enemies":"Lots of Slimes","floor":12,"turns":6},{"damage":13,"enemies":"3 Sentries","floor":13,"turns":12},{"damage":30,"enemies":"Hexaghost","floor":16,"turns":11}],"seed_played":"-1595076682735570414","potions_obtained":[{"floor":1,"key":"FocusPotion"},{"floor":10,"key":"PowerPotion"}],"is_trial":false,"path_per_floor":["M","?","$","T","M","R","$","M","T","M","R","M","E","?","R"],"character_chosen":"DEFECT","items_purchased":[],"campfire_rested":0,"item_purchase_floors":[],"current_hp_per_floor":[60,60,60,60,58,58,58,58,58,58,58,42,29,29,29,0],"gold":178,"neow_bonus":"TRANSFORM_CARD","is_prod":false,"is_daily":false,"chose_seed":false,"campfire_upgraded":3,"win_rate":0,"timestamp":1535843512,"path_taken":["M","?","?","?","M","R","$","M","T","M","R","?","E","?","R","BOSS"],"build_version":"2018-08-30","purchased_purges":2,"victory":false,"max_hp_per_floor":[75,75,75,75,75,75,75,75,75,75,75,75,75,75,75,75],"card_choices":[{"not_picked":["Skim","Redo"],"picked":"Glacier","floor":1},{"not_picked":["Redo","Rip and Tear","Gash"],"picked":"SKIP","floor":5},{"not_picked":["Cold Snap","Double Energy"],"picked":"Conserve Battery","floor":8},{"not_picked":["Scrape","Gash"],"picked":"Chaos","floor":10},{"not_picked":["Steam","Streamline"],"picked":"Fusion","floor":12},{"not_picked":["Redo","Rebound"],"picked":"Reinforced Body","floor":13}],"player_experience":365622,"relics_obtained":[{"floor":4,"key":"Smiling Mask"},{"floor":9,"key":"Potion Belt"},{"floor":13,"key":"Anchor"}],"event_choices":[{"event_name":"WeMeetAgain","player_choice":"Potion","floor":2,"damage_taken":0},{"event_name":"Golden Idol","player_choice":"Take Wound","floor":14,"damage_taken":0}],"is_beta":false,"boss_relics":[],"items_purged_floors":[3,7],"is_endless":false,"potions_floor_spawned":[1,10],"killed_by":"Hexaghost","ascension_level":11}