{"gold_per_floor":[117,117,127,302,302,334,334,365,365,365,391,391,124,124,124,219,219,232,243,262,262,281,281],"floor_reached":23,"playtime":2233,"items_purged":["Regret"],"score":259,"play_id":"477311bf-69b1-4d4e-bd6e-eafd082dd7fe","local_time":"20190212145406","is_ascension_mode":true,"campfire_choices":[{"data":"Loop","floor":7,"key":"SMITH"},{"data":"Go for the Eyes","floor":10,"key":"SMITH"},{"data":"Echo Form","floor":12,"key":"SMITH"},{"data":"Dualcast","floor":15,"key":"SMITH"}],"neow_cost":"CURSE","seed_source_timestamp":398675847524761,"circlet_count":0,"master_deck":["Strike_B","Strike_B","Strike_B","Defend_B","Defend_B","Defend_B","Defend_B","Zap","Dualcast+1","Coolheaded+1","Loop+1","Go for the Eyes+1","Doubt","Conserve Battery","Echo Form+1","Compile Driver","Hologram+1","Apotheosis+1","Core Surge","Force Field+1","Coolheaded+1","Coolheaded+1"],"relics":["Cracked Core","Mango","Mummified Hand","Cables","Smiling Mask","Toxic Egg 2","Pocketwatch","Nuclear Battery","Nilry\u0027s Codex"],"potions_floor_usage":[6,18,18,23,23],"damage_taken":[{"damage":2,"enemies":"2 Louse","floor":1,"turns":3},{"damage":0,"enemies":"Cultist","floor":3,"turns":3},{"damage":17,"enemies":"3 Sentries","floor":6,"turns":9},{"damage":22,"enemies":"Gremlin Nob","floor":8,"turns":4},{"damage":25,"enemies":"Lagavulin","floor":11,"turns":7},{"damage":3,"enemies":"Hexaghost","floor":16,"turns":10},{"damage":14,"enemies":"2 Thieves","floor":18,"turns":4},{"damage":0,"enemies":"Chosen","floor":19,"turns":5},{"damage":4,"enemies":"Shelled Parasite and Fungi","floor":20,"turns":6},{"damage":5,"enemies":"Centurion and Healer","floor":22,"turns":7},{"damage":44,"enemies":"Slavers","floor":23,"turns":5}],"seed_played":"-4895944245431541051","potions_obtained":[{"floor":3,"key":"FocusPotion"},{"floor":11,"key":"Weak Potion"},{"floor":16,"key":"PowerPotion"},{"floor":18,"key":"Explosive Potion"},{"floor":19,"key":"Block Potion"}],"is_trial":false,"path_per_floor":["?","M","?","T","?","M","?"],"character_chosen":"DEFECT","items_purchased":["Hologram+1","Apotheosis+1"],"campfire_rested":0,"item_purchase_floors":[13,13],"current_hp_per_floor":[87,87,87,87,87,70,70,48,48,48,23,23,23,23,23,20,72,58,58,54,38,33,0],"gold":281,"neow_bonus":"ONE_RARE_RELIC","is_prod":false,"is_daily":false,"chose_seed":false,"campfire_upgraded":4,"win_rate":0,"timestamp":1549979646,"path_taken":["M","?","?","?","?","E","R","E","T","R","E","R","$","?","R","BOSS","M","M","?","?","M","E"],"build_version":"2019-01-23","purchased_purges":1,"victory":false,"max_hp_per_floor":[89,89,89,89,89,89,89,89,89,89,89,89,89,89,89,89,89,89,89,89,89,89,89],"card_choices":[{"not_picked":["Compile Driver","Beam Cell"],"picked":"Coolheaded","floor":1},{"not_picked":["Leap","Compile Driver"],"picked":"Go for the Eyes","floor":3},{"not_picked":["Blizzard","Redo"],"picked":"Conserve Battery","floor":6},{"not_picked":["Stack","Self Repair"],"picked":"Echo Form","floor":8},{"not_picked":["Ball Lightning","Melter"],"picked":"Compile Driver","floor":11},{"not_picked":["Multi-Cast+1","Meteor Strike"],"picked":"Core Surge","floor":16},{"not_picked":["Doom and Gloom","Steam+1"],"picked":"Force Field+1","floor":18},{"not_picked":["Recycle+1","Ball Lightning+1"],"picked":"Coolheaded+1","floor":19},{"not_picked":["Darkness+1","Rebound","Cold Snap"],"picked":"SKIP","floor":20},{"not_picked":["Thunder Strike","Rebound"],"picked":"Coolheaded+1","floor":22}],"player_experience":146614,"relics_obtained":[{"floor":5,"key":"Mummified Hand"},{"floor":6,"key":"Cables"},{"floor":8,"key":"Smiling Mask"},{"floor":9,"key":"Toxic Egg 2"},{"floor":11,"key":"Pocketwatch"},{"floor":21,"key":"Nilry\u0027s Codex"}],"event_choices":[{"damage_healed":0,"gold_gain":0,"cards_transformed":["Strike_B"],"player_choice":"Transformed","damage_taken":0,"max_hp_gain":0,"max_hp_loss":0,"event_name":"Transmorgrifier","floor":2,"gold_loss":0,"cards_obtained":["Loop"]},{"damage_healed":0,"gold_gain":175,"player_choice":"AGREE","damage_taken":0,"max_hp_gain":0,"max_hp_loss":0,"event_name":"Liars Game","floor":4,"gold_loss":0,"cards_obtained":["Doubt"]},{"damage_healed":0,"gold_gain":0,"player_choice":"Upgraded","damage_taken":0,"max_hp_gain":0,"max_hp_loss":0,"event_name":"Upgrade Shrine","floor":14,"gold_loss":0,"cards_upgraded":["Coolheaded"]},{"damage_healed":0,"gold_gain":0,"player_choice":"Obtained Book","damage_taken":16,"max_hp_gain":0,"max_hp_loss":0,"event_name":"Cursed Tome","floor":21,"gold_loss":0}],"is_beta":false,"boss_relics":[{"not_picked":["Calling Bell","Fusion Hammer"],"picked":"Nuclear Battery"}],"items_purged_floors":[13],"is_endless":false,"potions_floor_spawned":[3,11,16,18,19],"killed_by":"Slavers","ascension_level":5}