{"gold_per_floor":[115,4,4,15,15,15,30,30,54,83,100,100,100,130,130,203,203,221,58,74,54,10,10,23,23,47,60,60,70,70,96,96,168,168,182,197,197,29,29,29,60,60,60,73,104,124,124,139,139,139],"floor_reached":50,"playtime":1826,"items_purged":[],"score":1056,"play_id":"a8e61d89-05cc-4b95-a907-6e6a092c4bff","local_time":"20190223172531","is_ascension_mode":true,"campfire_choices":[{"data":"Dualcast","floor":6.0,"key":"SMITH"},{"floor":8.0,"key":"REST"},{"data":"Capacitor","floor":12.0,"key":"SMITH"},{"floor":15.0,"key":"REST"},{"data":"Defragment","floor":23.0,"key":"SMITH"},{"floor":25.0,"key":"REST"},{"floor":30.0,"key":"REST"},{"floor":32,"key":"REST"},{"floor":40,"key":"REST"},{"floor":42,"key":"REST"},{"floor":47,"key":"REST"},{"floor":49,"key":"REST"}],"neow_cost":"NONE","seed_source_timestamp":12237766223600,"circlet_count":0,"master_deck":["AscendersBane","Strike_B","Strike_B","Strike_B","Defend_B","Defend_B","Defend_B","Defend_B+1","Zap+1","Dualcast+1","Compile Driver","Cold Snap+1","Ball Lightning","Capacitor+1","Echo Form","Coolheaded+1","Defragment+1","Chaos+1","Ball Lightning+1","Seek","White Noise","Amplify","Darkness+1","Conserve Battery+1","Seek"],"special_seed":0,"relics":["Cracked Core","NeowsBlessing","Happy Flower","Bottled Flame","Omamori","Cables","Inserter","Bag of Preparation","DataDisk","Ornamental Fan","Nuclear Battery","Vajra","Pen Nib","Frozen Egg 2","Bird Faced Urn"],"potions_floor_usage":[31,33,41,41,50],"damage_taken":[{"damage":0.0,"enemies":"Cultist","floor":1.0,"turns":1.0},{"damage":0.0,"enemies":"Small Slimes","floor":4.0,"turns":1.0},{"damage":0.0,"enemies":"2 Louse","floor":7.0,"turns":1.0},{"damage":6.0,"enemies":"Gremlin Nob","floor":10.0,"turns":3.0},{"damage":11.0,"enemies":"Large Slime","floor":11.0,"turns":4.0},{"damage":20.0,"enemies":"Lagavulin","floor":14.0,"turns":5.0},{"damage":11.0,"enemies":"The Guardian","floor":16.0,"turns":10.0},{"damage":35.0,"enemies":"2 Thieves","floor":18.0,"turns":5.0},{"damage":3.0,"enemies":"Spheric Guardian","floor":20.0,"turns":4.0},{"damage":10.0,"enemies":"Centurion and Healer","floor":24.0,"turns":7.0},{"damage":0.0,"enemies":"Sentry and Sphere","floor":27.0,"turns":5.0},{"damage":20.0,"enemies":"Cultist and Chosen","floor":29.0,"turns":5.0},{"damage":24,"enemies":"Slavers","floor":31,"turns":2},{"damage":27,"enemies":"Collector","floor":33,"turns":9},{"damage":8,"enemies":"3 Darklings","floor":35,"turns":5},{"damage":14,"enemies":"Orb Walker","floor":36,"turns":4},{"damage":17,"enemies":"Reptomancer","floor":41,"turns":6},{"damage":8,"enemies":"3 Darklings","floor":44,"turns":5},{"damage":19,"enemies":"Giant Head","floor":45,"turns":7},{"damage":10,"enemies":"Transient","floor":46,"turns":6},{"damage":36,"enemies":"Spire Growth","floor":48,"turns":6},{"damage":70,"enemies":"Time Eater","floor":50,"turns":6}],"seed_played":"-2782357263250652127","potions_obtained":[{"floor":7.0,"key":"LiquidBronze"},{"floor":11.0,"key":"SpeedPotion"},{"floor":18.0,"key":"LiquidBronze"},{"floor":21.0,"key":"Poison Potion"},{"floor":24.0,"key":"FocusPotion"},{"floor":29.0,"key":"PowerPotion"},{"floor":33,"key":"Ancient Potion"},{"floor":35,"key":"PowerPotion"},{"floor":46,"key":"SpeedPotion"}],"is_trial":false,"path_per_floor":["M","$","?","M","?","R","M","R","T","E","M","R","?","E","R","B",null,"M","$","M","?","$","R","M","R","T","M","?","M","R","E","R","B",null,"M","M","?","$","?","R","E","R","T","M","E","M","R","M","R","B"],"character_chosen":"DEFECT","items_purchased":["Cold Snap","Fire Potion","Bag of Preparation","Defragment","Vajra"],"campfire_rested":9,"item_purchase_floors":[2,2,19,22,38],"current_hp_per_floor":[64,64,43,43,43,43,43,64,64,58,47,47,47,27,48,37,63,28,28,25,25,25,25,15,36,36,36,36,16,37,13,34,7,55,47,33,33,33,33,54,37,58,58,50,31,33,54,26,47,0],"gold":139,"neow_bonus":"THREE_ENEMY_KILL","is_prod":false,"is_daily":false,"chose_seed":false,"campfire_upgraded":3,"win_rate":0,"timestamp":1550935531,"path_taken":["M","?","?","M","?","R","M","R","T","E","M","R","?","E","R","BOSS","M","$","?","?","?","R","?","R","T","M","?","M","R","E","R","BOSS","M","M","?","$","?","R","E","R","T","M","E","M","R","M","R","BOSS"],"build_version":"2019-01-23","purchased_purges":0,"victory":false,"max_hp_per_floor":[71,71,71,71,71,71,71,71,71,71,71,71,71,71,71,71,71,71,71,71,71,71,71,71,71,71,71,71,71,71,71,71,71,71,71,71,71,71,71,71,71,71,71,71,71,71,71,71,71,71],"card_choices":[{"not_picked":["Steam","Chaos"],"picked":"Compile Driver","floor":1.0},{"not_picked":["Redo","Sweeping Beam","Coolheaded"],"picked":"SKIP","floor":4.0},{"not_picked":["Rebound","Creative AI","Turbo"],"picked":"SKIP","floor":7.0},{"not_picked":["FTL","Undo"],"picked":"Ball Lightning","floor":10.0},{"not_picked":["Chaos","Streamline"],"picked":"Capacitor","floor":11.0},{"not_picked":["Turbo","Gash","Fission"],"picked":"SKIP","floor":14.0},{"not_picked":["Thunder Strike","Hyperbeam"],"picked":"Echo Form","floor":16.0},{"not_picked":["Gash+1","Storm"],"picked":"Coolheaded+1","floor":18.0},{"not_picked":["Coolheaded","Genetic Algorithm","Compile Driver"],"picked":"SKIP","floor":20.0},{"not_picked":["Leap","Blizzard","Recycle"],"picked":"SKIP","floor":24.0},{"not_picked":["Coolheaded","FTL"],"picked":"Chaos+1","floor":27.0},{"not_picked":["Barrage","Reinforced Body","Rebound"],"picked":"SKIP","floor":29.0},{"not_picked":["Turbo+1","Biased Cognition"],"picked":"Ball Lightning+1","floor":31},{"not_picked":["Biased Cognition","Multi-Cast"],"picked":"Seek","floor":33},{"not_picked":["Blizzard","Compile Driver"],"picked":"White Noise","floor":35},{"not_picked":["Rebound+1","Compile Driver+1","Coolheaded"],"picked":"SKIP","floor":36},{"not_picked":["Capacitor+1","Stack","Cold Snap"],"picked":"SKIP","floor":41},{"not_picked":["Double Energy","Undo"],"picked":"Darkness+1","floor":44},{"not_picked":["Lockon+1","Storm+1"],"picked":"Conserve Battery+1","floor":45},{"not_picked":["Gash","Redo"],"picked":"Seek","floor":46},{"not_picked":["Leap+1","Blizzard","Melter"],"picked":"SKIP","floor":48}],"player_experience":917567,"relics_obtained":[{"floor":9.0,"key":"Happy Flower"},{"floor":10.0,"key":"Bottled Flame"},{"floor":14.0,"key":"Cables"},{"floor":26.0,"key":"DataDisk"},{"floor":31,"key":"Ornamental Fan"},{"floor":41,"key":"Pen Nib"},{"floor":43,"key":"Frozen Egg 2"},{"floor":45,"key":"Bird Faced Urn"}],"event_choices":[{"damage_healed":0.0,"max_hp_gain":0.0,"max_hp_loss":0.0,"gold_gain":0.0,"event_name":"Shining Light","player_choice":"Entered Light","floor":3.0,"gold_loss":0.0,"damage_taken":21.0,"cards_upgraded":["Cold Snap","Defend_B"]},{"damage_healed":0.0,"max_hp_gain":0.0,"max_hp_loss":0.0,"gold_gain":0.0,"event_name":"Living Wall","player_choice":"Grow","floor":5.0,"gold_loss":0.0,"damage_taken":0.0,"cards_upgraded":["Zap"]},{"damage_healed":0.0,"max_hp_gain":0.0,"max_hp_loss":0.0,"gold_gain":0.0,"event_name":"WeMeetAgain","player_choice":"Gave Potion","floor":13.0,"gold_loss":0.0,"damage_taken":0.0,"relics_obtained":["Omamori"]},{"damage_healed":0.0,"max_hp_gain":0.0,"max_hp_loss":0.0,"gold_gain":0.0,"event_name":"The Woman in Blue","player_choice":"Bought 1 Potion","floor":21.0,"gold_loss":0.0,"damage_taken":0.0},{"damage_healed":0,"gold_gain":0,"player_choice":"Ignored","damage_taken":0,"max_hp_gain":0,"max_hp_loss":0,"event_name":"Mysterious Sphere","floor":37,"gold_loss":0},{"damage_healed":0,"gold_gain":0,"cards_transformed":["Strike_B"],"player_choice":"Transformed","damage_taken":0,"max_hp_gain":0,"max_hp_loss":0,"event_name":"Transmorgrifier","floor":39,"gold_loss":0,"cards_obtained":["Amplify"]}],"is_beta":false,"boss_relics":[{"not_picked":["Busted Crown","FrozenCore"],"picked":"Inserter"},{"not_picked":["Runic Dome","Coffee Dripper"],"picked":"Nuclear Battery"}],"items_purged_floors":[],"is_endless":false,"potions_floor_spawned":[7,11,18,24,29,33,35,36,46],"killed_by":"Time Eater","ascension_level":20}