{"gold_per_floor":[114,134,134,145,164,164,191,210,235,254,254,254,46,58,58,58],"floor_reached":16,"playtime":1089,"items_purged":[],"score":177,"play_id":"652dc56c-aa69-4d64-8a1e-a813a30d4007","local_time":"20181104224044","is_ascension_mode":true,"campfire_choices":[{"data":"Masterful Stab","floor":6,"key":"SMITH"},{"floor":11,"key":"REST"},{"floor":15,"key":"REST"}],"neow_cost":"NONE","seed_source_timestamp":0,"circlet_count":0,"master_deck":["AscendersBane","Defend_G+1","Defend_G","Defend_G","Defend_G","Defend_G","Strike_G","Strike_G","Strike_G","Strike_G","Survivor","Neutralize","Flying Knee","Setup","Masterful Stab+1","Expertise+1","Doppelganger","Setup","Choke","Blur"],"special_seed":0,"relics":["Ring of the Snake","Mummified Hand","Juzu Bracelet","War Paint","Chemical X"],"potions_floor_usage":[7,8],"damage_taken":[{"damage":0,"enemies":"Small Slimes","floor":1,"turns":3},{"damage":0,"enemies":"Cultist","floor":2,"turns":4},{"damage":0,"enemies":"2 Louse","floor":4,"turns":4},{"damage":0,"enemies":"Looter","floor":5,"turns":4},{"damage":39,"enemies":"Lagavulin","floor":7,"turns":8},{"damage":6,"enemies":"Blue Slaver","floor":8,"turns":3},{"damage":10,"enemies":"2 Fungi Beasts","floor":10,"turns":4},{"damage":6,"enemies":"Looter","floor":14,"turns":4},{"damage":49,"enemies":"Hexaghost","floor":16,"turns":12}],"seed_played":"-4661987461168453924","potions_obtained":[{"floor":2,"key":"FairyPotion"},{"floor":4,"key":"AttackPotion"},{"floor":5,"key":"Weak Potion"}],"is_trial":false,"path_per_floor":["M","M","?","M","M","R","E","M","T","M","R","?","$","M","R","B"],"character_chosen":"THE_SILENT","items_purchased":["Chemical X"],"campfire_rested":2,"item_purchase_floors":[13],"current_hp_per_floor":[65,65,65,65,65,65,26,20,20,10,31,31,31,25,46,0],"gold":58,"neow_bonus":"TEN_PERCENT_HP_BONUS","is_prod":false,"is_daily":false,"chose_seed":false,"campfire_upgraded":1,"win_rate":0,"timestamp":1541367644,"path_taken":["M","M","?","M","M","R","E","?","T","M","R","?","$","M","R","BOSS"],"build_version":"2018-11-01","purchased_purges":0,"victory":false,"max_hp_per_floor":[72,72,72,72,72,72,72,72,72,72,72,72,72,72,72,72],"card_choices":[{"not_picked":["Quick Slash","Poisoned Stab"],"picked":"Flying Knee","floor":1},{"not_picked":["Underhanded Strike","Prepared"],"picked":"Setup","floor":2},{"not_picked":["Blade Dance","Dagger Throw"],"picked":"Expertise","floor":4},{"not_picked":["Sucker Punch","Distraction","Blade Dance"],"picked":"SKIP","floor":5},{"not_picked":["Sucker Punch","Backstab"],"picked":"Doppelganger","floor":7},{"not_picked":["Deadly Poison","Dagger Throw"],"picked":"Setup","floor":8},{"not_picked":["Deflect","Flying Knee"],"picked":"Choke","floor":10},{"not_picked":["Flying Knee","Acrobatics"],"picked":"Blur","floor":14}],"player_experience":515364,"relics_obtained":[{"floor":7,"key":"Mummified Hand"},{"floor":9,"key":"Juzu Bracelet"}],"event_choices":[{"damage_healed":0,"gold_gain":0,"cards_transformed":["Strike_G"],"player_choice":"Transformed","damage_taken":0,"max_hp_gain":0,"max_hp_loss":0,"event_name":"Transmorgrifier","floor":3,"gold_loss":0,"cards_obtained":["Masterful Stab"]},{"damage_healed":0,"gold_gain":0,"player_choice":"Searched \u00272\u0027 times","damage_taken":0,"relics_obtained":["War Paint"],"max_hp_gain":0,"max_hp_loss":0,"event_name":"Dead Adventurer","floor":12,"gold_loss":0},{"damage_healed":0,"gold_gain":0,"player_choice":"Searched \u00272\u0027 times","damage_taken":0,"relics_obtained":["War Paint"],"max_hp_gain":0,"max_hp_loss":0,"event_name":"Dead Adventurer","floor":12,"gold_loss":0}],"is_beta":false,"boss_relics":[],"items_purged_floors":[],"is_endless":false,"potions_floor_spawned":[2,4,5],"killed_by":"Hexaghost","ascension_level":14}