{"path_per_floor":["M","?","?","$","M","E","R","E","T","?","?","M","R","$","R","B",null,"M","?","T","M","?"],"character_chosen":"DEFECT","items_purchased":["Chaos","Cold Snap","Capacitor","Defragment","Fusion","Coolheaded"],"gold_per_floor":[216,216,216,54,73,99,99,125,152,174,349,364,364,82,82,185,185,170,170,196,208,208,208],"floor_reached":23,"campfire_rested":1,"playtime":844,"item_purchase_floors":[4,4,4,14,14,14],"current_hp_per_floor":[66,71,71,71,68,57,57,36,36,28,28,30,54,54,54,26,82,56,56,56,53,37,0],"items_purged":["Doubt"],"gold":208,"score":234,"play_id":"c8975628-d2fe-44a6-98ed-316dd02f4008","local_time":"20180602202259","is_prod":false,"is_daily":false,"chose_seed":false,"is_ascension_mode":true,"campfire_upgraded":2,"win_rate":0,"timestamp":1527934979,"campfire_choices":[{"data":"Chaos","floor":7,"key":"SMITH"},{"floor":13,"key":"REST"},{"data":"Defragment","floor":15,"key":"SMITH"}],"path_taken":["M","?","?","$","M","E","R","E","T","?","?","?","R","$","R","BOSS","M","?","?","M","?","E"],"build_version":"2018-05-31","seed_source_timestamp":167922260771373,"purchased_purges":1,"victory":false,"master_deck":["Strike_B","Strike_B","Strike_B","Defend_B","Defend_B","Defend_B","Defend_B","Zap","Dualcast","Reinforced Body","Chaos+1","Cold Snap","Capacitor","Ball Lightning","Skim","Coolheaded","Redo","Defragment+1","Fusion","Coolheaded","Echo Form","Double Energy","Auto Shields","Ball Lightning","Necronomicurse"],"max_hp_per_floor":[75,80,80,80,80,80,80,80,80,80,80,82,82,82,82,82,82,82,82,82,82,82,82],"relics":["Cracked Core","Vajra","Singing Bowl","Ancient Tea Set","Odd Mushroom","Inserter","Oddly Smooth Stone","Necronomicon"],"card_choices":[{"not_picked":["Stack","Lockon"],"picked":"Reinforced Body","floor":1},{"not_picked":["Gash","Conserve Battery"],"picked":"Ball Lightning","floor":5},{"not_picked":["All For One","Recycle"],"picked":"Skim","floor":6},{"not_picked":["White Noise","Lockon"],"picked":"Coolheaded","floor":8},{"not_picked":["Compile Driver","Cold Snap"],"picked":"Redo","floor":10},{"not_picked":["Steam Power","Aggregate","Sunder"],"picked":"Singing Bowl","floor":12},{"not_picked":["All For One","Multi-Cast"],"picked":"Echo Form","floor":16},{"not_picked":["Redo","FTL"],"picked":"Double Energy","floor":18},{"not_picked":["Barrage","Streamline"],"picked":"Ball Lightning","floor":21}],"player_experience":145537,"potions_floor_usage":[10],"damage_taken":[{"damage":9,"enemies":"Jaw Worm","floor":1,"turns":3},{"damage":3,"enemies":"Small Slimes","floor":5,"turns":4},{"damage":11,"enemies":"3 Sentries","floor":6,"turns":6},{"damage":21,"enemies":"Lagavulin","floor":8,"turns":5},{"damage":8,"enemies":"The Mushroom Lair","floor":10,"turns":5},{"damage":0,"enemies":"Cultist","floor":12,"turns":3},{"damage":28,"enemies":"Hexaghost","floor":16,"turns":11},{"damage":26,"enemies":"2 Thieves","floor":18,"turns":4},{"damage":3,"enemies":"Spheric Guardian","floor":21,"turns":7},{"damage":41,"enemies":"Book of Stabbing","floor":23,"turns":4}],"relics_obtained":[{"floor":6,"key":"Vajra"},{"floor":8,"key":"Singing Bowl"},{"floor":9,"key":"Ancient Tea Set"},{"floor":10,"key":"Odd Mushroom"},{"floor":20,"key":"Oddly Smooth Stone"},{"floor":22,"key":"Necronomicon"}],"event_choices":[{"event_name":"Big Fish","player_choice":"Donut","floor":2,"damage_taken":0},{"event_name":"The Cleric","player_choice":"Leave","floor":3,"damage_taken":0},{"event_name":"Mushrooms","player_choice":"Fought Mushrooms","floor":10,"damage_taken":0},{"event_name":"Liars Game","player_choice":"agreed","floor":11,"damage_taken":0},{"event_name":"Transmorgrifier","player_choice":"Transform","floor":19,"damage_taken":0},{"event_name":"Cursed Tome","player_choice":"Obtained Book","floor":22,"damage_taken":0}],"boss_relics":[{"not_picked":["Runic Dome","Eternal Feather"],"picked":"Inserter"}],"items_purged_floors":[14],"potions_floor_spawned":[1,6,8,10],"seed_played":"-554178142295468658","killed_by":"Book of Stabbing","ascension_level":4,"potions_obtained":[{"floor":1,"key":"SteroidPotion"},{"floor":6,"key":"Block Potion"},{"floor":8,"key":"EssenceOfSteel"},{"floor":10,"key":"SpeedPotion"}],"is_trial":false}