{"gold_per_floor":[119,119,139,139,414,414,433,468,492,512,281,281,293,47,47,47],"floor_reached":16,"playtime":868,"items_purged":["Regret"],"score":140,"play_id":"419e03ae-7af4-4988-b798-067cc0fbb584","local_time":"20180823205834","is_ascension_mode":true,"campfire_choices":[{"data":"Deadly Poison","floor":6.0,"key":"SMITH"},{"data":"Catalyst","floor":12.0,"key":"SMITH"},{"data":"Defend_G","floor":15.0,"key":"SMITH"}],"neow_cost":"NONE","seed_source_timestamp":0,"circlet_count":0,"master_deck":["Defend_G","Defend_G","Defend_G","Defend_G","Defend_G+1","Strike_G","Strike_G","Strike_G","Strike_G","Strike_G","Survivor","Neutralize","Deadly Poison+1","Catalyst+1","Night Terror"],"special_seed":0,"relics":["Lizard Tail","Gremlin Horn","Omamori","Happy Flower","Snake Skull","Matryoshka"],"potions_floor_usage":[16,16],"damage_taken":[{"damage":0.0,"enemies":"Jaw Worm","floor":1.0,"turns":8.0},{"damage":3.0,"enemies":"Cultist","floor":3.0,"turns":4.0},{"damage":2.0,"enemies":"2 Louse","floor":7.0,"turns":3.0},{"damage":60.0,"enemies":"Gremlin Nob","floor":8.0,"turns":6.0},{"damage":8.0,"enemies":"Red Slaver","floor":10.0,"turns":4.0},{"damage":0.0,"enemies":"Large Slime","floor":13.0,"turns":5.0},{"damage":40,"enemies":"Slime Boss","floor":16,"turns":8}],"seed_played":"-1134817528834639667","potions_obtained":[{"floor":3.0,"key":"Swift Potion"},{"floor":8.0,"key":"Swift Potion"}],"is_trial":false,"path_per_floor":["M","?","M","T","?","R","M","E","T","M","$","R","M","$","R"],"character_chosen":"THE_SILENT","items_purchased":["Snake Skull","Matryoshka"],"campfire_rested":0,"item_purchase_floors":[11,14],"current_hp_per_floor":[63,68,65,65,65,65,63,3,3,32,32,32,32,32,32,0],"gold":47,"neow_bonus":"BOSS_RELIC","is_prod":false,"is_daily":false,"chose_seed":false,"campfire_upgraded":3,"win_rate":0,"timestamp":1535050714,"path_taken":["M","?","M","?","?","R","M","E","T","M","$","R","?","?","R","BOSS"],"build_version":"2018-08-16","purchased_purges":1,"victory":false,"max_hp_per_floor":[70,75,75,75,75,75,75,75,75,75,75,75,75,75,75,75],"card_choices":[{"not_picked":["PiercingWail","Underhanded Strike"],"picked":"Deadly Poison","floor":1.0},{"not_picked":["Cloak And Dagger","Blade Dance","Sucker Punch"],"picked":"SKIP","floor":3.0},{"not_picked":["Dagger Throw","All Out Attack"],"picked":"Catalyst","floor":7.0},{"not_picked":["Prepared","Underhanded Strike","Predator"],"picked":"SKIP","floor":8.0},{"not_picked":["Quick Slash","Flying Knee","Underhanded Strike"],"picked":"SKIP","floor":10.0},{"not_picked":["Endless Agony","PiercingWail"],"picked":"Night Terror","floor":13.0}],"player_experience":317875,"relics_obtained":[{"floor":4.0,"key":"Gremlin Horn"},{"floor":8.0,"key":"Omamori"},{"floor":9.0,"key":"Happy Flower"}],"event_choices":[{"event_name":"Big Fish","player_choice":"Donut","floor":2.0,"damage_taken":0.0},{"event_name":"Golden Shrine","player_choice":"Desecrate","floor":5.0,"damage_taken":0.0}],"is_beta":false,"boss_relics":[],"items_purged_floors":[11],"is_endless":false,"potions_floor_spawned":[3,8],"killed_by":"Slime Boss","ascension_level":8}