{"gold_per_floor":[110,110,60,76,94,119,119,147,147,26,38,38,63,80,80,177,177,192,96,96,96,18,50,50,50,50,80,110,110,129,157,157,259,259,271,4,4,14,38,71,71,97,109,121,159,171,183,229,241,253],"floor_reached":50,"playtime":1730,"items_purged":["Strike_B","Rainbow"],"score":898,"play_id":"e0ac8f31-a517-4b61-bec4-9c51fe6ac2bb","local_time":"20190204190436","daily_mods":["Heirloom","Flight","DeadlyEvents","Elite Swarm"],"is_ascension_mode":false,"campfire_choices":[{"data":"Zap","floor":7,"key":"SMITH"},{"floor":12,"key":"REST"},{"floor":15,"key":"REST"},{"data":"Defragment","floor":24,"key":"SMITH"},{"data":"Seek","floor":25,"key":"SMITH"},{"data":"Amplify","floor":29,"key":"SMITH"},{"data":"Fission","floor":32,"key":"SMITH"},{"data":"Defragment","floor":41,"key":"SMITH"},{"data":"Seek","floor":44,"key":"SMITH"},{"floor":46,"key":"DIG"},{"floor":47,"key":"DIG"},{"floor":49,"key":"DIG"}],"neow_cost":"","seed_source_timestamp":232133957158038,"circlet_count":0,"master_deck":["Zap+1","Dualcast","Cold Snap","Stack","Redo","Electrodynamics","Ball Lightning","Ball Lightning","Fission+1","Self Repair","Amplify+1","FTL","Defragment+1","Go for the Eyes","Double Energy","Beam Cell","Loop","Seek+1","Thunder Strike+1","Creative AI","Doom and Gloom+1","Reboot","Seek+1","Doom and Gloom+1","Stack","Ball Lightning+1","Loop","Defragment+1","Impatience","Defragment+1","Machine Learning","Meteor Strike+1","Amplify+1"],"relics":["Cracked Core","StoneCalendar","Bag of Preparation","Torii","Bottled Lightning","Cables","Mummified Hand","Philosopher\u0027s Stone","Question Card","Molten Egg 2","Oddly Smooth Stone","Dodecahedron","Bag of Marbles","Sundial","Pandora\u0027s Box","Lantern","Shovel","MawBank","Gremlin Horn","Vajra","Meat on the Bone","Blue Candle","Toxic Egg 2","Pen Nib"],"potions_floor_usage":[14,50],"damage_taken":[{"damage":1,"enemies":"Cultist","floor":1,"turns":3},{"damage":3,"enemies":"Small Slimes","floor":4,"turns":4},{"damage":0,"enemies":"2 Louse","floor":5,"turns":2},{"damage":46,"enemies":"Lagavulin","floor":6,"turns":7},{"damage":12,"enemies":"Gremlin Nob","floor":8,"turns":4},{"damage":1,"enemies":"Large Slime","floor":11,"turns":3},{"damage":8,"enemies":"3 Sentries","floor":13,"turns":5},{"damage":9,"enemies":"Exordium Wildlife","floor":14,"turns":2},{"damage":2,"enemies":"Hexaghost","floor":16,"turns":8},{"damage":0,"enemies":"Spheric Guardian","floor":18,"turns":2},{"damage":32,"enemies":"Book of Stabbing","floor":23,"turns":6},{"damage":8,"enemies":"Gremlin Leader","floor":27,"turns":7},{"damage":0,"enemies":"Book of Stabbing","floor":28,"turns":2},{"damage":12,"enemies":"2 Thieves","floor":30,"turns":3},{"damage":14,"enemies":"Gremlin Leader","floor":31,"turns":3},{"damage":25,"enemies":"Champ","floor":33,"turns":5},{"damage":8,"enemies":"Orb Walker","floor":35,"turns":2},{"damage":6,"enemies":"3 Darklings","floor":38,"turns":3},{"damage":0,"enemies":"Giant Head","floor":40,"turns":4},{"damage":15,"enemies":"Reptomancer","floor":42,"turns":3},{"damage":10,"enemies":"Giant Head","floor":45,"turns":4},{"damage":0,"enemies":"Reptomancer","floor":48,"turns":2},{"damage":71,"enemies":"Awakened One","floor":50,"turns":2}],"seed_played":"8264400706234446971","potions_obtained":[{"floor":4,"key":"Explosive Potion"},{"floor":5,"key":"GamblersBrew"},{"floor":14,"key":"Energy Potion"},{"floor":23,"key":"Weak Potion"},{"floor":28,"key":"SpeedPotion"},{"floor":31,"key":"EssenceOfSteel"}],"is_trial":true,"path_per_floor":["M","?","?","M","M","E","R","E","T","$","M","R","E","M","R","B",null,"M","$","?","?","$","E","R","R","T","E","E","R","M","E","R","B",null,"M","$","?","M","T","E","R","E","T","R","E","R","R","E","R","B"],"character_chosen":"DEFECT","items_purchased":["Ball Lightning","Defragment","Go for the Eyes","Loop","Defragment","Impatience"],"campfire_rested":2,"item_purchase_floors":[10,19,19,22,36,36],"current_hp_per_floor":[74,67,67,64,64,18,18,6,6,6,5,27,19,10,32,30,75,75,75,75,75,75,50,50,50,50,49,49,49,44,37,37,19,75,67,67,60,54,54,54,54,39,39,39,36,36,36,62,62,0],"gold":253,"neow_bonus":"","is_prod":false,"is_daily":false,"chose_seed":false,"campfire_upgraded":7,"win_rate":0,"timestamp":1549328676,"path_taken":["M","?","?","M","M","E","R","E","T","$","?","R","E","?","R","BOSS","M","$","?","?","?","E","R","R","T","E","E","R","?","?","R","BOSS","M","$","?","?","?","E","R","E","T","R","E","R","R","E","R","BOSS"],"build_version":"2019-01-23","purchased_purges":2,"victory":false,"max_hp_per_floor":[75,75,75,75,75,75,75,75,75,75,75,75,75,75,75,75,75,75,75,75,75,75,75,75,75,75,75,75,75,75,75,75,75,75,75,75,75,75,75,75,75,75,75,75,75,75,75,75,75,75],"card_choices":[{"not_picked":["Rebound","Coolheaded"],"picked":"Cold Snap","floor":1},{"not_picked":["Gash","Compile Driver"],"picked":"Stack","floor":4},{"not_picked":["Sweeping Beam","FTL"],"picked":"Redo","floor":5},{"not_picked":["Reboot","Echo Form"],"picked":"Electrodynamics","floor":6},{"not_picked":["Biased Cognition","Amplify"],"picked":"Rainbow","floor":8},{"not_picked":["Stack","Gash"],"picked":"Ball Lightning","floor":11},{"not_picked":["Meteor Strike","Multi-Cast"],"picked":"Fission","floor":13},{"not_picked":["Turbo","Consume"],"picked":"Self Repair","floor":14},{"not_picked":["Electrodynamics","Rainbow"],"picked":"Amplify","floor":16},{"not_picked":["Reprogram+1","Hologram+1"],"picked":"FTL","floor":18},{"not_picked":["Machine Learning","Electrodynamics","Hyperbeam"],"picked":"Seek","floor":23},{"not_picked":["All For One+1","Fission","Buffer"],"picked":"Thunder Strike+1","floor":27},{"not_picked":["Echo Form","Rainbow","All For One+1"],"picked":"Creative AI","floor":28},{"not_picked":["Ball Lightning+1","Turbo","Leap"],"picked":"Doom and Gloom+1","floor":30},{"not_picked":["Hyperbeam+1","Amplify","Thunder Strike+1"],"picked":"Reboot","floor":31},{"not_picked":["Fission","Electrodynamics","Multi-Cast"],"picked":"Seek","floor":33},{"not_picked":["Melter+1","Compile Driver+1","Rebound+1","Darkness+1"],"picked":"SKIP","floor":35},{"not_picked":["Coolheaded+1","Conserve Battery+1","Hologram"],"picked":"Defragment+1","floor":38},{"not_picked":["Fission","Electrodynamics","Multi-Cast"],"picked":"Machine Learning","floor":40},{"not_picked":["Amplify","Creative AI","Buffer"],"picked":"Meteor Strike+1","floor":42},{"not_picked":["Rainbow","Creative AI","Core Surge+1","All For One+1"],"picked":"SKIP","floor":45},{"not_picked":["Fission","Electrodynamics","Hyperbeam+1"],"picked":"Amplify","floor":48}],"player_experience":169110,"relics_obtained":[{"floor":6,"key":"Torii"},{"floor":8,"key":"Bottled Lightning"},{"floor":9,"key":"Cables"},{"floor":13,"key":"Mummified Hand"},{"floor":23,"key":"Molten Egg 2"},{"floor":26,"key":"Oddly Smooth Stone"},{"floor":27,"key":"Dodecahedron"},{"floor":28,"key":"Bag of Marbles"},{"floor":31,"key":"Sundial"},{"floor":39,"key":"Lantern"},{"floor":40,"key":"Shovel"},{"floor":42,"key":"MawBank"},{"floor":43,"key":"Gremlin Horn"},{"floor":45,"key":"Vajra"},{"floor":46,"key":"Meat on the Bone"},{"floor":47,"key":"Blue Candle"},{"floor":48,"key":"Toxic Egg 2"},{"floor":49,"key":"Pen Nib"}],"event_choices":[{"damage_healed":0,"gold_gain":0,"player_choice":"Success","damage_taken":7,"relics_obtained":["Bag of Preparation"],"max_hp_gain":0,"max_hp_loss":0,"event_name":"Scrap Ooze","floor":2,"gold_loss":0},{"cards_removed":["Strike_B"],"damage_healed":0,"gold_gain":0,"player_choice":"Card Removal","damage_taken":0,"max_hp_gain":0,"max_hp_loss":0,"event_name":"The Cleric","floor":3,"gold_loss":50},{"damage_healed":0,"gold_gain":0,"player_choice":"Opened","damage_taken":0,"relics_obtained":["Question Card"],"max_hp_gain":0,"max_hp_loss":0,"event_name":"The Mausoleum","floor":20,"gold_loss":0},{"damage_healed":0,"gold_gain":0,"cards_transformed":["Strike_B","Strike_B"],"player_choice":"Became Test Subject","damage_taken":0,"max_hp_gain":0,"max_hp_loss":0,"event_name":"Drug Dealer","floor":21,"gold_loss":0,"cards_obtained":["Double Energy","Beam Cell"]},{"damage_healed":0,"gold_gain":0,"player_choice":"Damaged","damage_taken":7,"max_hp_gain":0,"max_hp_loss":0,"event_name":"Wheel of Change","floor":37,"gold_loss":0}],"is_beta":false,"boss_relics":[{"not_picked":["Velvet Choker","Ectoplasm"],"picked":"Philosopher\u0027s Stone"},{"not_picked":["Runic Pyramid","Snecko Eye"],"picked":"Pandora\u0027s Box"}],"items_purged_floors":[10,36],"is_endless":true,"potions_floor_spawned":[4,5,14,23,28,31,40,42,48],"killed_by":"Awakened One","ascension_level":0}