{"gold_per_floor":[116,116,136,136,147,177,102,102,127,153,172,203,153,172,172,277,277,294,305,404,416,118,149,149,182,205,218,218,229,229,249,249,349,349,366,366,10,110,110,110,122,122,197,224,242,260,271,291,291,291],"floor_reached":51,"playtime":2812,"items_purged":["Strike_B","Strike_B","Strike_B"],"score":1209,"play_id":"fdfd4fd9-ba13-4bc6-b358-b44a1ec14da2","local_time":"20190130111454","is_ascension_mode":true,"campfire_choices":[{"data":"Sunder","floor":8.0,"key":"SMITH"},{"data":"Loop","floor":15.0,"key":"SMITH"},{"floor":24.0,"key":"REST"},{"data":"Defragment","floor":28.0,"key":"SMITH"},{"data":"Glacier","floor":30.0,"key":"SMITH"},{"data":"Darkness","floor":32.0,"key":"SMITH"},{"data":"Creative AI","floor":40.0,"key":"SMITH"},{"data":"Capacitor","floor":42.0,"key":"SMITH"},{"floor":49,"key":"REST"}],"neow_cost":"NONE","seed_source_timestamp":0,"circlet_count":0,"master_deck":["AscendersBane","Defend_B","Defend_B+1","Defend_B","Zap+1","Dualcast+1","Glacier+1","Go for the Eyes","Darkness+1","Sunder+1","Loop+1","Cold Snap+1","Steam","Go for the Eyes+1","All For One+1","Conserve Battery","Chaos","Defragment+1","Cold Snap+1","Hologram","Darkness","Go for the Eyes+1","Rebound+1","Creative AI+1","Coolheaded","Glacier","Ball Lightning+1","Double Energy","Capacitor+1","Redo+1","Beam Cell+1","Ball Lightning+1","Coolheaded+1","Steam+1"],"special_seed":0,"relics":["Cracked Core","NeowsBlessing","Oddly Smooth Stone","Orichalcum","Molten Egg 2","The Courier","Nuclear Battery","DataDisk","Bronze Scales","Kunai","Centennial Puzzle","Runic Pyramid","Shuriken","Incense Burner","Sundial","Blood Vial"],"potions_floor_usage":[50,50],"damage_taken":[{"damage":0.0,"enemies":"Jaw Worm","floor":1.0,"turns":1.0},{"damage":0.0,"enemies":"Cultist","floor":3.0,"turns":1.0},{"damage":0.0,"enemies":"Small Slimes","floor":5.0,"turns":1.0},{"damage":18.0,"enemies":"3 Sentries","floor":6.0,"turns":9.0},{"damage":0.0,"enemies":"Gremlin Nob","floor":10.0,"turns":3.0},{"damage":4.0,"enemies":"3 Louse","floor":11.0,"turns":3.0},{"damage":8.0,"enemies":"3 Sentries","floor":12.0,"turns":7.0},{"damage":1.0,"enemies":"Large Slime","floor":14.0,"turns":3.0},{"damage":0.0,"enemies":"The Guardian","floor":16.0,"turns":11.0},{"damage":0.0,"enemies":"3 Byrds","floor":18.0,"turns":5.0},{"damage":11.0,"enemies":"Spheric Guardian","floor":19.0,"turns":4.0},{"damage":12.0,"enemies":"Snake Plant","floor":21.0,"turns":3.0},{"damage":23.0,"enemies":"Book of Stabbing","floor":23.0,"turns":6.0},{"damage":9.0,"enemies":"Slavers","floor":25.0,"turns":4.0},{"damage":0.0,"enemies":"Chosen and Byrds","floor":27.0,"turns":3.0},{"damage":3.0,"enemies":"Centurion and Healer","floor":29.0,"turns":6.0},{"damage":7.0,"enemies":"Snecko","floor":31.0,"turns":4.0},{"damage":18.0,"enemies":"Champ","floor":33.0,"turns":11.0},{"damage":19.0,"enemies":"3 Darklings","floor":35.0,"turns":7.0},{"damage":0.0,"enemies":"Mind Bloom Boss Battle","floor":38.0,"turns":4.0},{"damage":3.0,"enemies":"3 Shapes","floor":41.0,"turns":3.0},{"damage":0.0,"enemies":"Reptomancer","floor":44.0,"turns":10.0},{"damage":1.0,"enemies":"Maw","floor":45.0,"turns":11.0},{"damage":4.0,"enemies":"Jaw Worm Horde","floor":46.0,"turns":4.0},{"damage":0.0,"enemies":"Spire Growth","floor":47.0,"turns":5.0},{"damage":0,"enemies":"Sphere and 2 Shapes","floor":48,"turns":6},{"damage":5,"enemies":"Donu and Deca","floor":50,"turns":14}],"seed_played":"-7935873626602212053","potions_obtained":[{"floor":3.0,"key":"GamblersBrew"},{"floor":5.0,"key":"Weak Potion"},{"floor":10.0,"key":"SteroidPotion"},{"floor":11.0,"key":"FearPotion"},{"floor":23.0,"key":"Poison Potion"},{"floor":25.0,"key":"FocusPotion"},{"floor":27.0,"key":"Regen Potion"},{"floor":35.0,"key":"Explosive Potion"},{"floor":41.0,"key":"EssenceOfSteel"},{"floor":47.0,"key":"Block Potion"}],"is_trial":false,"path_per_floor":["M","?","M","?","M","E","$","R","T","E","M","E","?","M","R","B",null,"M","M","?","M","$","E","R","E","T","M","R","M","R","M","R","B",null,"M","?","$","?","?","R","M","R","T","E","M","M","M","M","R","B",null],"character_chosen":"DEFECT","items_purchased":["DataDisk","Cold Snap+1","Storm","Glacier","Shuriken"],"campfire_rested":2,"item_purchase_floors":[22,22,22,37,37],"current_hp_per_floor":[68,68,68,53,53,35,35,35,35,35,31,23,23,22,22,22,62,62,51,51,39,39,16,38,29,29,29,29,26,26,19,19,16,60,41,41,41,41,41,41,38,38,38,38,39,37,39,41,63,60],"gold":291,"neow_bonus":"THREE_ENEMY_KILL","is_prod":false,"is_daily":false,"chose_seed":false,"campfire_upgraded":7,"win_rate":0,"timestamp":1548868494,"path_taken":["M","?","?","?","M","E","$","R","T","E","M","E","?","M","R","BOSS","M","M","?","M","$","E","R","E","T","M","R","M","R","M","R","BOSS","M","?","$","?","?","R","M","R","T","E","?","M","M","M","R","BOSS"],"build_version":"2019-01-23","purchased_purges":3,"victory":true,"max_hp_per_floor":[75,75,75,75,75,75,75,75,75,75,75,75,75,75,75,75,75,75,75,75,75,75,75,75,75,75,75,75,75,75,75,75,75,75,75,75,75,75,75,75,75,75,75,75,75,75,75,75,75,75],"card_choices":[{"not_picked":["Stack","Leap"],"picked":"Glacier","floor":1.0},{"not_picked":["Coolheaded","Redo"],"picked":"Go for the Eyes","floor":3.0},{"not_picked":["Hologram","Stack"],"picked":"Darkness","floor":5.0},{"not_picked":["Leap","Steam"],"picked":"Sunder","floor":6.0},{"not_picked":["Sunder","Beam Cell"],"picked":"Loop","floor":10.0},{"not_picked":["Creative AI","Gash+1"],"picked":"Cold Snap+1","floor":11.0},{"not_picked":["Gash+1","Compile Driver+1"],"picked":"Steam","floor":12.0},{"not_picked":["Compile Driver+1","Streamline+1"],"picked":"Go for the Eyes+1","floor":14.0},{"not_picked":["Biased Cognition","Multi-Cast"],"picked":"All For One+1","floor":16.0},{"not_picked":["Genetic Algorithm","Stack"],"picked":"Conserve Battery","floor":18.0},{"not_picked":["Go for the Eyes+1","Sweeping Beam+1"],"picked":"Chaos","floor":19.0},{"not_picked":["Barrage+1","Consume"],"picked":"Defragment","floor":21.0},{"not_picked":["Genetic Algorithm","Steam Power"],"picked":"Hologram","floor":23.0},{"not_picked":["Recycle","Hologram"],"picked":"Darkness","floor":25.0},{"not_picked":["Hologram","Barrage+1"],"picked":"Go for the Eyes+1","floor":27.0},{"not_picked":["Darkness","Heatsinks"],"picked":"Rebound+1","floor":29.0},{"not_picked":["Biased Cognition","Tempest","Streamline+1"],"picked":"SKIP","floor":31.0},{"not_picked":["Multi-Cast","Thunder Strike+1"],"picked":"Creative AI","floor":33.0},{"not_picked":["Lockon+1","Beam Cell+1"],"picked":"Coolheaded","floor":35.0},{"not_picked":["Sweeping Beam+1","Compile Driver+1"],"picked":"Ball Lightning+1","floor":38.0},{"not_picked":["Cold Snap+1","Darkness+1"],"picked":"Capacitor","floor":41.0},{"not_picked":["Streamline+1","Sunder+1"],"picked":"Redo+1","floor":44.0},{"not_picked":["Reinforced Body+1","Reprogram"],"picked":"Beam Cell+1","floor":45.0},{"not_picked":["Redo","Genetic Algorithm+1"],"picked":"Ball Lightning+1","floor":46.0},{"not_picked":["Hyperbeam+1","Force Field"],"picked":"Coolheaded+1","floor":47.0},{"not_picked":["Go for the Eyes+1","Coolheaded+1"],"picked":"Steam+1","floor":48}],"player_experience":150709,"relics_obtained":[{"floor":6.0,"key":"Oddly Smooth Stone"},{"floor":9.0,"key":"Orichalcum"},{"floor":10.0,"key":"Molten Egg 2"},{"floor":12.0,"key":"The Courier"},{"floor":23.0,"key":"Bronze Scales"},{"floor":25.0,"key":"Kunai"},{"floor":26.0,"key":"Centennial Puzzle"},{"floor":38.0,"key":"Incense Burner"},{"floor":43.0,"key":"Sundial"},{"floor":44.0,"key":"Blood Vial"}],"event_choices":[{"damage_healed":0.0,"max_hp_gain":0.0,"max_hp_loss":0.0,"gold_gain":0.0,"event_name":"Upgrade Shrine","player_choice":"Upgraded","floor":2.0,"gold_loss":0.0,"damage_taken":0.0,"cards_upgraded":["Zap"]},{"damage_healed":0.0,"max_hp_gain":0.0,"max_hp_loss":0.0,"gold_gain":0.0,"event_name":"Shining Light","player_choice":"Entered Light","floor":4.0,"gold_loss":0.0,"damage_taken":15.0,"cards_upgraded":["Dualcast","Defend_B"]},{"cards_removed":["Strike_B"],"damage_healed":0.0,"max_hp_gain":0.0,"max_hp_loss":0.0,"gold_gain":0.0,"event_name":"The Cleric","player_choice":"Card Removal","floor":13.0,"gold_loss":50.0,"damage_taken":0.0},{"damage_healed":0.0,"max_hp_gain":0.0,"max_hp_loss":0.0,"gold_gain":99.0,"event_name":"Nest","player_choice":"Stole From Cult","floor":20.0,"gold_loss":0.0,"damage_taken":0.0},{"cards_removed":["Storm"],"damage_healed":0.0,"max_hp_gain":0.0,"max_hp_loss":0.0,"gold_gain":0.0,"event_name":"Falling","player_choice":"Removed Power","floor":36.0,"gold_loss":0.0,"damage_taken":0.0},{"damage_healed":0.0,"max_hp_gain":0.0,"max_hp_loss":0.0,"gold_gain":0.0,"event_name":"MindBloom","player_choice":"Fight","floor":38.0,"gold_loss":0.0,"damage_taken":0.0},{"damage_healed":0.0,"max_hp_gain":0.0,"max_hp_loss":0.0,"gold_gain":0.0,"cards_transformed":["Defend_B"],"event_name":"Transmorgrifier","player_choice":"Transformed","floor":39.0,"gold_loss":0.0,"damage_taken":0.0,"cards_obtained":["Double Energy"]}],"is_beta":false,"boss_relics":[{"not_picked":["Black Star","Lizard Tail"],"picked":"Nuclear Battery"},{"not_picked":["Cursed Key","Eternal Feather"],"picked":"Runic Pyramid"}],"items_purged_floors":[7,22,37],"is_endless":false,"potions_floor_spawned":[3,5,10,11,23,25,27,31,35,41,47],"ascension_level":10}