{"gold_per_floor":[115,9,27,202,222,257,269,298,350,369,369,386,396,406,406,508,508,522,108,122,122,134,169,180,200,200,200,227,227,227,255,255,357,357,373,373,373,233,243,243,259,259,259,273,273,286,297,311,311,311],"floor_reached":51,"playtime":5883,"items_purged":["Doubt","Madness"],"score":1029,"play_id":"654fbb8a-0e39-4840-ace0-9e886a294de0","local_time":"20180810182310","is_ascension_mode":true,"campfire_choices":[{"floor":11.0,"key":"REST"},{"floor":15.0,"key":"REST"},{"data":"Master of Strategy","floor":27,"key":"SMITH"},{"floor":29,"key":"REST"},{"data":"1","floor":32,"key":"LIFT"},{"data":"2","floor":40,"key":"LIFT"},{"floor":42,"key":"REST"},{"data":"3","floor":49,"key":"LIFT"}],"neow_cost":"NONE","seed_source_timestamp":0,"circlet_count":0,"master_deck":["Defend_B+1","Defend_B+1","Defend_B+1","Defend_B+1","Zap+1","Dualcast+1","Gash+1","Sunder+1","Loop+1","Sweeping Beam+1","Genetic Algorithm+1","Gash+1","Doom and Gloom+1","Go for the Eyes+1","Ball Lightning+1","Turbo+1","Aggregate+1","Biased Cognition+1","Streamline+1","Master of Strategy+1","Loop+1","Bite+1","Bite+1","Bite+1","Bite+1","Bite+1","Compile Driver+1","Hologram+1","Ball Lightning+1","Redo+1","Scrape+1","Stack+1","Gash+1","Multi-Cast+1","Double Energy+1","Madness+1","Steam Power+1","Genetic Algorithm+1","Recycle+1","Conserve Battery+1","Rip and Tear"],"special_seed":0,"relics":["Busted Crown","Vajra","Matryoshka","Centennial Puzzle","Whetstone","Runic Pyramid","Regal Pillow","Frozen Egg 2","Dodecahedron","Letter Opener","Art of War","Girya","Nuclear Battery","Symbiotic Virus","Mark of the Bloom"],"potions_floor_usage":[31,33,41,46,47],"damage_taken":[{"damage":0.0,"enemies":"Cultist","floor":1.0,"turns":4.0},{"damage":0.0,"enemies":"Small Slimes","floor":3.0,"turns":3.0},{"damage":4.0,"enemies":"2 Louse","floor":5.0,"turns":2.0},{"damage":20.0,"enemies":"Lagavulin","floor":6.0,"turns":7.0},{"damage":4.0,"enemies":"Looter","floor":7.0,"turns":3.0},{"damage":28.0,"enemies":"Gremlin Nob","floor":8.0,"turns":4.0},{"damage":8.0,"enemies":"Blue Slaver","floor":10.0,"turns":2.0},{"damage":0.0,"enemies":"2 Fungi Beasts","floor":12.0,"turns":2.0},{"damage":1.0,"enemies":"Exordium Wildlife","floor":13.0,"turns":2.0},{"damage":0.0,"enemies":"Large Slime","floor":14.0,"turns":5.0},{"damage":0.0,"enemies":"Slime Boss","floor":16.0,"turns":8.0},{"damage":18.0,"enemies":"Shell Parasite","floor":18.0,"turns":5.0},{"damage":7.0,"enemies":"2 Thieves","floor":20.0,"turns":3.0},{"damage":0.0,"enemies":"Snecko","floor":22.0,"turns":4.0},{"damage":23.0,"enemies":"Slavers","floor":23.0,"turns":4.0},{"damage":11.0,"enemies":"Snake Plant","floor":24.0,"turns":3.0},{"damage":0.0,"enemies":"Centurion and Healer","floor":25.0,"turns":4.0},{"damage":21,"enemies":"Gremlin Leader","floor":28,"turns":5},{"damage":9,"enemies":"Book of Stabbing","floor":31,"turns":4},{"damage":22,"enemies":"Automaton","floor":33,"turns":7},{"damage":3,"enemies":"3 Shapes","floor":35,"turns":4},{"damage":17,"enemies":"3 Darklings","floor":39,"turns":4},{"damage":27,"enemies":"Spire Growth","floor":41,"turns":4},{"damage":13,"enemies":"Sphere and 2 Shapes","floor":44,"turns":4},{"damage":1,"enemies":"3 Darklings","floor":46,"turns":3},{"damage":7,"enemies":"Transient","floor":47,"turns":5},{"damage":1,"enemies":"Sphere and 2 Shapes","floor":48,"turns":3},{"damage":17,"enemies":"Donu and Deca","floor":50,"turns":5}],"seed_played":"3731595890936655644","potions_obtained":[{"floor":5.0,"key":"Weak Potion"},{"floor":7.0,"key":"LiquidBronze"},{"floor":8.0,"key":"Regen Potion"},{"floor":13.0,"key":"SpeedPotion"},{"floor":14.0,"key":"SpeedPotion"},{"floor":16.0,"key":"Weak Potion"},{"floor":18.0,"key":"Block Potion"},{"floor":23.0,"key":"Swift Potion"},{"floor":39,"key":"Poison Potion"},{"floor":41,"key":"Regen Potion"},{"floor":46,"key":"Explosive Potion"}],"is_trial":false,"path_per_floor":["M","$","M","?","M","E","M","E","T","M","R","M","M","M","R","B",null,"M","$","M","?","M","E","M","M","T","R","E","R","?","E","R","B",null,"M","?","?","$","M","R","M","R","T","M","?","M","M","M","R","B"],"character_chosen":"DEFECT","items_purchased":["Sunder","Loop","Master of Strategy","Regal Pillow","Steam Power"],"campfire_rested":4,"item_purchase_floors":[2,2,19,19,38],"current_hp_per_floor":[68,68,68,68,64,44,40,12,12,4,26,26,25,37,59,59,71,53,53,46,46,50,37,34,44,44,44,33,52,52,49,49,30,47,48,48,41,41,34,34,17,47,47,43,43,42,35,34,34,17],"gold":311,"neow_bonus":"BOSS_RELIC","is_prod":false,"is_daily":false,"chose_seed":false,"campfire_upgraded":1,"win_rate":0,"timestamp":1533918190,"path_taken":["M","?","M","?","M","E","M","E","T","M","R","M","M","M","R","BOSS","M","$","M","?","M","E","M","M","T","R","E","R","?","E","R","BOSS","M","?","?","$","M","R","?","R","T","M","?","M","M","M","R","BOSS"],"build_version":"2018-08-09","purchased_purges":2,"victory":true,"max_hp_per_floor":[75,75,75,75,75,75,75,75,75,75,75,75,75,75,75,75,75,75,75,75,52,52,52,52,52,52,52,52,52,52,52,52,52,52,52,52,52,52,52,52,52,52,52,52,52,52,52,52,52,52],"card_choices":[{"not_picked":[],"picked":"Gash","floor":1.0},{"not_picked":[],"picked":"Sweeping Beam","floor":3.0},{"not_picked":[],"picked":"Genetic Algorithm","floor":5.0},{"not_picked":[],"picked":"Gash","floor":6.0},{"not_picked":[],"picked":"Doom and Gloom","floor":7.0},{"not_picked":[],"picked":"Go for the Eyes","floor":8.0},{"not_picked":[],"picked":"Go for the Eyes","floor":10.0},{"not_picked":[],"picked":"Ball Lightning","floor":12.0},{"not_picked":[],"picked":"Turbo","floor":13.0},{"not_picked":[],"picked":"Aggregate","floor":14.0},{"not_picked":[],"picked":"Biased Cognition","floor":16.0},{"not_picked":[],"picked":"Streamline+1","floor":18.0},{"not_picked":[],"picked":"Loop+1","floor":20.0},{"not_picked":[],"picked":"Compile Driver+1","floor":22.0},{"not_picked":[],"picked":"Hologram","floor":23.0},{"not_picked":[],"picked":"Ball Lightning","floor":24.0},{"not_picked":[],"picked":"Redo","floor":25.0},{"not_picked":[],"picked":"Scrape","floor":28},{"not_picked":[],"picked":"Gash","floor":31},{"not_picked":[],"picked":"Multi-Cast","floor":33},{"not_picked":[],"picked":"Double Energy+1","floor":35},{"not_picked":[],"picked":"Genetic Algorithm+1","floor":39},{"not_picked":[],"picked":"Recycle","floor":41},{"not_picked":["Fusion+1"],"picked":"SKIP","floor":44},{"not_picked":["Cold Snap+1"],"picked":"SKIP","floor":46},{"not_picked":[],"picked":"Conserve Battery+1","floor":47},{"not_picked":[],"picked":"Rip and Tear","floor":48}],"player_experience":283007,"relics_obtained":[{"floor":6.0,"key":"Vajra"},{"floor":8.0,"key":"Matryoshka"},{"floor":9.0,"key":"Centennial Puzzle"},{"floor":9.0,"key":"Whetstone"},{"floor":23.0,"key":"Frozen Egg 2"},{"floor":26.0,"key":"Dodecahedron"},{"floor":26.0,"key":"Letter Opener"},{"floor":28,"key":"Art of War"},{"floor":31,"key":"Girya"},{"floor":43,"key":"Symbiotic Virus"}],"event_choices":[{"event_name":"Liars Game","player_choice":"agreed","floor":4.0,"damage_taken":0.0},{"event_name":"Vampires","player_choice":"Became a vampire","floor":21.0,"damage_taken":0.0},{"event_name":"The Library","player_choice":"Read","floor":30,"damage_taken":0},{"event_name":"Falling","player_choice":"Removed Attack","floor":36,"damage_taken":0},{"event_name":"Winding Halls","player_choice":"Embrace Madness","floor":37,"damage_taken":0},{"event_name":"MindBloom","player_choice":"Upgrade","floor":45,"damage_taken":0}],"is_beta":false,"boss_relics":[{"not_picked":["Tiny House","Lizard Tail"],"picked":"Runic Pyramid"},{"not_picked":["Philosopher\u0027s Stone","Orrery"],"picked":"Nuclear Battery"}],"items_purged_floors":[19,38],"is_endless":false,"potions_floor_spawned":[5,7,8,13,14,16,18,23,24,39,41,46],"ascension_level":7}