{"gold_per_floor":[110,110,110,124,139,167,167,179,232,232,248,248,248,248,248,376,376,391,410,47,47,72,115,115,26,82,82,105,129,129,129,129,129],"floor_reached":33,"playtime":1996,"items_purged":[],"score":265,"play_id":"635feffa-ae63-4ce1-aa98-83e05506e9d0","local_time":"20190115045004","is_ascension_mode":false,"campfire_choices":[{"data":"Neutralize","floor":7,"key":"SMITH"},{"data":"Dash","floor":10,"key":"SMITH"},{"data":"Crippling Poison","floor":12,"key":"SMITH"},{"data":"Leg Sweep","floor":15,"key":"SMITH"},{"data":"Poisoned Stab","floor":24,"key":"SMITH"},{"data":"Envenom","floor":27,"key":"SMITH"},{"data":"Distraction","floor":30,"key":"SMITH"},{"data":"Sucker Punch","floor":32,"key":"SMITH"}],"neow_cost":"NONE","seed_source_timestamp":1756379805459099,"circlet_count":0,"master_deck":["Defend_G","Defend_G","Defend_G+1","Defend_G","Defend_G+1","Strike_G","Strike_G","Strike_G","Strike_G","Strike_G","Survivor","Neutralize+1","Dash+1","Poisoned Stab+1","Flying Knee","Crippling Poison+1","Leg Sweep+1","Footwork","Envenom+1","Escape Plan","Backstab","Heel Hook","Dagger Throw+1","Backstab","Sucker Punch+1","Distraction+1","Quick Slash+1"],"relics":["Ring of the Snake","War Paint","NlothsMask","Mummified Hand","Golden Idol","Shuriken","Eternal Feather","Lantern","Strange Spoon","Vajra","Tiny Chest"],"potions_floor_usage":[6,6,16,22,23,33,33,33],"damage_taken":[{"damage":0,"enemies":"2 Louse","floor":1,"turns":3},{"damage":0,"enemies":"Jaw Worm","floor":4,"turns":4},{"damage":0,"enemies":"Cultist","floor":5,"turns":3},{"damage":7,"enemies":"Gremlin Nob","floor":6,"turns":4},{"damage":0,"enemies":"Blue Slaver","floor":8,"turns":4},{"damage":7,"enemies":"Exordium Thugs","floor":11,"turns":5},{"damage":15,"enemies":"The Guardian","floor":16,"turns":12},{"damage":14,"enemies":"Spheric Guardian","floor":18,"turns":7},{"damage":2,"enemies":"2 Thieves","floor":19,"turns":4},{"damage":1,"enemies":"Shelled Parasite and Fungi","floor":22,"turns":7},{"damage":27,"enemies":"Book of Stabbing","floor":23,"turns":9},{"damage":0,"enemies":"Snake Plant","floor":28,"turns":3},{"damage":0,"enemies":"Cultist and Chosen","floor":29,"turns":4},{"damage":69,"enemies":"Collector","floor":33,"turns":7}],"seed_played":"-3077376167193281886","potions_obtained":[{"floor":1,"key":"Regen Potion"},{"floor":4,"key":"FearPotion"},{"floor":5,"key":"EssenceOfSteel"},{"floor":6,"key":"Ancient Potion"},{"floor":18,"key":"Swift Potion"},{"floor":21,"key":"Swift Potion"},{"floor":28,"key":"Energy Potion"},{"floor":29,"key":"Dexterity Potion"}],"is_trial":false,"path_per_floor":["M","?","?","M","M","E","R","M","T","R","M","R","?","T","R","B",null,"M","M","$","?","M","E","R","$","T","R","M","M","R","?","R","B"],"character_chosen":"THE_SILENT","items_purchased":["Lantern","Strange Spoon","Backstab","Sucker Punch"],"campfire_rested":0,"item_purchase_floors":[20,20,25,25],"current_hp_per_floor":[70,75,75,75,75,68,68,68,68,68,61,61,61,61,61,46,69,55,53,53,53,67,40,52,52,52,67,67,67,69,69,69,0],"gold":129,"neow_bonus":"RANDOM_COMMON_RELIC","is_prod":false,"is_daily":false,"chose_seed":false,"campfire_upgraded":8,"win_rate":0.0,"timestamp":1547545804,"path_taken":["M","?","?","M","?","E","R","M","T","R","M","R","?","?","R","BOSS","M","M","$","?","M","E","R","?","T","R","M","M","R","?","R","BOSS"],"build_version":"2019-01-10","purchased_purges":0,"victory":false,"max_hp_per_floor":[70,75,75,75,75,75,75,75,75,75,75,75,69,69,69,69,69,69,69,69,69,69,69,69,69,69,69,69,69,69,69,69,69],"card_choices":[{"not_picked":["Prepared","Dagger Spray"],"picked":"Dash","floor":1},{"not_picked":["Catalyst","Prepared"],"picked":"Poisoned Stab","floor":4},{"not_picked":["Acrobatics","Deadly Poison"],"picked":"Flying Knee","floor":5},{"not_picked":["Skewer","Acrobatics"],"picked":"Crippling Poison","floor":6},{"not_picked":["Deadly Poison","PiercingWail"],"picked":"Leg Sweep","floor":8},{"not_picked":["Tactician","Deadly Poison"],"picked":"Footwork","floor":11},{"not_picked":["Burst","A Thousand Cuts"],"picked":"Envenom","floor":16},{"not_picked":["PiercingWail","Quick Slash+1"],"picked":"Escape Plan","floor":18},{"not_picked":["Prepared","Skewer"],"picked":"Backstab","floor":19},{"not_picked":["Quick Slash+1","Tactician+1"],"picked":"Heel Hook","floor":22},{"not_picked":["Poisoned Stab","Predator"],"picked":"Dagger Throw+1","floor":23},{"not_picked":["Blade Dance","Acrobatics+1"],"picked":"Distraction","floor":28},{"not_picked":["Acrobatics","Leg Sweep"],"picked":"Quick Slash+1","floor":29}],"player_experience":24529,"relics_obtained":[{"floor":6,"key":"Mummified Hand"},{"floor":14,"key":"Shuriken"},{"floor":23,"key":"Vajra"},{"floor":26,"key":"Tiny Chest"}],"event_choices":[{"damage_healed":0,"gold_gain":0,"player_choice":"Donut","damage_taken":0,"max_hp_gain":5,"max_hp_loss":0,"event_name":"Big Fish","floor":2,"gold_loss":0},{"damage_healed":0,"gold_gain":0,"player_choice":"Trade","damage_taken":0,"relics_obtained":["NlothsMask"],"max_hp_gain":0,"max_hp_loss":0,"event_name":"FaceTrader","floor":3,"gold_loss":0},{"damage_healed":0,"gold_gain":0,"player_choice":"Lose Max HP","damage_taken":0,"relics_obtained":["Golden Idol"],"max_hp_gain":0,"max_hp_loss":6,"event_name":"Golden Idol","floor":13,"gold_loss":0},{"damage_healed":0,"gold_gain":0,"player_choice":"Got Potions","damage_taken":0,"max_hp_gain":0,"max_hp_loss":0,"event_name":"Lab","floor":21,"gold_loss":0},{"damage_healed":0,"gold_gain":0,"player_choice":"Ignored","damage_taken":0,"max_hp_gain":0,"max_hp_loss":0,"event_name":"Vampires","floor":31,"gold_loss":0}],"is_beta":false,"boss_relics":[{"not_picked":["Orrery","Ring of the Serpent"],"picked":"Eternal Feather"}],"items_purged_floors":[],"is_endless":false,"potions_floor_spawned":[1,4,5,6,18,28,29],"killed_by":"Collector","ascension_level":0}