{"gold_per_floor":[114,114,130,130,31,31,65,80,155,165,191,211,222,249,261,350,362,390,416,442,473,517,562,574,511,535,535,552,587,247,261,261,332,332,348,368,213,233,333,359,359,63,63,63,75,109,122,140,140,140],"floor_reached":51,"playtime":3323,"items_purged":["Strike_R"],"score":1361,"play_id":"be781c7f-4522-4a5f-9219-7219c13587ac","local_time":"20190223210540","is_ascension_mode":true,"campfire_choices":[{"data":"Whirlwind","floor":6,"key":"SMITH"},{"data":"Fiend Fire","floor":15,"key":"SMITH"},{"data":"Armaments","floor":32,"key":"SMITH"},{"data":"Demon Form","floor":41,"key":"SMITH"},{"floor":44,"key":"REST"},{"data":"Flame Barrier","floor":49,"key":"SMITH"}],"neow_cost":"NONE","seed_source_timestamp":100568518169800,"circlet_count":0,"master_deck":["AscendersBane","Strike_R+1","Strike_R+1","Strike_R+1","Strike_R+1","Defend_R+1","Defend_R+1","Defend_R+1","Defend_R+1","Bash+1","Shrug It Off+1","Whirlwind+1","Carnage","Uppercut","Fiend Fire+1","Inflame","Armaments+1","Pummel","Reaper","Flame Barrier+1","Shrug It Off","Shockwave+1","Battle Trance","Reaper","Uppercut","Clothesline","Demon Form+1","Double Tap","Disarm","Dual Wield+1","Heavy Blade+1","Shrug It Off","Entrench","Shockwave"],"relics":["Burning Blood","Oddly Smooth Stone","Gremlin Horn","Meat on the Bone","Dream Catcher","MawBank","Snecko Eye","Red Mask","Orichalcum","War Paint","Nunchaku","Happy Flower","ClockworkSouvenir","Philosopher\u0027s Stone","Pen Nib","Ice Cream","Art of War","Vajra","Bronze Scales","Singing Bowl","Bag of Preparation"],"potions_floor_usage":[11,16,16,18,22,22,50,50],"damage_taken":[{"damage":5,"enemies":"Small Slimes","floor":1,"turns":4},{"damage":0,"enemies":"2 Louse","floor":3,"turns":4},{"damage":31,"enemies":"Lagavulin","floor":7,"turns":6},{"damage":0,"enemies":"Cultist","floor":8,"turns":3},{"damage":1,"enemies":"Gremlin Gang","floor":10,"turns":3},{"damage":16,"enemies":"Gremlin Nob","floor":11,"turns":3},{"damage":7,"enemies":"Blue Slaver","floor":12,"turns":2},{"damage":2,"enemies":"Looter","floor":13,"turns":3},{"damage":19,"enemies":"3 Sentries","floor":14,"turns":7},{"damage":43,"enemies":"Slime Boss","floor":16,"turns":9},{"damage":23,"enemies":"2 Thieves","floor":18,"turns":2},{"damage":10,"enemies":"Shell Parasite","floor":19,"turns":4},{"damage":0,"enemies":"3 Cultists","floor":20,"turns":4},{"damage":7,"enemies":"Snecko","floor":21,"turns":5},{"damage":0,"enemies":"Masked Bandits","floor":22,"turns":1},{"damage":21,"enemies":"Slavers","floor":23,"turns":4},{"damage":2,"enemies":"Cultist and Chosen","floor":28,"turns":3},{"damage":0,"enemies":"Gremlin Leader","floor":29,"turns":4},{"damage":9,"enemies":"Centurion and Healer","floor":31,"turns":4},{"damage":40,"enemies":"Automaton","floor":33,"turns":8},{"damage":3,"enemies":"Orb Walker","floor":35,"turns":2},{"damage":16,"enemies":"3 Darklings","floor":36,"turns":3},{"damage":6,"enemies":"Transient","floor":38,"turns":5},{"damage":0,"enemies":"Mind Bloom Boss Battle","floor":39,"turns":6},{"damage":33,"enemies":"Nemesis","floor":40,"turns":5},{"damage":16,"enemies":"4 Shapes","floor":45,"turns":1},{"damage":32,"enemies":"Giant Head","floor":46,"turns":7},{"damage":0,"enemies":"Writhing Mass","floor":47,"turns":2},{"damage":5,"enemies":"Transient","floor":48,"turns":5},{"damage":61,"enemies":"Donu and Deca","floor":50,"turns":6}],"seed_played":"3942674279596887244","potions_obtained":[{"floor":7,"key":"Ancient Potion"},{"floor":8,"key":"Dexterity Potion"},{"floor":10,"key":"AttackPotion"},{"floor":12,"key":"Energy Potion"},{"floor":16,"key":"PowerPotion"},{"floor":19,"key":"SteroidPotion"},{"floor":21,"key":"AttackPotion"},{"floor":22,"key":"Regen Potion"},{"floor":23,"key":"Energy Potion"},{"floor":28,"key":"Weak Potion"},{"floor":36,"key":"GamblersBrew"}],"is_trial":false,"path_per_floor":["M","?","M","$","?","R","E","M","T","M","E","M","M","E","R","B",null,"M","M","M","M","?","E","?","$","T","?","M","E","$","M","R","B",null,"M","M","$","M","?","E","R","$","T","R","M","E","M","M","R","B",null],"character_chosen":"IRONCLAD","items_purchased":["Happy Flower","ClockworkSouvenir","Pen Nib","Vajra","Bronze Scales"],"campfire_rested":1,"item_purchase_floors":[30,30,37,42,42],"current_hp_per_floor":[76,76,82,82,82,82,57,63,63,68,58,57,61,48,48,23,67,50,58,78,77,82,67,67,67,67,67,71,77,77,74,74,70,79,82,72,72,76,82,55,55,55,55,79,69,58,64,65,65,30],"gold":140,"neow_bonus":"TEN_PERCENT_HP_BONUS","is_prod":false,"is_daily":false,"chose_seed":false,"campfire_upgraded":5,"win_rate":0,"timestamp":1550927140,"path_taken":["M","?","M","$","?","R","E","M","T","M","E","M","M","E","R","BOSS","M","?","?","?","?","E","?","?","T","?","M","E","$","M","R","BOSS","M","M","$","M","?","E","R","$","T","R","M","E","M","M","R","BOSS"],"build_version":"2019-01-23","purchased_purges":1,"victory":true,"max_hp_per_floor":[82,82,82,82,82,82,82,82,82,82,82,82,82,82,82,82,82,82,82,82,82,82,82,82,82,82,82,82,82,82,82,82,82,82,82,82,82,82,82,82,82,82,82,82,82,84,84,84,84,84],"card_choices":[{"not_picked":["Rage","Havoc"],"picked":"Shrug It Off","floor":1},{"not_picked":["Havoc","Cleave"],"picked":"Whirlwind","floor":3},{"not_picked":["Searing Blow","Entrench"],"picked":"Carnage","floor":7},{"not_picked":["Sentinel","Body Slam"],"picked":"Uppercut","floor":8},{"not_picked":["Rage","Bloodletting","Perfected Strike"],"picked":"SKIP","floor":10},{"not_picked":["Uppercut","Feel No Pain"],"picked":"Fiend Fire","floor":11},{"not_picked":["Sentinel","Thunderclap"],"picked":"Inflame","floor":12},{"not_picked":["Bloodletting","Rupture"],"picked":"Armaments","floor":13},{"not_picked":["Cleave","Pommel Strike"],"picked":"Pummel","floor":14},{"not_picked":["Brutality","Barricade"],"picked":"Reaper","floor":16},{"not_picked":["Pummel","Carnage"],"picked":"Flame Barrier","floor":18},{"not_picked":["Whirlwind+1","Combust"],"picked":"Shrug It Off","floor":19},{"not_picked":["Whirlwind","Cleave+1"],"picked":"Shockwave+1","floor":20},{"not_picked":["Havoc","Cleave","Sword Boomerang"],"picked":"SKIP","floor":21},{"not_picked":["Iron Wave","Havoc"],"picked":"Battle Trance","floor":22},{"not_picked":["True Grit","Seeing Red"],"picked":"Reaper","floor":23},{"not_picked":["Perfected Strike","Clash"],"picked":"Uppercut","floor":28},{"not_picked":["Armaments","Pommel Strike"],"picked":"Clothesline","floor":29},{"not_picked":["Anger","True Grit","Warcry"],"picked":"SKIP","floor":31},{"not_picked":["Fiend Fire","Impervious"],"picked":"Demon Form","floor":33},{"not_picked":["Headbutt","Perfected Strike","Pommel Strike"],"picked":"SKIP","floor":35},{"not_picked":["Warcry","Sword Boomerang"],"picked":"Double Tap","floor":36},{"not_picked":["Feel No Pain","Headbutt"],"picked":"Disarm","floor":38},{"not_picked":["Armaments","Perfected Strike"],"picked":"Dual Wield+1","floor":39},{"not_picked":["Sever Soul","Second Wind","Havoc+1"],"picked":"SKIP","floor":40},{"not_picked":["Headbutt","Pummel"],"picked":"Heavy Blade+1","floor":44},{"not_picked":["Clothesline","Feel No Pain"],"picked":"Shrug It Off","floor":45},{"not_picked":["Pommel Strike","Burning Pact","Offering"],"picked":"Singing Bowl","floor":46},{"not_picked":["Clash","Armaments"],"picked":"Entrench","floor":47},{"not_picked":["Body Slam","Carnage"],"picked":"Shockwave","floor":48}],"player_experience":412295,"relics_obtained":[{"floor":7,"key":"Gremlin Horn"},{"floor":9,"key":"Meat on the Bone"},{"floor":11,"key":"Dream Catcher"},{"floor":14,"key":"MawBank"},{"floor":22,"key":"Red Mask"},{"floor":23,"key":"Orichalcum"},{"floor":26,"key":"War Paint"},{"floor":29,"key":"Nunchaku"},{"floor":39,"key":"Ice Cream"},{"floor":40,"key":"Art of War"},{"floor":43,"key":"Singing Bowl"},{"floor":46,"key":"Bag of Preparation"}],"event_choices":[{"damage_healed":0,"gold_gain":0,"player_choice":"Grow","damage_taken":0,"max_hp_gain":0,"max_hp_loss":0,"event_name":"Living Wall","floor":2,"gold_loss":0,"cards_upgraded":["Bash"]},{"damage_healed":0,"gold_gain":0,"player_choice":"Paid Gold","damage_taken":0,"relics_obtained":["Oddly Smooth Stone"],"max_hp_gain":0,"max_hp_loss":0,"event_name":"WeMeetAgain","floor":5,"gold_loss":99},{"damage_healed":0,"gold_gain":0,"player_choice":"Fought Bandits","damage_taken":0,"max_hp_gain":0,"max_hp_loss":0,"event_name":"Masked Bandits","floor":22,"gold_loss":0},{"damage_healed":0,"gold_gain":0,"player_choice":"Ignored","damage_taken":0,"max_hp_gain":0,"max_hp_loss":0,"event_name":"The Mausoleum","floor":24,"gold_loss":0},{"damage_healed":0,"gold_gain":0,"player_choice":"Simplicity","damage_taken":0,"max_hp_gain":0,"max_hp_loss":0,"event_name":"Back to Basics","floor":27,"gold_loss":0,"cards_upgraded":["Strike_R","Strike_R","Strike_R","Strike_R","Defend_R","Defend_R","Defend_R"]},{"damage_healed":0,"gold_gain":0,"player_choice":"Fight","damage_taken":0,"max_hp_gain":0,"max_hp_loss":0,"event_name":"MindBloom","floor":39,"gold_loss":0}],"is_beta":false,"boss_relics":[{"not_picked":["Black Blood","Ectoplasm"],"picked":"Snecko Eye"},{"not_picked":["Runic Dome","Empty Cage"],"picked":"Philosopher\u0027s Stone"}],"items_purged_floors":[25],"is_endless":false,"potions_floor_spawned":[7,8,10,12,16,19,21,22,23,28,29,36,39,40,45],"ascension_level":14}