{"gold_per_floor":[117,135,135,145,145,176,194,194,219,219,57,91,91,47,47,126,126,126,51,0,0,0,0,0,0,0,0,0],"floor_reached":28,"playtime":1007,"items_purged":["Strike_B"],"score":437,"play_id":"a5560e8b-4f91-4944-8042-996c543fcd6a","local_time":"20190212200656","is_ascension_mode":true,"campfire_choices":[{"floor":10,"key":"REST"},{"floor":13,"key":"REST"},{"data":"Storm","floor":15,"key":"SMITH"},{"floor":23,"key":"REST"}],"neow_cost":"NONE","seed_source_timestamp":84529418372660,"circlet_count":0,"master_deck":["AscendersBane","Defend_B","Defend_B","Defend_B","Zap","Dualcast","Rebound+1","White Noise","Ball Lightning+1","Capacitor","Auto Shields","Self Repair","Storm+1","Creative AI","Stack","Steam","Genetic Algorithm","Stack"],"relics":["White Beast Statue","Happy Flower","Regal Pillow","DataDisk","Blood Vial","Ectoplasm","Bag of Marbles","Whetstone"],"potions_floor_usage":[2,6,7,16,16,22],"damage_taken":[{"damage":5,"enemies":"Small Slimes","floor":1,"turns":4},{"damage":0,"enemies":"2 Louse","floor":2,"turns":2},{"damage":1,"enemies":"Cultist","floor":4,"turns":3},{"damage":30,"enemies":"Lagavulin","floor":6,"turns":6},{"damage":16,"enemies":"Blue Slaver","floor":7,"turns":4},{"damage":52,"enemies":"Gremlin Nob","floor":12,"turns":5},{"damage":36,"enemies":"Hexaghost","floor":16,"turns":10},{"damage":24,"enemies":"Chosen","floor":18,"turns":4},{"damage":36,"enemies":"2 Thieves","floor":20,"turns":4},{"damage":14,"enemies":"Snake Plant","floor":22,"turns":4},{"damage":36,"enemies":"Centurion and Healer","floor":28,"turns":5}],"seed_played":"6872605566317741604","potions_obtained":[{"floor":1,"key":"SkillPotion"},{"floor":2,"key":"Explosive Potion"},{"floor":4,"key":"Fire Potion"},{"floor":6,"key":"SmokeBomb"},{"floor":7,"key":"Dexterity Potion"},{"floor":12,"key":"Block Potion"},{"floor":16,"key":"FocusPotion"},{"floor":18,"key":"Dexterity Potion"},{"floor":22,"key":"PowerPotion"}],"is_trial":false,"path_per_floor":["M","M","?","M","?","E","M","?","T","R","$","E","R","$","R","B",null,"M","$","M","?","M","R","?","?","T","T","M"],"character_chosen":"DEFECT","items_purchased":["DataDisk","Storm"],"campfire_rested":3,"item_purchase_floors":[11,14],"current_hp_per_floor":[59,59,64,63,63,33,17,17,17,54,54,2,39,39,39,12,60,45,45,18,18,13,50,50,28,28,28,0],"gold":0,"neow_bonus":"BOSS_RELIC","is_prod":false,"is_daily":false,"chose_seed":false,"campfire_upgraded":1,"win_rate":0,"timestamp":1549962416,"path_taken":["M","M","?","M","?","E","?","?","T","R","?","E","R","$","R","BOSS","M","$","?","?","M","R","?","?","T","?","?"],"build_version":"2019-01-23","purchased_purges":1,"victory":false,"max_hp_per_floor":[71,71,76,76,76,76,76,76,76,76,76,76,76,76,76,76,76,76,76,76,76,76,76,76,81,81,81,81],"card_choices":[{"not_picked":["Stack","Steam"],"picked":"Rebound","floor":1},{"not_picked":["Stack","Steam"],"picked":"White Noise","floor":2},{"not_picked":["Conserve Battery","Go for the Eyes"],"picked":"Ball Lightning","floor":4},{"not_picked":["Go for the Eyes","Static Discharge"],"picked":"Capacitor","floor":6},{"not_picked":["Compile Driver","Hologram"],"picked":"Auto Shields","floor":7},{"not_picked":["Stack","Steam"],"picked":"Self Repair","floor":12},{"not_picked":["Thunder Strike","Meteor Strike"],"picked":"Creative AI","floor":16},{"not_picked":["Rebound","Sweeping Beam","Go for the Eyes"],"picked":"SKIP","floor":18},{"not_picked":["Double Energy","Compile Driver+1"],"picked":"Stack","floor":20},{"not_picked":["Ball Lightning","Fusion"],"picked":"Stack","floor":22}],"player_experience":336756,"relics_obtained":[{"floor":6,"key":"Happy Flower"},{"floor":9,"key":"Regal Pillow"},{"floor":12,"key":"Blood Vial"},{"floor":26,"key":"Bag of Marbles"},{"floor":27,"key":"Whetstone"}],"event_choices":[{"damage_healed":0,"gold_gain":0,"player_choice":"Donut","damage_taken":0,"max_hp_gain":5,"max_hp_loss":0,"event_name":"Big Fish","floor":3,"gold_loss":0},{"cards_removed":["Strike_B"],"damage_healed":0,"gold_gain":0,"player_choice":"Offered Basic","damage_taken":0,"max_hp_gain":0,"max_hp_loss":0,"event_name":"Bonfire Elementals","floor":5,"gold_loss":0},{"cards_removed":["Strike_B"],"damage_healed":0,"gold_gain":0,"player_choice":"Forget","damage_taken":0,"max_hp_gain":0,"max_hp_loss":0,"event_name":"Living Wall","floor":8,"gold_loss":0},{"damage_healed":0,"gold_gain":0,"cards_transformed":["Defend_B","Strike_B"],"player_choice":"Became Test Subject","damage_taken":0,"max_hp_gain":0,"max_hp_loss":0,"event_name":"Drug Dealer","floor":21,"gold_loss":0,"cards_obtained":["Steam","Genetic Algorithm"]},{"damage_healed":0,"gold_gain":0,"player_choice":"Ignored","damage_taken":0,"max_hp_gain":0,"max_hp_loss":0,"event_name":"Beggar","floor":24,"gold_loss":0},{"damage_healed":0,"gold_gain":0,"player_choice":"Shed Blood","damage_taken":27,"max_hp_gain":5,"max_hp_loss":0,"event_name":"Forgotten Altar","floor":25,"gold_loss":0}],"is_beta":false,"boss_relics":[{"not_picked":["Astrolabe","Pandora\u0027s Box"],"picked":"Ectoplasm"}],"items_purged_floors":[19],"is_endless":false,"potions_floor_spawned":[1,2,4,6,7,12,16,18,20,22],"killed_by":"Centurion and Healer","ascension_level":19}