{"gold_per_floor":[110,68,85,100,100,100,162,162,234,234,234,274,299,299,299,395,395,419,419,419,434,470,470,470,470,470,330,350,7,7,28,28,117,117,135,149,149,172,187,187,228,228,253,143,168,168,181,194,194,194],"floor_reached":50,"playtime":1719,"items_purged":["Strike_B"],"score":1000,"play_id":"e244829b-3b89-4753-9e74-315a39066236","local_time":"20190223151402","is_ascension_mode":true,"campfire_choices":[{"data":"Zap","floor":6.0,"key":"SMITH"},{"data":"Dualcast","floor":10.0,"key":"SMITH"},{"data":"Melter","floor":15.0,"key":"SMITH"},{"floor":23.0,"key":"REST"},{"data":"Defragment","floor":25,"key":"SMITH"},{"data":"Ball Lightning","floor":30,"key":"SMITH"},{"floor":32,"key":"REST"},{"floor":40,"key":"REST"},{"data":"Echo Form","floor":42,"key":"SMITH"},{"data":"Capacitor","floor":46,"key":"SMITH"},{"floor":49,"key":"REST"}],"neow_cost":"NONE","seed_source_timestamp":4471965603000,"circlet_count":0,"master_deck":["AscendersBane","Defend_B+1","Defend_B+1","Defend_B","Zap+1","Dualcast+1","Defragment+1","Core Surge","Ball Lightning+1","Melter+1","BootSequence","Seek+1","Chill+1","Cold Snap+1","Rebound+1","Defragment+1","Cold Snap","Ball Lightning","Capacitor+1","Core Surge","Cold Snap+1","Capacitor+1","Echo Form+1","Glacier","Hologram+1","Beam Cell+1","Compile Driver+1"],"special_seed":0,"relics":["Cracked Core","NeowsBlessing","Tiny Chest","Meat on the Bone","Golden Idol","Kunai","Shuriken","Astrolabe","Gambling Chip","Red Mask","Letter Opener","War Paint","Omamori","Sozu","Mercury Hourglass","PreservedInsect","Bag of Marbles"],"potions_floor_usage":[24,33],"damage_taken":[{"damage":0.0,"enemies":"Cultist","floor":1.0,"turns":1.0},{"damage":0.0,"enemies":"Small Slimes","floor":3.0,"turns":1.0},{"damage":0.0,"enemies":"2 Louse","floor":4.0,"turns":1.0},{"damage":30.0,"enemies":"Lagavulin","floor":7.0,"turns":5.0},{"damage":30.0,"enemies":"Gremlin Nob","floor":12.0,"turns":4.0},{"damage":10.0,"enemies":"Large Slime","floor":13.0,"turns":4.0},{"damage":39.0,"enemies":"Slime Boss","floor":16.0,"turns":6.0},{"damage":12.0,"enemies":"Shell Parasite","floor":18.0,"turns":4.0},{"damage":6.0,"enemies":"2 Thieves","floor":21.0,"turns":4.0},{"damage":22.0,"enemies":"Masked Bandits","floor":22.0,"turns":5.0},{"damage":0,"enemies":"Slavers","floor":24,"turns":1},{"damage":0,"enemies":"Centurion and Healer","floor":28,"turns":5},{"damage":10,"enemies":"Snake Plant","floor":31,"turns":4},{"damage":43,"enemies":"Automaton","floor":33,"turns":9},{"damage":38,"enemies":"3 Darklings","floor":35,"turns":6},{"damage":1,"enemies":"3 Shapes","floor":36,"turns":6},{"damage":16,"enemies":"Writhing Mass","floor":38,"turns":5},{"damage":7,"enemies":"3 Darklings","floor":39,"turns":5},{"damage":23,"enemies":"Nemesis","floor":41,"turns":7},{"damage":9,"enemies":"Transient","floor":45,"turns":6},{"damage":0,"enemies":"4 Shapes","floor":47,"turns":5},{"damage":21,"enemies":"Writhing Mass","floor":48,"turns":5},{"damage":56,"enemies":"Awakened One","floor":50,"turns":3}],"seed_played":"-758690018577334376","potions_obtained":[{"floor":1.0,"key":"FearPotion"},{"floor":7.0,"key":"EssenceOfSteel"},{"floor":16.0,"key":"SkillPotion"},{"floor":21.0,"key":"Ancient Potion"},{"floor":22.0,"key":"SmokeBomb"}],"is_trial":false,"path_per_floor":["M","$","M","M","?","R","E","?","T","R","?","E","M","T","R","B",null,"M","?","T","M","?","R","E","R","T","?","M","$","R","M","R","B",null,"M","M","T","M","M","R","E","R","T","?","M","R","M","M","R","B"],"character_chosen":"DEFECT","items_purchased":["Defragment","Ball Lightning","Omamori","SteroidPotion"],"campfire_rested":4,"item_purchase_floors":[2,29,29,29],"current_hp_per_floor":[64,64,64,64,64,64,34,57,57,57,57,39,41,41,41,14,52,40,40,40,34,24,43,43,43,43,43,43,43,43,33,52,21,53,27,38,38,34,39,58,35,35,35,35,38,38,38,29,48,0],"gold":194,"neow_bonus":"THREE_ENEMY_KILL","is_prod":false,"is_daily":false,"chose_seed":false,"campfire_upgraded":7,"win_rate":0,"timestamp":1550927642,"path_taken":["M","$","?","M","?","R","E","?","T","R","?","E","M","?","R","BOSS","M","?","?","?","?","R","E","R","T","?","M","$","R","M","R","BOSS","M","M","?","M","M","R","E","R","T","?","M","R","M","?","R","BOSS"],"build_version":"2019-01-23","purchased_purges":1,"victory":false,"max_hp_per_floor":[71,71,71,71,71,71,71,71,71,71,64,64,64,64,64,64,64,64,64,64,64,64,64,64,64,64,64,64,64,64,64,64,64,64,64,64,64,64,64,64,64,64,64,64,64,64,64,64,64,64],"card_choices":[{"not_picked":["Blizzard","Stack","Streamline"],"picked":"SKIP","floor":1.0},{"not_picked":["Gash","Turbo","Aggregate"],"picked":"SKIP","floor":3.0},{"not_picked":["Skim","Static Discharge"],"picked":"Core Surge","floor":4.0},{"not_picked":["Chaos","Barrage"],"picked":"Ball Lightning","floor":7.0},{"not_picked":["Gash","Lockon"],"picked":"Melter","floor":12.0},{"not_picked":["Beam Cell","Streamline"],"picked":"BootSequence","floor":13.0},{"not_picked":["Hyperbeam","Multi-Cast"],"picked":"Seek","floor":16.0},{"not_picked":["Static Discharge","Auto Shields","Turbo"],"picked":"SKIP","floor":18.0},{"not_picked":["Hologram","Reinforced Body","FTL"],"picked":"SKIP","floor":21.0},{"not_picked":["Auto Shields","Hologram+1"],"picked":"Defragment","floor":22.0},{"not_picked":["Streamline","Turbo"],"picked":"Cold Snap","floor":28},{"not_picked":["Hologram","Static Discharge"],"picked":"Capacitor","floor":31},{"not_picked":["All For One","Meteor Strike"],"picked":"Core Surge","floor":33},{"not_picked":["Streamline","Blizzard"],"picked":"Cold Snap+1","floor":35},{"not_picked":["Loop","Lockon+1","FTL"],"picked":"SKIP","floor":36},{"not_picked":["Conserve Battery","Redo+1"],"picked":"Capacitor+1","floor":38},{"not_picked":["Defragment","Darkness"],"picked":"Echo Form","floor":39},{"not_picked":["Chill","Stack"],"picked":"Glacier","floor":41},{"not_picked":["Loop","Compile Driver"],"picked":"Hologram+1","floor":45},{"not_picked":["Aggregate+1","Go for the Eyes"],"picked":"Beam Cell+1","floor":47},{"not_picked":["Steam Power+1","Storm+1"],"picked":"Compile Driver+1","floor":48}],"player_experience":910116,"relics_obtained":[{"floor":7.0,"key":"Tiny Chest"},{"floor":9.0,"key":"Meat on the Bone"},{"floor":12.0,"key":"Kunai"},{"floor":14.0,"key":"Shuriken"},{"floor":20.0,"key":"Gambling Chip"},{"floor":22.0,"key":"Red Mask"},{"floor":26,"key":"Letter Opener"},{"floor":37,"key":"Mercury Hourglass"},{"floor":41,"key":"PreservedInsect"},{"floor":43,"key":"Bag of Marbles"}],"event_choices":[{"damage_healed":0.0,"max_hp_gain":0.0,"max_hp_loss":0.0,"gold_gain":0.0,"event_name":"Living Wall","player_choice":"Grow","floor":5.0,"gold_loss":0.0,"damage_taken":0.0,"cards_upgraded":["Defragment"]},{"damage_healed":23.0,"max_hp_gain":0.0,"max_hp_loss":0.0,"gold_gain":0.0,"event_name":"Big Fish","player_choice":"Banana","floor":8.0,"gold_loss":0.0,"damage_taken":0.0},{"damage_healed":0.0,"max_hp_gain":0.0,"max_hp_loss":7.0,"gold_gain":0.0,"event_name":"Golden Idol","player_choice":"Lose Max HP","floor":11.0,"gold_loss":0.0,"damage_taken":0.0,"relics_obtained":["Golden Idol"]},{"damage_healed":0.0,"max_hp_gain":0.0,"max_hp_loss":0.0,"gold_gain":0.0,"event_name":"The Mausoleum","player_choice":"Ignored","floor":19.0,"gold_loss":0.0,"damage_taken":0.0},{"damage_healed":0.0,"max_hp_gain":0.0,"max_hp_loss":0.0,"gold_gain":0.0,"event_name":"Masked Bandits","player_choice":"Fought Bandits","floor":22.0,"gold_loss":0.0,"damage_taken":0.0},{"damage_healed":0,"gold_gain":0,"player_choice":"Paid Gold","damage_taken":0,"relics_obtained":["War Paint"],"max_hp_gain":0,"max_hp_loss":0,"event_name":"WeMeetAgain","floor":27,"gold_loss":140},{"cards_removed":["Defend_B"],"damage_healed":0,"gold_gain":0,"player_choice":"Upgrade and Remove","damage_taken":0,"max_hp_gain":0,"max_hp_loss":0,"event_name":"Designer","floor":44,"gold_loss":110,"cards_upgraded":["Defend_B"]}],"is_beta":false,"boss_relics":[{"not_picked":["Empty Cage","Orrery"],"picked":"Astrolabe"},{"not_picked":["Eternal Feather","Philosopher\u0027s Stone"],"picked":"Sozu"}],"items_purged_floors":[29],"is_endless":false,"potions_floor_spawned":[1,7,16,21,22,24,36,39,41,47],"killed_by":"Awakened One","ascension_level":20}