{"gold_per_floor":[119,132,145,145,145,145,165,240,264,264,278,278,278,319,319,439,439,455,68,43,68,91,91],"floor_reached":23,"playtime":1967,"items_purged":["Strike_B"],"score":203,"play_id":"a8f1f2fc-5637-4cb1-a14d-8b26db8ac834","local_time":"20190208231720","is_ascension_mode":true,"campfire_choices":[{"floor":6,"key":"REST"},{"floor":10,"key":"REST"},{"data":"Dualcast","floor":12,"key":"SMITH"},{"floor":15,"key":"REST"}],"neow_cost":"PERCENT_DAMAGE","seed_source_timestamp":1770378821652334,"circlet_count":0,"master_deck":["Strike_B","Defend_B","Defend_B+1","Defend_B","Zap","Dualcast+1","Leap+1","Beam Cell","Cold Snap","Coolheaded","Redo","Beam Cell","Seek","BootSequence+1","Cold Snap","Glacier"],"relics":["Cracked Core","Golden Idol","Dream Catcher","Regal Pillow","Inserter","Torii"],"potions_floor_usage":[16,23],"damage_taken":[{"damage":10,"enemies":"Jaw Worm","floor":1,"turns":4},{"damage":0,"enemies":"Small Slimes","floor":2,"turns":2},{"damage":0,"enemies":"2 Louse","floor":3,"turns":2},{"damage":11,"enemies":"Lots of Slimes","floor":7,"turns":3},{"damage":10,"enemies":"Exordium Thugs","floor":11,"turns":4},{"damage":5,"enemies":"Lagavulin","floor":14,"turns":8},{"damage":12,"enemies":"The Guardian","floor":16,"turns":15},{"damage":10,"enemies":"Chosen","floor":18,"turns":6},{"damage":13,"enemies":"2 Thieves","floor":20,"turns":5},{"damage":19,"enemies":"Cultist and Chosen","floor":21,"turns":10},{"damage":1,"enemies":"Centurion and Healer","floor":22,"turns":16},{"damage":32,"enemies":"Slavers","floor":23,"turns":5}],"seed_played":"2445281045496102182","potions_obtained":[{"floor":1,"key":"GamblersBrew"},{"floor":7,"key":"LiquidBronze"},{"floor":20,"key":"GamblersBrew"},{"floor":22,"key":"Dexterity Potion"}],"is_trial":false,"path_per_floor":["M","M","M","?","?","R","M","?","T","R","M","R","?","E","R","B",null,"M","$","M","M","M","E"],"character_chosen":"DEFECT","items_purchased":["Torii"],"campfire_rested":3,"item_purchase_floors":[19],"current_hp_per_floor":[44,44,44,26,11,33,22,11,11,33,23,23,23,18,55,43,75,65,65,52,33,32,0],"gold":91,"neow_bonus":"REMOVE_TWO","is_prod":false,"is_daily":false,"chose_seed":false,"campfire_upgraded":1,"win_rate":0,"timestamp":1549664240,"path_taken":["M","M","M","?","?","R","M","?","T","R","M","R","?","E","R","BOSS","M","$","M","M","M","E"],"build_version":"2019-01-23","purchased_purges":1,"victory":false,"max_hp_per_floor":[75,75,75,75,75,75,75,75,75,75,75,75,75,75,75,75,75,75,75,75,75,75,75],"card_choices":[{"not_picked":["Tempest","Rebound","Redo"],"picked":"SKIP","floor":1},{"not_picked":["Stack","Aggregate"],"picked":"Leap","floor":2},{"not_picked":["Compile Driver","Go for the Eyes"],"picked":"Beam Cell","floor":3},{"not_picked":["Auto Shields","Hologram","Turbo"],"picked":"SKIP","floor":7},{"not_picked":["Turbo","Force Field"],"picked":"Cold Snap","floor":10},{"not_picked":["Compile Driver","Meteor Strike"],"picked":"Coolheaded","floor":11},{"not_picked":["Barrage","Conserve Battery"],"picked":"Beam Cell","floor":14},{"not_picked":["Rainbow","Reboot"],"picked":"Seek","floor":16},{"not_picked":["Leap","Streamline+1"],"picked":"BootSequence+1","floor":18},{"not_picked":["Barrage","Rebound+1","Steam"],"picked":"SKIP","floor":20},{"not_picked":["Leap","Conserve Battery+1"],"picked":"Cold Snap","floor":21},{"not_picked":["Darkness","Auto Shields"],"picked":"Glacier","floor":22}],"player_experience":173319,"relics_obtained":[{"floor":9,"key":"Dream Catcher"},{"floor":14,"key":"Regal Pillow"}],"event_choices":[{"damage_healed":0,"gold_gain":0,"player_choice":"Take Damage","damage_taken":18,"relics_obtained":["Golden Idol"],"max_hp_gain":0,"max_hp_loss":0,"event_name":"Golden Idol","floor":4,"gold_loss":0},{"damage_healed":0,"gold_gain":0,"player_choice":"Entered Light","damage_taken":15,"max_hp_gain":0,"max_hp_loss":0,"event_name":"Shining Light","floor":5,"gold_loss":0,"cards_upgraded":["Leap","Defend_B"]},{"damage_healed":0,"gold_gain":75,"player_choice":"Gather Gold","damage_taken":11,"max_hp_gain":0,"max_hp_loss":0,"event_name":"World of Goop","floor":8,"gold_loss":0},{"damage_healed":0,"gold_gain":0,"cards_transformed":["Strike_B"],"player_choice":"Change","damage_taken":0,"max_hp_gain":0,"max_hp_loss":0,"event_name":"Living Wall","floor":13,"gold_loss":0,"cards_obtained":["Redo"]}],"is_beta":false,"boss_relics":[{"not_picked":["Fusion Hammer","Calling Bell"],"picked":"Inserter"}],"items_purged_floors":[19],"is_endless":false,"potions_floor_spawned":[1,7,20,22],"killed_by":"Slavers","ascension_level":1}