{"gold_per_floor":[119,194,164,175,193,193,224,234,304,334,334,350,350,24,24,98,98,110,110],"floor_reached":19,"playtime":442,"items_purged":["Strike_B"],"score":354,"play_id":"5cac0e8c-fcfa-4c00-9d25-f6d39c4e3784","local_time":"20190223194251","is_ascension_mode":true,"campfire_choices":[{"data":"Defragment","floor":6,"key":"SMITH"},{"floor":11,"key":"REST"},{"floor":13,"key":"REST"},{"floor":15,"key":"REST"}],"neow_cost":"NONE","seed_source_timestamp":21960447006800,"circlet_count":0,"master_deck":["AscendersBane","Strike_B","Strike_B","Strike_B","Defend_B","Defend_B","Defend_B","Defend_B","Zap","Dualcast","Ball Lightning","Defragment+1","Ball Lightning","Compile Driver","Defragment","Panacea","Biased Cognition"],"relics":["Cracked Core","NeowsBlessing","Ginger","Gremlin Horn","Lantern","Fusion Hammer"],"potions_floor_usage":[7,8,10,16],"damage_taken":[{"damage":0,"enemies":"2 Louse","floor":1,"turns":1},{"damage":0,"enemies":"Cultist","floor":4,"turns":1},{"damage":0,"enemies":"Small Slimes","floor":5,"turns":1},{"damage":32,"enemies":"Gremlin Nob","floor":7,"turns":4},{"damage":3,"enemies":"3 Louse","floor":8,"turns":3},{"damage":35,"enemies":"3 Sentries","floor":10,"turns":6},{"damage":9,"enemies":"Red Slaver","floor":12,"turns":3},{"damage":42,"enemies":"The Guardian","floor":16,"turns":10},{"damage":31,"enemies":"Shell Parasite","floor":18,"turns":4},{"damage":34,"enemies":"Colosseum Slavers","floor":19,"turns":2}],"seed_played":"9122782350406934622","potions_obtained":[{"floor":3,"key":"SneckoOil"},{"floor":3,"key":"SneckoOil"},{"floor":4,"key":"Regen Potion"},{"floor":7,"key":"Regen Potion"}],"is_trial":false,"path_per_floor":["M","?","?","M","M","R","E","M","T","E","R","M","R","$","R","B",null,"M","?"],"character_chosen":"DEFECT","items_purchased":["Defragment","Panacea","FearPotion","Energy Potion"],"campfire_rested":3,"item_purchase_floors":[14,14,14,14],"current_hp_per_floor":[64,53,53,53,53,53,33,39,39,4,25,16,37,37,58,16,57,26,0],"gold":110,"neow_bonus":"THREE_ENEMY_KILL","is_prod":false,"is_daily":false,"chose_seed":false,"campfire_upgraded":1,"win_rate":0,"timestamp":1550943771,"path_taken":["M","?","?","M","?","R","E","M","T","E","R","?","R","$","R","BOSS","M","?"],"build_version":"2019-01-23","purchased_purges":1,"victory":false,"max_hp_per_floor":[71,71,71,71,71,71,71,71,71,71,71,71,71,71,71,71,71,71,71],"card_choices":[{"not_picked":["Go for the Eyes","Melter"],"picked":"Ball Lightning","floor":1},{"not_picked":["Gash","Steam","Streamline"],"picked":"SKIP","floor":4},{"not_picked":["Hologram","Streamline"],"picked":"Defragment","floor":5},{"not_picked":["Meteor Strike","Beam Cell","Chill"],"picked":"SKIP","floor":7},{"not_picked":["Go for the Eyes","Hologram"],"picked":"Ball Lightning","floor":8},{"not_picked":["Tempest","Compile Driver","Beam Cell"],"picked":"SKIP","floor":10},{"not_picked":["Tempest","Beam Cell"],"picked":"Compile Driver","floor":10},{"not_picked":["Turbo","Barrage","Ball Lightning"],"picked":"SKIP","floor":12},{"not_picked":["Core Surge","Machine Learning"],"picked":"Biased Cognition","floor":16},{"not_picked":["Sweeping Beam+1","Rip and Tear+1","Heatsinks"],"picked":"SKIP","floor":18}],"player_experience":923460,"relics_obtained":[{"floor":7,"key":"Ginger"},{"floor":9,"key":"Gremlin Horn"},{"floor":10,"key":"Lantern"}],"event_choices":[{"damage_healed":0,"gold_gain":75,"player_choice":"Gather Gold","damage_taken":11,"max_hp_gain":0,"max_hp_loss":0,"event_name":"World of Goop","floor":2,"gold_loss":0},{"damage_healed":0,"gold_gain":0,"player_choice":"Bought 2 Potions","damage_taken":0,"max_hp_gain":0,"max_hp_loss":0,"event_name":"The Woman in Blue","floor":3,"gold_loss":0},{"damage_healed":0,"gold_gain":0,"player_choice":"Fight","damage_taken":0,"max_hp_gain":0,"max_hp_loss":0,"event_name":"Colosseum","floor":19,"gold_loss":0}],"is_beta":false,"boss_relics":[{"not_picked":["Tiny House","Runic Pyramid"],"picked":"Fusion Hammer"}],"items_purged_floors":[14],"is_endless":false,"potions_floor_spawned":[4,7],"killed_by":"Colosseum Slavers","ascension_level":20}