{"gold_per_floor":[116,129,146,146,165,165,191,191,191,202,29,29,29,48,48,149,149,166,166,14,29,45,45,59,59,59,70,90,90,90,120,120,223,223,240,258,358,369,387,387,397,397,397,35,50,0,19,19,19,19],"floor_reached":50,"playtime":2434,"items_purged":["Strike_B"],"score":724,"play_id":"099c4b75-de78-406d-8bad-1f4a731f8e30","local_time":"20190208052047","is_ascension_mode":true,"campfire_choices":[{"floor":6,"key":"REST"},{"data":"Zap","floor":8,"key":"SMITH"},{"floor":15,"key":"REST"},{"floor":23,"key":"REST"},{"data":"Creative AI","floor":25,"key":"SMITH"},{"floor":30,"key":"REST"},{"floor":32,"key":"REST"},{"floor":40,"key":"REST"},{"floor":42,"key":"REST"},{"floor":49,"key":"REST"}],"neow_cost":"NONE","seed_source_timestamp":1931033928935790,"circlet_count":0,"master_deck":["Zap+1","Dualcast","Multi-Cast","Glacier","Cold Snap","Cold Snap","Gash","FTL","Ball Lightning","Conserve Battery","Hello World","Go for the Eyes","Creative AI+1","Fusion+1","Capacitor","Reinforced Body","Defragment","Coolheaded","BootSequence","Beam Cell+1","Glacier+1","Electrodynamics","Core Surge","Steam+1","Genetic Algorithm+1","Skim+1","Hyperbeam","Reinforced Body+1","Creative AI","Consume+1","Parasite","BootSequence+1","Chill+1","Undo+1","Conserve Battery+1"],"relics":["Cracked Core","Bronze Scales","Cables","Thread and Needle","White Beast Statue","Darkstone Periapt","Toxic Egg 2","Pandora\u0027s Box","Kunai","Incense Burner"],"potions_floor_usage":[7,16,16,31,33,33,38,39,41,50,50,50],"damage_taken":[{"damage":1,"enemies":"Cultist","floor":1,"turns":4},{"damage":6,"enemies":"2 Louse","floor":2,"turns":3},{"damage":2,"enemies":"Jaw Worm","floor":3,"turns":4},{"damage":0,"enemies":"2 Fungi Beasts","floor":5,"turns":4},{"damage":12,"enemies":"Lagavulin","floor":7,"turns":9},{"damage":0,"enemies":"Red Slaver","floor":10,"turns":4},{"damage":0,"enemies":"Large Slime","floor":14,"turns":4},{"damage":0,"enemies":"The Guardian","floor":16,"turns":10},{"damage":0,"enemies":"3 Byrds","floor":18,"turns":4},{"damage":17,"enemies":"Chosen","floor":21,"turns":7},{"damage":27,"enemies":"3 Cultists","floor":22,"turns":6},{"damage":0,"enemies":"Cultist and Chosen","floor":24,"turns":8},{"damage":0,"enemies":"Snecko","floor":27,"turns":7},{"damage":14,"enemies":"Snake Plant","floor":28,"turns":4},{"damage":1,"enemies":"Colosseum Slavers","floor":29,"turns":4},{"damage":5,"enemies":"Gremlin Leader","floor":31,"turns":6},{"damage":5,"enemies":"Champ","floor":33,"turns":11},{"damage":37,"enemies":"3 Darklings","floor":35,"turns":7},{"damage":6,"enemies":"Orb Walker","floor":36,"turns":6},{"damage":24,"enemies":"3 Darklings","floor":38,"turns":4},{"damage":16,"enemies":"Sphere and 2 Shapes","floor":39,"turns":6},{"damage":12,"enemies":"Writhing Mass","floor":41,"turns":9},{"damage":11,"enemies":"3 Darklings","floor":45,"turns":7},{"damage":13,"enemies":"4 Shapes","floor":47,"turns":6},{"damage":64,"enemies":"Awakened One","floor":50,"turns":8}],"seed_played":"-1954981040257095661","potions_obtained":[{"floor":2,"key":"Energy Potion"},{"floor":3,"key":"Swift Potion"},{"floor":7,"key":"Block Potion"},{"floor":16,"key":"Dexterity Potion"},{"floor":18,"key":"FocusPotion"},{"floor":21,"key":"PowerPotion"},{"floor":31,"key":"FearPotion"},{"floor":33,"key":"SpeedPotion"},{"floor":35,"key":"Fire Potion"},{"floor":38,"key":"Regen Potion"},{"floor":39,"key":"LiquidBronze"},{"floor":41,"key":"SteroidPotion"},{"floor":45,"key":"Weak Potion"}],"is_trial":false,"path_per_floor":["M","M","M","?","M","R","E","R","T","M","$","?","?","M","R","B",null,"M","?","$","M","M","R","M","R","T","M","M","?","R","E","R","B",null,"M","M","?","M","M","R","M","R","T","$","M","$","M","?","R","B"],"character_chosen":"DEFECT","items_purchased":["Conserve Battery","Hello World","Capacitor","Reinforced Body","Incense Burner","Chill+1","PowerPotion"],"campfire_rested":8,"item_purchase_floors":[11,11,20,20,44,44,46],"current_hp_per_floor":[67,61,59,52,52,74,62,62,62,62,62,67,67,67,80,80,80,80,80,80,63,36,60,60,60,60,60,46,45,69,64,80,75,79,42,36,36,12,11,35,29,54,54,54,43,43,30,30,54,0],"gold":19,"neow_bonus":"ONE_RANDOM_RARE_CARD","is_prod":false,"is_daily":false,"chose_seed":false,"campfire_upgraded":2,"win_rate":0,"timestamp":1549621247,"path_taken":["M","?","M","?","?","R","E","R","T","M","$","?","?","M","R","BOSS","M","?","$","M","M","R","M","R","T","M","M","?","R","E","R","BOSS","M","M","?","M","M","R","?","R","T","$","M","$","M","?","R","BOSS"],"build_version":"2019-01-23","purchased_purges":1,"victory":false,"max_hp_per_floor":[75,75,75,75,75,75,75,75,75,75,75,80,80,80,80,80,80,80,80,80,80,80,80,80,80,80,80,80,80,80,80,80,80,80,80,80,80,80,80,80,86,86,86,86,86,86,86,82,82,82],"card_choices":[{"not_picked":["Barrage","Genetic Algorithm"],"picked":"Glacier","floor":1},{"not_picked":["Storm","Barrage"],"picked":"Cold Snap","floor":2},{"not_picked":["Beam Cell","Turbo"],"picked":"Cold Snap","floor":3},{"not_picked":["Hyperbeam","Redo"],"picked":"Gash","floor":5},{"not_picked":["Chill","Reprogram"],"picked":"FTL","floor":7},{"not_picked":["Recycle","Streamline"],"picked":"Ball Lightning","floor":10},{"not_picked":["Reprogram","Hologram"],"picked":"Go for the Eyes","floor":14},{"not_picked":["Amplify","Seek"],"picked":"Creative AI","floor":16},{"not_picked":["Barrage","Ball Lightning"],"picked":"Fusion+1","floor":18},{"not_picked":["Steam","Rebound"],"picked":"Defragment","floor":21},{"not_picked":["Stack","Redo+1"],"picked":"Coolheaded","floor":22},{"not_picked":["Compile Driver","Steam"],"picked":"BootSequence","floor":24},{"not_picked":["Gash+1","Turbo","Rebound"],"picked":"SKIP","floor":27},{"not_picked":["Aggregate","Reinforced Body"],"picked":"Beam Cell+1","floor":28},{"not_picked":["Recycle","Reboot"],"picked":"Glacier+1","floor":31},{"not_picked":["Thunder Strike","Amplify+1"],"picked":"Electrodynamics","floor":33},{"not_picked":["Barrage","Gash"],"picked":"Consume+1","floor":35},{"not_picked":["Auto Shields+1","Rebound+1","Lockon"],"picked":"SKIP","floor":36},{"not_picked":["Steam+1","Cold Snap","Melter"],"picked":"SKIP","floor":38},{"not_picked":["Barrage+1","Ball Lightning","Capacitor"],"picked":"SKIP","floor":39},{"not_picked":["Sweeping Beam+1","Ball Lightning"],"picked":"BootSequence+1","floor":41},{"not_picked":["Compile Driver","Chill+1"],"picked":"Undo+1","floor":45},{"not_picked":["Chill+1","Gash+1"],"picked":"Conserve Battery+1","floor":47}],"player_experience":416812,"relics_obtained":[{"floor":7,"key":"Bronze Scales"},{"floor":9,"key":"Cables"},{"floor":26,"key":"Darkstone Periapt"},{"floor":31,"key":"Toxic Egg 2"},{"floor":43,"key":"Kunai"}],"event_choices":[{"damage_healed":0,"gold_gain":0,"player_choice":"Damaged","damage_taken":7,"max_hp_gain":0,"max_hp_loss":0,"event_name":"Wheel of Change","floor":4,"gold_loss":0},{"damage_healed":0,"gold_gain":0,"player_choice":"Donut","damage_taken":0,"max_hp_gain":5,"max_hp_loss":0,"event_name":"Big Fish","floor":12,"gold_loss":0},{"damage_healed":0,"gold_gain":0,"player_choice":"Searched \u00271\u0027 times","damage_taken":0,"relics_obtained":["Thread and Needle"],"max_hp_gain":0,"max_hp_loss":0,"event_name":"Dead Adventurer","floor":13,"gold_loss":0},{"damage_healed":0,"gold_gain":0,"player_choice":"Ignored","damage_taken":0,"max_hp_gain":0,"max_hp_loss":0,"event_name":"Ghosts","floor":19,"gold_loss":0},{"damage_healed":0,"gold_gain":0,"player_choice":"Fight","damage_taken":0,"max_hp_gain":0,"max_hp_loss":0,"event_name":"Colosseum","floor":29,"gold_loss":0},{"damage_healed":0,"gold_gain":0,"player_choice":"Fled From Nobs","damage_taken":0,"max_hp_gain":0,"max_hp_loss":0,"event_name":"Colosseum","floor":29,"gold_loss":0},{"damage_healed":0,"gold_gain":100,"player_choice":"Pray","damage_taken":0,"max_hp_gain":0,"max_hp_loss":0,"event_name":"Golden Shrine","floor":37,"gold_loss":0},{"damage_healed":0,"gold_gain":0,"player_choice":"Max HP","damage_taken":0,"max_hp_gain":0,"max_hp_loss":4,"event_name":"Winding Halls","floor":48,"gold_loss":0}],"is_beta":false,"boss_relics":[{"not_picked":["Runic Dome","Orrery"],"picked":"White Beast Statue"},{"not_picked":["Coffee Dripper","Velvet Choker"],"picked":"Pandora\u0027s Box"}],"items_purged_floors":[11],"is_endless":false,"potions_floor_spawned":[2,3,7,16,18,21,22,24,27,28,29,31,33,35,36,38,39,41,45,47],"killed_by":"Awakened One","ascension_level":7}