{"gold_per_floor":[215,180,200,200,217,217,249,261,261,336,346,14,14,32,32,128,128,147,147,164,17,37,37,47,65,65,79,79,79,95,112,112,208,208,218,54,0,10,23,23,37,37,108,8,8,21,39,13,13,13],"floor_reached":51,"playtime":2974,"items_purged":[],"score":1066,"play_id":"21c1155c-c646-4b0d-bed7-24bf4f1d4041","local_time":"20190129014629","is_ascension_mode":true,"campfire_choices":[{"data":"Zap","floor":6,"key":"SMITH"},{"floor":13,"key":"REST"},{"floor":15,"key":"REST"},{"data":"Buffer","floor":23,"key":"SMITH"},{"floor":29,"key":"REST"},{"floor":32,"key":"REST"},{"floor":40,"key":"REST"},{"data":"Buffer","floor":42,"key":"SMITH"},{"data":"Loop","floor":45,"key":"SMITH"},{"data":"Echo Form","floor":49,"key":"SMITH"}],"neow_cost":"NONE","seed_source_timestamp":0,"circlet_count":0,"master_deck":["Zap+1","Dualcast","Conserve Battery","Gash","Conserve Battery+1","Reinforced Body+1","Conserve Battery+1","Steam+1","Echo Form+1","Buffer+1","Redo+1","Coolheaded+1","Blind+1","Sweeping Beam+1","Loop+1","Hello World","Beam Cell+1","BootSequence+1","Stack+1","Seek+1","Buffer+1","Rainbow+1","Darkness+1","Loop","Steam Power+1","Recycle+1","Reboot+1","Rip and Tear","Self Repair","Panache","Undo+1","Fission+1","Cold Snap","Backstab+1"],"special_seed":0,"relics":["FrozenCore","Toxic Egg 2","Bottled Flame","Membership Card","Cables","Runic Capacitor","Torii","Dodecahedron","Pandora\u0027s Box","Vajra","Red Mask","Sundial","PrismaticShard"],"potions_floor_usage":[16,16,22,33,33,50,50,50],"damage_taken":[{"damage":7,"enemies":"Small Slimes","floor":1,"turns":5},{"damage":0,"enemies":"2 Louse","floor":3,"turns":1},{"damage":0,"enemies":"Cultist","floor":5,"turns":3},{"damage":18,"enemies":"3 Sentries","floor":7,"turns":8},{"damage":4,"enemies":"Exordium Thugs","floor":8,"turns":4},{"damage":9,"enemies":"Lots of Slimes","floor":11,"turns":4},{"damage":0,"enemies":"Blue Slaver","floor":14,"turns":4},{"damage":43,"enemies":"Hexaghost","floor":16,"turns":11},{"damage":6,"enemies":"3 Byrds","floor":18,"turns":8},{"damage":0,"enemies":"Chosen","floor":20,"turns":8},{"damage":11,"enemies":"Sentry and Sphere","floor":22,"turns":12},{"damage":40,"enemies":"3 Cultists","floor":24,"turns":12},{"damage":0,"enemies":"Shelled Parasite and Fungi","floor":25,"turns":12},{"damage":0,"enemies":"Chosen and Byrds","floor":27,"turns":12},{"damage":1,"enemies":"Snake Plant","floor":30,"turns":8},{"damage":10,"enemies":"3 Cultists","floor":31,"turns":7},{"damage":0,"enemies":"Automaton","floor":33,"turns":15},{"damage":13,"enemies":"3 Darklings","floor":35,"turns":7},{"damage":6,"enemies":"Orb Walker","floor":38,"turns":6},{"damage":27,"enemies":"Transient","floor":39,"turns":5},{"damage":6,"enemies":"Spire Growth","floor":41,"turns":9},{"damage":0,"enemies":"Jaw Worm Horde","floor":46,"turns":5},{"damage":0,"enemies":"Maw","floor":47,"turns":6},{"damage":0,"enemies":"Donu and Deca","floor":50,"turns":9}],"seed_played":"-6724615565055293877","potions_obtained":[{"floor":7,"key":"EssenceOfSteel"},{"floor":11,"key":"SteroidPotion"},{"floor":20,"key":"FearPotion"},{"floor":22,"key":"FocusPotion"},{"floor":31,"key":"Energy Potion"},{"floor":33,"key":"LiquidBronze"},{"floor":39,"key":"Poison Potion"},{"floor":41,"key":"Energy Potion"}],"is_trial":false,"path_per_floor":["M","?","M","?","M","R","E","M","T","?","M","$","R","M","R","B",null,"M","?","M","$","M","R","M","M","T","M","T","R","M","M","R","B",null,"M","$","?","M","M","R","M","R","T","$","R","M","M","$","R","B",null],"character_chosen":"DEFECT","items_purchased":["Membership Card","Cables","Steam+1","Runic Capacitor","Blind+1","Panache","Vajra","PrismaticShard","PowerPotion"],"campfire_rested":5,"item_purchase_floors":[12,12,12,21,21,36,36,44,48],"current_hp_per_floor":[68,75,75,60,60,60,42,38,38,27,18,18,40,40,62,19,75,69,69,69,69,58,58,18,18,18,18,18,40,39,29,51,51,75,62,62,62,63,43,65,73,73,73,73,73,75,75,75,75,75],"gold":13,"neow_bonus":"HUNDRED_GOLD","is_prod":false,"is_daily":false,"chose_seed":false,"campfire_upgraded":5,"win_rate":0,"timestamp":1548744389,"path_taken":["M","?","M","?","M","R","E","M","T","?","M","$","R","M","R","BOSS","M","?","M","$","M","R","M","?","T","M","?","R","?","M","R","BOSS","M","$","?","M","M","R","M","R","T","$","R","M","M","$","R","BOSS"],"build_version":"2019-01-23","purchased_purges":0,"victory":true,"max_hp_per_floor":[75,75,75,75,75,75,75,75,75,75,75,75,75,75,75,75,75,75,75,75,75,75,75,75,75,75,75,75,75,75,75,75,75,75,75,75,75,75,75,75,75,75,75,75,75,75,75,75,75,75],"card_choices":[{"not_picked":["Ball Lightning","Beam Cell"],"picked":"Conserve Battery","floor":1},{"not_picked":["Compile Driver","Rebound","Steam Power"],"picked":"SKIP","floor":3},{"not_picked":["Force Field","Static Discharge"],"picked":"Gash","floor":5},{"not_picked":["Machine Learning","Sunder"],"picked":"Conserve Battery","floor":7},{"not_picked":["Leap+1","Barrage"],"picked":"Reinforced Body+1","floor":8},{"not_picked":["Steam+1","Compile Driver"],"picked":"Conserve Battery+1","floor":11},{"not_picked":["Cold Snap","Redo+1"],"picked":"Echo Form","floor":14},{"not_picked":["Amplify+1","Seek+1"],"picked":"Buffer","floor":16},{"not_picked":["Barrage+1","Chaos+1"],"picked":"Redo+1","floor":18},{"not_picked":["Sweeping Beam","Steam+1"],"picked":"Coolheaded+1","floor":20},{"not_picked":["Reprogram+1","Heatsinks"],"picked":"Sweeping Beam+1","floor":22},{"not_picked":["Scrape+1","Reinforced Body+1"],"picked":"Loop","floor":24},{"not_picked":["Fusion+1","Compile Driver"],"picked":"Hello World","floor":25},{"not_picked":["Gash","Chaos+1"],"picked":"Beam Cell+1","floor":27},{"not_picked":["Skim+1","Streamline"],"picked":"BootSequence+1","floor":30},{"not_picked":["Loop+1","Chill+1"],"picked":"Stack+1","floor":31},{"not_picked":["Echo Form","Multi-Cast+1"],"picked":"Seek+1","floor":33},{"not_picked":["Ball Lightning","Static Discharge+1"],"picked":"Self Repair","floor":35},{"not_picked":["Darkness+1","Chaos+1"],"picked":"Undo+1","floor":38},{"not_picked":["Streamline","Compile Driver+1","Sunder"],"picked":"SKIP","floor":39},{"not_picked":["Leap+1","Aggregate+1"],"picked":"Fission+1","floor":41},{"not_picked":["Leap+1","Slice"],"picked":"Cold Snap","floor":46},{"not_picked":["Leap+1","Compile Driver"],"picked":"Backstab+1","floor":47}],"player_experience":255253,"relics_obtained":[{"floor":7,"key":"Toxic Egg 2"},{"floor":9,"key":"Bottled Flame"},{"floor":26,"key":"Torii"},{"floor":28,"key":"Dodecahedron"},{"floor":43,"key":"Sundial"}],"event_choices":[{"damage_healed":18,"gold_gain":0,"player_choice":"Healed","damage_taken":0,"max_hp_gain":0,"max_hp_loss":0,"event_name":"The Cleric","floor":2,"gold_loss":35},{"damage_healed":0,"gold_gain":0,"player_choice":"Entered Light","damage_taken":15,"max_hp_gain":0,"max_hp_loss":0,"event_name":"Shining Light","floor":4,"gold_loss":0,"cards_upgraded":["Strike_B","Defend_B"]},{"damage_healed":0,"gold_gain":75,"player_choice":"Gather Gold","damage_taken":11,"max_hp_gain":0,"max_hp_loss":0,"event_name":"World of Goop","floor":10,"gold_loss":0},{"damage_healed":0,"gold_gain":0,"player_choice":"Ignored","damage_taken":0,"max_hp_gain":0,"max_hp_loss":0,"event_name":"N\u0027loth","floor":19,"gold_loss":0},{"damage_healed":0,"gold_gain":0,"player_choice":"Paid","damage_taken":0,"relics_obtained":["Red Mask"],"max_hp_gain":0,"max_hp_loss":0,"event_name":"Tomb of Lord Red Mask","floor":37,"gold_loss":54}],"is_beta":false,"boss_relics":[{"not_picked":["Ectoplasm","Fusion Hammer"],"picked":"FrozenCore"},{"not_picked":["Snecko Eye","Cursed Key"],"picked":"Pandora\u0027s Box"}],"items_purged_floors":[],"is_endless":false,"potions_floor_spawned":[7,11,20,22,31,33,39,41,46],"ascension_level":3}