{"gold_per_floor":[114,114,114,114,125,125,151,151,151,162,87,87,113,133,133,230,230,242,253,253,268,295,295,295,305,355,370,370,180,180,25,25,120,120,140,140,140,152,166,166,199,4,28,59,76,76,93,109,109,109],"floor_reached":51,"playtime":2648,"items_purged":["Body Slam","Strike_R"],"score":1185,"play_id":"76ddcca9-9358-4ab0-85e1-ee4ad0af0f70","local_time":"20180916190126","is_ascension_mode":true,"campfire_choices":[{"data":"Searing Blow","floor":6,"key":"SMITH"},{"data":"Searing Blow+1","floor":8,"key":"SMITH"},{"data":"Searing Blow+2","floor":12,"key":"SMITH"},{"data":"Searing Blow+3","floor":15,"key":"SMITH"},{"data":"Searing Blow+4","floor":23,"key":"SMITH"},{"data":"Searing Blow+5","floor":28,"key":"SMITH"},{"data":"Searing Blow+6","floor":30,"key":"SMITH"},{"data":"Searing Blow+8","floor":32,"key":"SMITH"},{"data":"Searing Blow+9","floor":40,"key":"SMITH"},{"data":"Searing Blow+11","floor":49,"key":"SMITH"}],"neow_cost":"TEN_PERCENT_HP_LOSS","seed_source_timestamp":30340802215962,"circlet_count":0,"master_deck":["Defend_R+1","Defend_R+1","Bash+1","AscendersBane","Searing Blow+12","Ghostly Armor+1","Evolve+1","Necronomicurse","Corruption+1","Ghostly Armor+1","Sentinel+1","Shrug It Off+1","Double Tap+1","True Grit+1","Iron Wave+1","Whirlwind+1","Searing Blow+10","Battle Trance+1","Power Through+1","Apotheosis+1","Metallicize+1","Disarm"],"relics":["Burning Blood","Torii","Orichalcum","Kunai","Ornamental Fan","Snecko Eye","Necronomicon","Red Mask","Potion Belt","Whetstone","Astrolabe","Art of War","Pen Nib","Darkstone Periapt","Mark of the Bloom"],"potions_floor_usage":[7,16,21,41,48,50,50],"damage_taken":[{"damage":2,"enemies":"2 Louse","floor":1,"turns":5},{"damage":2,"enemies":"Small Slimes","floor":5,"turns":5},{"damage":52,"enemies":"Lagavulin","floor":7,"turns":9},{"damage":0,"enemies":"Cultist","floor":10,"turns":3},{"damage":1,"enemies":"Gremlin Nob","floor":13,"turns":3},{"damage":1,"enemies":"Looter","floor":14,"turns":2},{"damage":14,"enemies":"Hexaghost","floor":16,"turns":9},{"damage":3,"enemies":"Shell Parasite","floor":18,"turns":3},{"damage":1,"enemies":"Chosen","floor":19,"turns":3},{"damage":2,"enemies":"Snake Plant","floor":21,"turns":3},{"damage":16,"enemies":"Masked Bandits","floor":22,"turns":5},{"damage":0,"enemies":"Centurion and Healer","floor":25,"turns":3},{"damage":4,"enemies":"Shelled Parasite and Fungi","floor":27,"turns":4},{"damage":33,"enemies":"Collector","floor":33,"turns":4},{"damage":0,"enemies":"3 Shapes","floor":35,"turns":2},{"damage":0,"enemies":"Orb Walker","floor":38,"turns":1},{"damage":0,"enemies":"Maw","floor":39,"turns":1},{"damage":0,"enemies":"2 Orb Walkers","floor":41,"turns":2},{"damage":0,"enemies":"Giant Head","floor":44,"turns":2},{"damage":0,"enemies":"Sphere and 2 Shapes","floor":45,"turns":3},{"damage":0,"enemies":"4 Shapes","floor":47,"turns":2},{"damage":0,"enemies":"Maw","floor":48,"turns":4},{"damage":18,"enemies":"Time Eater","floor":50,"turns":2}],"seed_played":"6723743489152447595","potions_obtained":[{"floor":1,"key":"Ancient Potion"},{"floor":5,"key":"SteroidPotion"},{"floor":13,"key":"FearPotion"},{"floor":14,"key":"Ancient Potion"},{"floor":16,"key":"Ancient Potion"},{"floor":18,"key":"Weak Potion"},{"floor":22,"key":"Block Potion"},{"floor":27,"key":"LiquidBronze"},{"floor":35,"key":"FairyPotion"},{"floor":41,"key":"Regen Potion"},{"floor":47,"key":"AttackPotion"},{"floor":48,"key":"AttackPotion"}],"is_trial":false,"path_per_floor":["M","?","?","?","M","R","E","R","T","M","$","R","E","M","R","B",null,"M","M","?","M","?","R","?","M","T","M","R","$","R","$","R","B",null,"M","?","?","M","M","R","E","$","T","E","M","?","M","M","R","B"],"character_chosen":"IRONCLAD","items_purchased":["Sentinel","Shrug It Off","Whetstone","Apotheosis"],"campfire_rested":0,"item_purchase_floors":[29,29,31,42],"current_hp_per_floor":[72,69,69,69,72,72,26,26,26,32,32,32,37,42,42,34,63,66,71,55,59,49,49,49,55,55,57,57,57,57,57,57,30,62,68,68,68,68,68,68,68,68,68,68,68,68,68,68,68,50],"gold":109,"neow_bonus":"REMOVE_TWO","is_prod":false,"is_daily":false,"chose_seed":false,"campfire_upgraded":10,"win_rate":0,"timestamp":1537117286,"path_taken":["M","?","?","?","?","R","E","R","T","M","$","R","E","?","R","BOSS","M","M","?","M","?","R","?","M","T","?","R","$","R","?","R","BOSS","M","?","?","M","?","R","E","$","T","E","M","?","?","M","R","BOSS"],"build_version":"2018-09-06","purchased_purges":2,"victory":true,"max_hp_per_floor":[72,72,72,72,72,72,72,72,72,72,72,72,72,72,72,72,72,72,72,72,72,72,72,72,72,72,72,72,72,72,72,72,72,72,72,72,68,68,68,68,68,68,68,68,68,68,68,68,68,68],"card_choices":[{"not_picked":["Uppercut","Headbutt"],"picked":"Searing Blow","floor":1},{"not_picked":["Body Slam","Wild Strike","Whirlwind"],"picked":"SKIP","floor":5},{"not_picked":["Feel No Pain","Clothesline"],"picked":"Ghostly Armor","floor":7},{"not_picked":["Entrench","Havoc","True Grit"],"picked":"SKIP","floor":10},{"not_picked":["Inflame","Burning Pact","Hemokinesis"],"picked":"SKIP","floor":13},{"not_picked":["Anger","Inflame"],"picked":"Evolve","floor":14},{"not_picked":["Demon Form","Bludgeon"],"picked":"Brutality","floor":16},{"not_picked":["Power Through","Whirlwind","Headbutt+1"],"picked":"SKIP","floor":18},{"not_picked":["Cleave","Bloodletting","Clash"],"picked":"SKIP","floor":19},{"not_picked":["Anger","Sword Boomerang","Wild Strike+1"],"picked":"SKIP","floor":21},{"not_picked":["Heavy Blade","Cleave","True Grit"],"picked":"SKIP","floor":25},{"not_picked":["Flex","Rage"],"picked":"Ghostly Armor","floor":27},{"not_picked":["Brutality","Impervious"],"picked":"Double Tap","floor":33},{"not_picked":["Corruption","Rampage","Rupture"],"picked":"SKIP","floor":35},{"not_picked":["Body Slam+1","Thunderclap+1"],"picked":"Battle Trance+1","floor":38},{"not_picked":["Warcry","Evolve","Sword Boomerang"],"picked":"SKIP","floor":39},{"not_picked":["Havoc","Flex"],"picked":"Power Through+1","floor":41},{"not_picked":["Hemokinesis","Brutality"],"picked":"Metallicize+1","floor":44},{"not_picked":["Armaments","Cleave","Body Slam+1"],"picked":"SKIP","floor":45},{"not_picked":["Thunderclap","Whirlwind"],"picked":"Disarm","floor":47},{"not_picked":["Spot Weakness","Combust","Perfected Strike"],"picked":"SKIP","floor":48}],"player_experience":413794,"relics_obtained":[{"floor":7,"key":"Orichalcum"},{"floor":9,"key":"Kunai"},{"floor":13,"key":"Ornamental Fan"},{"floor":20,"key":"Necronomicon"},{"floor":22,"key":"Red Mask"},{"floor":26,"key":"Potion Belt"},{"floor":41,"key":"Art of War"},{"floor":43,"key":"Pen Nib"},{"floor":44,"key":"Darkstone Periapt"}],"event_choices":[{"event_name":"Scrap Ooze","player_choice":"success","floor":2,"damage_taken":3},{"event_name":"Bonfire Elementals","player_choice":"BASIC","floor":3,"damage_taken":0},{"event_name":"Transmorgrifier","player_choice":"Transform","floor":4,"damage_taken":0},{"event_name":"Cursed Tome","player_choice":"Obtained Book","floor":20,"damage_taken":0},{"event_name":"Masked Bandits","player_choice":"Fought Bandits","floor":22,"damage_taken":0},{"event_name":"The Library","player_choice":"Read","floor":24,"damage_taken":0},{"event_name":"Duplicator","player_choice":"One dupe","floor":36,"damage_taken":0},{"event_name":"Winding Halls","player_choice":"Max HP","floor":37,"damage_taken":0},{"event_name":"MindBloom","player_choice":"Upgrade","floor":46,"damage_taken":0}],"is_beta":false,"boss_relics":[{"not_picked":["Fusion Hammer","Orrery"],"picked":"Snecko Eye"},{"not_picked":["Tiny House","Eternal Feather"],"picked":"Astrolabe"}],"items_purged_floors":[11,29],"is_endless":false,"potions_floor_spawned":[1,5,13,14,16,18,22,27,35,41,47,48],"ascension_level":10}