{"gold_per_floor":[119,119,44,59,9,35,47,81,381,396,93,93,113,127,127,232,232,247,172,187,202,220,220,249,249,249,249,283,300,320,333,333,430,430,440,440,390,407,419,419,435,435,462,490,387,121,141,160,160,160],"floor_reached":51,"playtime":7829,"items_purged":["Strike_B","FTL","Cold Snap","Cold Snap"],"score":1248,"play_id":"b8793605-800b-4e85-b7f0-ca1c127b1da5","local_time":"20181112235515","is_ascension_mode":true,"campfire_choices":[{"data":"Thinking Ahead","floor":12.0,"key":"SMITH"},{"data":"Blizzard","floor":15.0,"key":"SMITH"},{"data":"Defragment","floor":23.0,"key":"SMITH"},{"data":"Coolheaded","floor":25.0,"key":"SMITH"},{"data":"Redo","floor":27.0,"key":"SMITH"},{"data":"Recycle","floor":32.0,"key":"SMITH"},{"data":"Coolheaded","floor":40.0,"key":"SMITH"},{"data":"Coolheaded","floor":42.0,"key":"SMITH"},{"data":"Amplify","floor":49,"key":"SMITH"}],"neow_cost":"NONE","seed_source_timestamp":0,"circlet_count":0,"master_deck":["AscendersBane","Defend_B","Defend_B","Defend_B","Defend_B","Zap","Dualcast","Undo","Turbo","Self Repair","Blizzard+1","Coolheaded+1","Thinking Ahead+1","Redo+1","Amplify+1","Defragment+1","Coolheaded+1","Skim","Recycle+1","Double Energy","Machine Learning","Coolheaded+1","Capacitor+1","Redo+1","Undo","Coolheaded","Echo Form+1","White Noise","Hologram","Undo+1"],"special_seed":0,"relics":["Cracked Core","Mango","Gambling Chip","Old Coin","Runic Dome","Art of War","Blue Candle","Smiling Mask","Coffee Dripper","Pantograph","Vajra","Frozen Egg 2"],"potions_floor_usage":[50,50],"damage_taken":[{"damage":1.0,"enemies":"Cultist","floor":1.0,"turns":3.0},{"damage":0.0,"enemies":"Small Slimes","floor":4.0,"turns":3.0},{"damage":25.0,"enemies":"Lagavulin","floor":6.0,"turns":8.0},{"damage":2.0,"enemies":"Jaw Worm","floor":7.0,"turns":4.0},{"damage":32.0,"enemies":"3 Sentries","floor":8.0,"turns":9.0},{"damage":5.0,"enemies":"Looter","floor":10.0,"turns":4.0},{"damage":0.0,"enemies":"2 Fungi Beasts","floor":13.0,"turns":4.0},{"damage":2.0,"enemies":"Exordium Thugs","floor":14.0,"turns":7.0},{"damage":45.0,"enemies":"Slime Boss","floor":16.0,"turns":13.0},{"damage":2.0,"enemies":"Spheric Guardian","floor":18.0,"turns":3.0},{"damage":4.0,"enemies":"Chosen","floor":20.0,"turns":8.0},{"damage":17.0,"enemies":"Centurion and Healer","floor":21.0,"turns":12.0},{"damage":15.0,"enemies":"Snecko","floor":22.0,"turns":9.0},{"damage":22.0,"enemies":"Slavers","floor":24.0,"turns":9.0},{"damage":71.0,"enemies":"Gremlin Leader","floor":28.0,"turns":9.0},{"damage":12.0,"enemies":"Snake Plant","floor":29.0,"turns":6.0},{"damage":0.0,"enemies":"Shelled Parasite and Fungi","floor":30.0,"turns":8.0},{"damage":9.0,"enemies":"Centurion and Healer","floor":31.0,"turns":9.0},{"damage":28.0,"enemies":"Collector","floor":33.0,"turns":13.0},{"damage":0.0,"enemies":"3 Darklings","floor":35.0,"turns":6.0},{"damage":17.0,"enemies":"3 Shapes","floor":38.0,"turns":6.0},{"damage":74.0,"enemies":"Sphere and 2 Shapes","floor":39.0,"turns":7.0},{"damage":4.0,"enemies":"3 Darklings","floor":41.0,"turns":6.0},{"damage":0,"enemies":"Giant Head","floor":44,"turns":9},{"damage":15,"enemies":"Spire Growth","floor":47,"turns":8},{"damage":12,"enemies":"Jaw Worm Horde","floor":48,"turns":5},{"damage":22,"enemies":"Donu and Deca","floor":50,"turns":10}],"seed_played":"2970899852390056754","potions_obtained":[{"floor":1.0,"key":"PowerPotion"},{"floor":7.0,"key":"FocusPotion"},{"floor":16.0,"key":"AttackPotion"},{"floor":18.0,"key":"Dexterity Potion"},{"floor":28.0,"key":"SpeedPotion"},{"floor":29.0,"key":"AttackPotion"},{"floor":31.0,"key":"Swift Potion"},{"floor":41.0,"key":"Dexterity Potion"},{"floor":44,"key":"Swift Potion"}],"is_trial":false,"path_per_floor":["M","?","$","M","?","E","M","E","T","M","$","R","M","M","R","B",null,"M","?","M","M","M","R","E","R","T","R","E","M","M","M","R","B",null,"M","?","$","M","M","R","M","R","T","E","$","$","M","M","R","B",null],"character_chosen":"DEFECT","items_purchased":["Self Repair","Coolheaded","Thinking Ahead","Coolheaded","Echo Form+1","White Noise"],"campfire_rested":0,"item_purchase_floors":[3,11,11,45,46,46],"current_hp_per_floor":[74,74,74,81,81,77,82,57,57,59,59,59,66,71,71,33,80,92,92,95,92,84,84,76,76,76,76,19,21,35,40,40,26,79,93,93,93,90,30,30,40,40,40,54,54,54,53,55,55,58],"gold":160,"neow_bonus":"TEN_PERCENT_HP_BONUS","is_prod":false,"is_daily":false,"chose_seed":false,"campfire_upgraded":9,"win_rate":0,"timestamp":1542063315,"path_taken":["M","?","?","M","?","E","M","E","T","M","$","R","M","?","R","BOSS","M","?","M","M","M","R","E","R","T","R","E","M","M","M","R","BOSS","M","?","$","M","M","R","M","R","T","E","?","$","M","?","R","BOSS"],"build_version":"2018-11-08","purchased_purges":4,"victory":true,"max_hp_per_floor":[82,82,82,82,82,96,96,96,96,96,96,96,96,96,96,96,96,96,96,96,96,96,96,96,96,96,96,96,96,96,96,96,96,96,96,96,96,96,96,96,96,96,96,96,96,96,96,96,96,96],"card_choices":[{"not_picked":["Doom and Gloom","Steam"],"picked":"Undo","floor":1.0},{"not_picked":["Redo","Beam Cell"],"picked":"FTL","floor":4.0},{"not_picked":["Steam Power","Gash","Rebound"],"picked":"SKIP","floor":6.0},{"not_picked":["Steam Power","Go for the Eyes"],"picked":"Blizzard","floor":7.0},{"not_picked":["Barrage","Steam","Tempest"],"picked":"SKIP","floor":8.0},{"not_picked":["FTL","Darkness"],"picked":"Cold Snap","floor":10.0},{"not_picked":["Conserve Battery","Core Surge"],"picked":"Redo","floor":13.0},{"not_picked":["Conserve Battery","Sweeping Beam"],"picked":"Cold Snap","floor":14.0},{"not_picked":["Core Surge","Rainbow"],"picked":"Amplify","floor":16.0},{"not_picked":["Turbo","Beam Cell","Hello World"],"picked":"SKIP","floor":18.0},{"not_picked":["Static Discharge","White Noise+1"],"picked":"Defragment","floor":20.0},{"not_picked":["Ball Lightning","Stack"],"picked":"Coolheaded","floor":21.0},{"not_picked":["Gash","Meteor Strike"],"picked":"Coolheaded","floor":22.0},{"not_picked":["Tempest","Cold Snap"],"picked":"Skim","floor":24.0},{"not_picked":["Conserve Battery","Force Field"],"picked":"Recycle","floor":28.0},{"not_picked":["Barrage","Rebound+1"],"picked":"Double Energy","floor":29.0},{"not_picked":["Compile Driver","Sweeping Beam+1","Gash"],"picked":"SKIP","floor":30.0},{"not_picked":["Reprogram+1","FTL","Streamline"],"picked":"SKIP","floor":31.0},{"not_picked":["Creative AI","Fission"],"picked":"Machine Learning","floor":33.0},{"not_picked":["Hello World+1","Rebound","Coolheaded"],"picked":"SKIP","floor":35.0},{"not_picked":["Hello World+1","Rebound"],"picked":"Coolheaded","floor":35.0},{"not_picked":["Melter","Compile Driver"],"picked":"Capacitor+1","floor":38.0},{"not_picked":["Compile Driver+1","Darkness+1"],"picked":"Redo+1","floor":39.0},{"not_picked":["Go for the Eyes","Conserve Battery"],"picked":"Undo","floor":41.0},{"not_picked":["Turbo","Rebound","Streamline"],"picked":"SKIP","floor":44},{"not_picked":["Leap","Genetic Algorithm"],"picked":"Hologram","floor":47},{"not_picked":["Barrage","Sweeping Beam+1"],"picked":"Undo+1","floor":48}],"player_experience":521062,"relics_obtained":[{"floor":6.0,"key":"Mango"},{"floor":8.0,"key":"Gambling Chip"},{"floor":9.0,"key":"Old Coin"},{"floor":24.0,"key":"Art of War"},{"floor":26.0,"key":"Blue Candle"},{"floor":28.0,"key":"Smiling Mask"},{"floor":43.0,"key":"Vajra"},{"floor":44,"key":"Frozen Egg 2"}],"event_choices":[{"damage_healed":0.0,"max_hp_gain":0.0,"max_hp_loss":0.0,"gold_gain":0.0,"cards_transformed":["Strike_B"],"event_name":"Transmorgrifier","player_choice":"Transformed","floor":2.0,"gold_loss":0.0,"damage_taken":0.0,"cards_obtained":["Turbo"]},{"cards_removed":["Strike_B"],"damage_healed":0.0,"max_hp_gain":0.0,"max_hp_loss":0.0,"gold_gain":0.0,"event_name":"The Cleric","player_choice":"Card Removal","floor":5.0,"gold_loss":50.0,"damage_taken":0.0},{"cards_removed":["Strike_B"],"damage_healed":0.0,"max_hp_gain":0.0,"max_hp_loss":0.0,"gold_gain":0.0,"event_name":"Beggar","player_choice":"Gave Gold","floor":19.0,"gold_loss":75.0,"damage_taken":0.0},{"cards_removed":["Coolheaded"],"damage_healed":0.0,"max_hp_gain":0.0,"max_hp_loss":0.0,"gold_gain":0.0,"event_name":"WeMeetAgain","player_choice":"Gave Card","floor":36.0,"gold_loss":0.0,"damage_taken":0.0,"relics_obtained":["Pantograph"]}],"is_beta":false,"boss_relics":[{"not_picked":["Lizard Tail","Busted Crown"],"picked":"Runic Dome"},{"not_picked":["FrozenCore","Astrolabe"],"picked":"Coffee Dripper"}],"items_purged_floors":[11,37,45,46],"is_endless":false,"potions_floor_spawned":[1,7,16,18,20,28,29,31,41,44,47],"ascension_level":12}