{"gold_per_floor":[112,127,139,150,150,150,325,96,123,150,150,165,165,183,183,280,280,298,298,298,298,314,345,345,371,394,394,394,404,422,66,66,162,162,182,236,236,249,249],"floor_reached":39,"playtime":2537,"items_purged":["Doubt"],"score":469,"play_id":"daa025ed-43fc-4197-ba47-ec00089d49d2","local_time":"20190118054627","is_ascension_mode":false,"campfire_choices":[{"data":"Defragment","floor":6,"key":"SMITH"},{"data":"Sunder","floor":11,"key":"SMITH"},{"data":"Loop","floor":13,"key":"SMITH"},{"floor":15,"key":"REST"},{"data":"Fission","floor":24,"key":"SMITH"},{"data":"Madness","floor":27,"key":"SMITH"},{"floor":32,"key":"REST"}],"neow_cost":"NONE","seed_source_timestamp":117995161634418,"circlet_count":0,"master_deck":["Strike_B+1","Strike_B+1","Strike_B+1","Strike_B+1","Defend_B+1","Defend_B+1","Defend_B+1","Defend_B+1","Zap","Dualcast","Hologram","Defragment+1","Loop+1","Go for the Eyes","Madness+1","Sunder+1","Melter","Coolheaded","Force Field","Electrodynamics","BootSequence","Fission+1","Turbo+1","Stack+1","Hologram+1","Gash+1","Defragment","Redo+1","Amplify+1","White Noise+1","BootSequence+1","Trip+1","Panacea+1","Jack Of All Trades+1","Beam Cell"],"relics":["Cracked Core","Strawberry","Lizard Tail","Vajra","Nloth\u0027s Gift","Toxic Egg 2","Bag of Marbles","Bag of Preparation","Matryoshka","Eternal Feather","Girya"],"potions_floor_usage":[2,10,16,16,16,23,33,36,36,38],"damage_taken":[{"damage":0,"enemies":"Small Slimes","floor":1,"turns":3},{"damage":0,"enemies":"Jaw Worm","floor":2,"turns":4},{"damage":0,"enemies":"Cultist","floor":3,"turns":4},{"damage":6,"enemies":"3 Louse","floor":4,"turns":4},{"damage":9,"enemies":"3 Sentries","floor":10,"turns":5},{"damage":13,"enemies":"Blue Slaver","floor":12,"turns":3},{"damage":8,"enemies":"Exordium Wildlife","floor":14,"turns":3},{"damage":7,"enemies":"Hexaghost","floor":16,"turns":10},{"damage":3,"enemies":"Shell Parasite","floor":18,"turns":6},{"damage":0,"enemies":"Chosen","floor":22,"turns":4},{"damage":15,"enemies":"Gremlin Leader","floor":23,"turns":7},{"damage":26,"enemies":"Slavers","floor":25,"turns":4},{"damage":8,"enemies":"Snecko","floor":29,"turns":4},{"damage":0,"enemies":"Cultist and Chosen","floor":30,"turns":3},{"damage":56,"enemies":"Collector","floor":33,"turns":8},{"damage":2,"enemies":"Orb Walker","floor":35,"turns":3},{"damage":46,"enemies":"2 Orb Walkers","floor":36,"turns":5},{"damage":3,"enemies":"3 Darklings","floor":38,"turns":3},{"damage":39,"enemies":"Sphere and 2 Shapes","floor":39,"turns":3}],"seed_played":"-6042908429489004141","potions_obtained":[{"floor":0,"key":"FearPotion"},{"floor":0,"key":"Weak Potion"},{"floor":0,"key":"Block Potion"},{"floor":2,"key":"Explosive Potion"},{"floor":10,"key":"Block Potion"},{"floor":14,"key":"Fruit Juice"},{"floor":18,"key":"Block Potion"},{"floor":25,"key":"Energy Potion"},{"floor":30,"key":"Swift Potion"},{"floor":33,"key":"Block Potion"},{"floor":35,"key":"FearPotion"}],"is_trial":false,"path_per_floor":["M","M","M","M","?","R","?","$","T","E","R","M","R","M","R","B",null,"M","?","?","?","M","E","R","E","T","R","?","M","M","$","R","B",null,"M","?","?","M","M"],"character_chosen":"DEFECT","items_purchased":["Madness","Sunder","Matryoshka","Defragment","Redo+1"],"campfire_rested":2,"item_purchase_floors":[8,8,31,31,31],"current_hp_per_floor":[75,75,75,69,54,54,54,54,61,52,52,39,39,31,55,53,87,84,84,84,84,84,69,69,43,43,43,26,18,18,18,45,46,92,90,44,34,31,0],"gold":249,"neow_bonus":"THREE_SMALL_POTIONS","is_prod":false,"is_daily":false,"chose_seed":false,"campfire_upgraded":5,"win_rate":0.0,"timestamp":1547808387,"path_taken":["M","M","M","M","?","R","?","$","T","E","R","M","R","M","R","BOSS","M","?","?","?","?","E","R","E","T","R","?","M","M","$","R","BOSS","M","?","?","M","M"],"build_version":"2019-01-17","purchased_purges":1,"victory":false,"max_hp_per_floor":[75,75,75,75,75,75,75,75,82,82,82,82,82,82,82,87,87,87,87,87,87,87,87,87,87,87,87,92,92,92,92,92,92,92,92,92,92,92,92],"card_choices":[{"not_picked":["BootSequence","Redo"],"picked":"Hologram","floor":1},{"not_picked":["Lockon","Beam Cell"],"picked":"Defragment","floor":2},{"not_picked":["Redo","Steam"],"picked":"Loop","floor":3},{"not_picked":["Hello World","Darkness"],"picked":"Go for the Eyes","floor":4},{"not_picked":["Barrage","Lockon"],"picked":"Melter","floor":10},{"not_picked":["Capacitor","Leap"],"picked":"Coolheaded","floor":12},{"not_picked":["Stack","Redo"],"picked":"Force Field","floor":14},{"not_picked":["Hyperbeam","All For One"],"picked":"Electrodynamics","floor":16},{"not_picked":["Steam","Coolheaded"],"picked":"BootSequence","floor":18},{"not_picked":["White Noise","Force Field"],"picked":"Fission","floor":22},{"not_picked":["Ball Lightning","Leap"],"picked":"Turbo+1","floor":23},{"not_picked":["Hello World","Leap+1"],"picked":"Stack+1","floor":25},{"not_picked":["Barrage","Hyperbeam"],"picked":"Hologram+1","floor":29},{"not_picked":["Ball Lightning","Conserve Battery+1"],"picked":"Gash+1","floor":30},{"not_picked":["Seek+1","Meteor Strike"],"picked":"Amplify+1","floor":33},{"not_picked":["Streamline","Barrage+1"],"picked":"White Noise+1","floor":35},{"not_picked":["Auto Shields+1","Genetic Algorithm+1"],"picked":"BootSequence+1","floor":36},{"not_picked":["Madness+1","Violence+1"],"picked":"Trip+1","floor":37},{"not_picked":["Flash of Steel","Violence+1"],"picked":"Panacea+1","floor":37},{"not_picked":["Violence+1","Flash of Steel"],"picked":"Jack Of All Trades+1","floor":37},{"not_picked":["Turbo+1","Sweeping Beam+1"],"picked":"Beam Cell","floor":38}],"player_experience":103956,"relics_obtained":[{"floor":9,"key":"Strawberry"},{"floor":10,"key":"Art of War"},{"floor":23,"key":"Toxic Egg 2"},{"floor":25,"key":"Bag of Marbles"},{"floor":26,"key":"Bag of Preparation"},{"floor":36,"key":"Girya"}],"event_choices":[{"damage_healed":0,"gold_gain":0,"player_choice":"Entered Light","damage_taken":15,"max_hp_gain":0,"max_hp_loss":0,"event_name":"Shining Light","floor":5,"gold_loss":0,"cards_upgraded":["Defend_B","Strike_B"]},{"damage_healed":0,"gold_gain":175,"player_choice":"AGREE","damage_taken":0,"max_hp_gain":0,"max_hp_loss":0,"event_name":"Liars Game","floor":7,"gold_loss":0,"cards_obtained":["Doubt"]},{"damage_healed":0,"gold_gain":0,"player_choice":"Opened","damage_taken":0,"relics_obtained":["Vajra"],"max_hp_gain":0,"max_hp_loss":0,"event_name":"The Mausoleum","floor":19,"gold_loss":0},{"damage_healed":0,"gold_gain":0,"player_choice":"Simplicity","damage_taken":0,"max_hp_gain":0,"max_hp_loss":0,"event_name":"Back to Basics","floor":20,"gold_loss":0,"cards_upgraded":["Strike_B","Strike_B","Strike_B","Defend_B","Defend_B","Defend_B"]},{"damage_healed":0,"gold_gain":0,"player_choice":"Traded Relic","damage_taken":0,"relics_obtained":["Nloth\u0027s Gift"],"max_hp_gain":0,"max_hp_loss":0,"event_name":"N\u0027loth","floor":21,"relics_lost":["Art of War"],"gold_loss":0},{"damage_healed":0,"gold_gain":0,"player_choice":"Shed Blood","damage_taken":22,"max_hp_gain":5,"max_hp_loss":0,"event_name":"Forgotten Altar","floor":28,"gold_loss":0},{"damage_healed":0,"gold_gain":0,"player_choice":"Fight","damage_taken":0,"max_hp_gain":0,"max_hp_loss":0,"event_name":"Mysterious Sphere","floor":36,"gold_loss":0},{"damage_healed":0,"gold_gain":0,"player_choice":"Memory 3","damage_taken":10,"max_hp_gain":0,"max_hp_loss":0,"event_name":"SensoryStone","floor":37,"gold_loss":0}],"is_beta":false,"boss_relics":[{"not_picked":["Coffee Dripper","Calling Bell"],"picked":"Lizard Tail"},{"not_picked":["Philosopher\u0027s Stone","Inserter"],"picked":"Eternal Feather"}],"items_purged_floors":[8],"is_endless":false,"potions_floor_spawned":[2,3,10,14,18,25,30,33,35],"killed_by":"Sphere and 2 Shapes","ascension_level":0}