{"gold_per_floor":[110,110,17,30,41,41,41,41,65,65,80,109,169,200,200,303,303,314,86,86,104,158,191,210,110,110,122,154,194,206,253,265,380,392,414,442,471,58,403,403,503,522,568,104,124,159,159,185,185,185],"floor_reached":51,"playtime":4804,"items_purged":["Strike_G","Defend_G","Skewer+1","Flying Knee"],"score":921,"play_id":"63731587-e6ab-4622-9b3d-a7665b8a0ab4","local_time":"20190119163838","is_ascension_mode":false,"campfire_choices":[{"data":"Deadly Poison","floor":6,"key":"SMITH"},{"data":"Bane","floor":8,"key":"SMITH"},{"data":"Deadly Poison","floor":10,"key":"SMITH"},{"data":"Blur","floor":15,"key":"SMITH"},{"data":"Catalyst","floor":32,"key":"SMITH"},{"data":"Burst","floor":40,"key":"SMITH"},{"floor":49,"key":"REST"}],"neow_cost":"NONE","seed_source_timestamp":15514345496354,"circlet_count":0,"master_deck":["Defend_G+1","Defend_G+1","Defend_G+1","Strike_G+1","Survivor","Neutralize","Deadly Poison+1","Deadly Poison","Bane+1","Deadly Poison+1","Blur+1","Burst+1","Calculated Gamble+1","Leg Sweep+1","Catalyst+1","Backstab+1","Catalyst+1"],"relics":["Ring of the Snake","Oddly Smooth Stone","Lantern","Shuriken","Ninja Scroll","Astrolabe","Boot","Blood Vial","Mercury Hourglass","MawBank","Vajra","Matryoshka","Eternal Feather","FossilizedHelix","Old Coin","Prayer Wheel","Potion Belt","Dream Catcher","The Specimen","Bag of Marbles","Dodecahedron"],"potions_floor_usage":[14,23,29,31,39,50,50,50],"damage_taken":[{"damage":3,"enemies":"Jaw Worm","floor":1,"turns":6},{"damage":0,"enemies":"Cultist","floor":4,"turns":3},{"damage":2,"enemies":"2 Louse","floor":5,"turns":3},{"damage":1,"enemies":"Looter","floor":11,"turns":3},{"damage":0,"enemies":"Lagavulin","floor":12,"turns":6},{"damage":3,"enemies":"3 Sentries","floor":13,"turns":9},{"damage":33,"enemies":"3 Sentries","floor":14,"turns":12},{"damage":9,"enemies":"Hexaghost","floor":16,"turns":8},{"damage":20,"enemies":"Spheric Guardian","floor":18,"turns":4},{"damage":0,"enemies":"3 Byrds","floor":21,"turns":5},{"damage":17,"enemies":"Slavers","floor":23,"turns":11},{"damage":11,"enemies":"Shelled Parasite and Fungi","floor":24,"turns":5},{"damage":0,"enemies":"Cultist and Chosen","floor":28,"turns":4},{"damage":12,"enemies":"Book of Stabbing","floor":29,"turns":3},{"damage":7,"enemies":"Gremlin Leader","floor":31,"turns":3},{"damage":0,"enemies":"Collector","floor":33,"turns":3},{"damage":0,"enemies":"Orb Walker","floor":35,"turns":1},{"damage":0,"enemies":"3 Shapes","floor":36,"turns":2},{"damage":17,"enemies":"Spire Growth","floor":37,"turns":4},{"damage":24,"enemies":"2 Orb Walkers","floor":39,"turns":5},{"damage":0,"enemies":"Mind Bloom Boss Battle","floor":41,"turns":2},{"damage":0,"enemies":"3 Darklings","floor":42,"turns":7},{"damage":0,"enemies":"Sphere and 2 Shapes","floor":45,"turns":3},{"damage":0,"enemies":"Nemesis","floor":46,"turns":1},{"damage":0,"enemies":"Giant Head","floor":48,"turns":5},{"damage":10,"enemies":"Awakened One","floor":50,"turns":18}],"seed_played":"-488420590376784283","potions_obtained":[{"floor":5,"key":"SteroidPotion"},{"floor":11,"key":"FearPotion"},{"floor":12,"key":"Regen Potion"},{"floor":14,"key":"Ancient Potion"},{"floor":24,"key":"Dexterity Potion"},{"floor":31,"key":"Strength Potion"},{"floor":33,"key":"Strength Potion"},{"floor":41,"key":"Weak Potion"},{"floor":45,"key":"GhostInAJar"},{"floor":48,"key":"SmokeBomb"}],"is_trial":false,"path_per_floor":["M","?","$","M","M","R","?","R","T","R","M","E","?","E","R","B",null,"M","$","?","M","T","E","M","$","T","?","M","E","?","E","R","B",null,"M","M","M","$","?","R","?","M","T","$","M","E","?","E","R","B",null],"character_chosen":"THE_SILENT","items_purchased":["Deadly Poison","Bane","Boot","FossilizedHelix","The Specimen"],"campfire_rested":1,"item_purchase_floors":[3,3,19,38,44],"current_hp_per_floor":[74,74,74,74,72,72,77,77,77,77,76,76,73,55,55,46,82,62,62,46,46,46,31,22,22,22,51,53,43,43,38,38,40,87,87,87,70,70,48,57,59,61,61,61,63,65,65,67,87,77],"gold":185,"neow_bonus":"TEN_PERCENT_HP_BONUS","is_prod":false,"is_daily":false,"chose_seed":false,"campfire_upgraded":6,"win_rate":0.0,"timestamp":1547912318,"path_taken":["M","?","$","?","M","R","?","R","T","R","M","E","?","E","R","BOSS","M","$","?","M","?","E","M","$","T","?","M","E","?","E","R","BOSS","M","M","M","$","?","R","?","M","T","$","M","E","?","E","R","BOSS"],"build_version":"2019-01-17v2","purchased_purges":4,"victory":true,"max_hp_per_floor":[77,77,77,77,77,77,82,82,82,82,82,82,82,82,82,82,82,82,82,87,87,87,87,87,87,87,87,87,87,87,87,87,87,87,87,87,87,87,87,87,87,87,87,87,87,87,87,87,87,87],"card_choices":[{"not_picked":["Infinite Blades","Tactician"],"picked":"Deadly Poison","floor":1},{"not_picked":["Dodge and Roll","Dagger Throw"],"picked":"Deadly Poison","floor":4},{"not_picked":["Flechettes","Finisher"],"picked":"Flying Knee","floor":5},{"not_picked":["Deadly Poison","Well Laid Plans"],"picked":"Blur","floor":11},{"not_picked":["Acrobatics","Terror","Malaise"],"picked":"SKIP","floor":12},{"not_picked":["PiercingWail","Reflex","Cloak And Dagger"],"picked":"SKIP","floor":14},{"not_picked":["After Image","Corpse Explosion"],"picked":"Burst","floor":16},{"not_picked":["Acrobatics","Blade Dance","Infinite Blades+1"],"picked":"SKIP","floor":18},{"not_picked":["Crippling Poison+1","Dash","Caltrops+1"],"picked":"SKIP","floor":21},{"not_picked":["Flying Knee","Dodge and Roll"],"picked":"Catalyst","floor":23},{"not_picked":["Calculated Gamble+1","Dagger Spray+1"],"picked":"Backstab+1","floor":24},{"not_picked":["Sucker Punch","Poisoned Stab","Acrobatics"],"picked":"SKIP","floor":28},{"not_picked":["Blade Dance","Flechettes+1","Prepared+1"],"picked":"SKIP","floor":29},{"not_picked":["Outmaneuver","Distraction","Endless Agony+1"],"picked":"SKIP","floor":31},{"not_picked":["Reflex","Finisher+1","Dagger Throw"],"picked":"SKIP","floor":35},{"not_picked":["Infinite Blades+1","PiercingWail","Deadly Poison+1"],"picked":"SKIP","floor":36},{"not_picked":["Deflect","Crippling Poison+1","Poisoned Stab"],"picked":"SKIP","floor":37},{"not_picked":["Flying Knee+1","Skewer"],"picked":"Catalyst+1","floor":39},{"not_picked":["Flechettes","Predator","Dagger Spray"],"picked":"SKIP","floor":42},{"not_picked":["Dagger Spray","Flechettes+1","Prepared"],"picked":"SKIP","floor":42},{"not_picked":["Blade Dance","Eviscerate+1","Deadly Poison+1"],"picked":"SKIP","floor":45},{"not_picked":["Backstab+1","PiercingWail","Dagger Throw"],"picked":"SKIP","floor":45},{"not_picked":["Envenom","Quick Slash+1","Underhanded Strike+1"],"picked":"SKIP","floor":46},{"not_picked":["Footwork+1","Escape Plan+1","Acrobatics+1"],"picked":"SKIP","floor":48}],"player_experience":18057,"relics_obtained":[{"floor":9,"key":"Oddly Smooth Stone"},{"floor":12,"key":"Lantern"},{"floor":14,"key":"Ninja Scroll"},{"floor":22,"key":"Blood Vial"},{"floor":23,"key":"Mercury Hourglass"},{"floor":26,"key":"MawBank"},{"floor":29,"key":"Vajra"},{"floor":31,"key":"Matryoshka"},{"floor":39,"key":"Old Coin"},{"floor":41,"key":"Prayer Wheel"},{"floor":43,"key":"Potion Belt"},{"floor":43,"key":"Dream Catcher"},{"floor":46,"key":"Bag of Marbles"},{"floor":48,"key":"Dodecahedron"}],"event_choices":[{"cards_removed":["Strike_G"],"damage_healed":0,"gold_gain":0,"player_choice":"Offered Basic","damage_taken":0,"max_hp_gain":0,"max_hp_loss":0,"event_name":"Bonfire Elementals","floor":2,"gold_loss":0},{"damage_healed":0,"gold_gain":0,"player_choice":"Donut","damage_taken":0,"max_hp_gain":5,"max_hp_loss":0,"event_name":"Big Fish","floor":7,"gold_loss":0},{"damage_healed":0,"gold_gain":0,"player_choice":"Searched \u00273\u0027 times","damage_taken":0,"relics_obtained":["Shuriken"],"max_hp_gain":0,"max_hp_loss":0,"event_name":"Dead Adventurer","floor":13,"gold_loss":0},{"damage_healed":0,"gold_gain":0,"player_choice":"Shed Blood","damage_taken":21,"max_hp_gain":5,"max_hp_loss":0,"event_name":"Forgotten Altar","floor":20,"gold_loss":0},{"damage_healed":29,"gold_gain":0,"player_choice":"Heal","damage_taken":0,"max_hp_gain":0,"max_hp_loss":0,"event_name":"The Library","floor":27,"gold_loss":0},{"damage_healed":0,"gold_gain":0,"player_choice":"Simplicity","damage_taken":0,"max_hp_gain":0,"max_hp_loss":0,"event_name":"Back to Basics","floor":30,"gold_loss":0,"cards_upgraded":["Defend_G","Defend_G","Defend_G","Strike_G"]},{"damage_healed":0,"gold_gain":0,"player_choice":"Fight","damage_taken":0,"max_hp_gain":0,"max_hp_loss":0,"event_name":"Mysterious Sphere","floor":39,"gold_loss":0},{"damage_healed":0,"gold_gain":0,"player_choice":"Fight","damage_taken":0,"max_hp_gain":0,"max_hp_loss":0,"event_name":"MindBloom","floor":41,"gold_loss":0},{"damage_healed":0,"gold_gain":0,"player_choice":"Memory 1","damage_taken":0,"max_hp_gain":0,"max_hp_loss":0,"event_name":"SensoryStone","floor":47,"gold_loss":0}],"is_beta":false,"boss_relics":[{"not_picked":["Lizard Tail","White Beast Statue"],"picked":"Astrolabe"},{"not_picked":["Busted Crown","Coffee Dripper"],"picked":"Eternal Feather"}],"items_purged_floors":[19,25,38,44],"is_endless":false,"potions_floor_spawned":[5,11,12,14,24,31,33,36,41,45,48],"ascension_level":0}