{"gold_per_floor":[118,135,11,11,21,21,52,52,52,68,82,95,95,95,95,198,198,180,195,195],"floor_reached":20,"playtime":680,"items_purged":[],"score":273,"play_id":"b4a5bb76-30d5-4dca-b0f5-e9a8d19b28b6","local_time":"20190213133559","is_ascension_mode":true,"campfire_choices":[{"floor":6,"key":"REST"},{"floor":8,"key":"REST"},{"floor":15,"key":"REST"}],"neow_cost":"NONE","seed_source_timestamp":297938648127614,"circlet_count":0,"master_deck":["AscendersBane","Strike_B","Strike_B","Strike_B+1","Defend_B","Defend_B","Defend_B","Defend_B","Zap+1","Dualcast","FTL","Rebound","Leap","Defragment","Steam+1","Compile Driver","Coolheaded","Sweeping Beam","Gash","Core Surge","Defragment","Ball Lightning","Defragment","Hologram","BootSequence","Capacitor"],"relics":["Cracked Core","Nunchaku","Dodecahedron","FaceOfCleric","Orrery"],"potions_floor_usage":[12,16,16,20],"damage_taken":[{"damage":8,"enemies":"Small Slimes","floor":1,"turns":4},{"damage":12,"enemies":"Jaw Worm","floor":2,"turns":2},{"damage":0,"enemies":"2 Louse","floor":5,"turns":2},{"damage":36,"enemies":"Gremlin Nob","floor":7,"turns":4},{"damage":27,"enemies":"Lots of Slimes","floor":10,"turns":4},{"damage":5,"enemies":"Blue Slaver","floor":11,"turns":4},{"damage":8,"enemies":"Exordium Thugs","floor":12,"turns":5},{"damage":22,"enemies":"Hexaghost","floor":16,"turns":10},{"damage":25,"enemies":"2 Thieves","floor":18,"turns":5},{"damage":2,"enemies":"Spheric Guardian","floor":19,"turns":3},{"damage":38,"enemies":"3 Cultists","floor":20,"turns":5}],"seed_played":"3635617224962503909","potions_obtained":[{"floor":10,"key":"AttackPotion"},{"floor":11,"key":"Strength Potion"},{"floor":12,"key":"Explosive Potion"},{"floor":19,"key":"Fire Potion"}],"is_trial":false,"path_per_floor":["M","M","$","?","M","R","E","R","T","M","M","M","?","?","R","B",null,"M","M","M"],"character_chosen":"DEFECT","items_purchased":["Defragment","Steam"],"campfire_rested":3,"item_purchase_floors":[3,3],"current_hp_per_floor":[60,48,48,33,33,55,19,41,41,14,9,1,1,1,23,2,58,34,33,0],"gold":195,"neow_bonus":"TRANSFORM_CARD","is_prod":false,"is_daily":false,"chose_seed":false,"campfire_upgraded":0,"win_rate":0,"timestamp":1550082959,"path_taken":["M","M","$","?","M","R","E","R","T","M","M","M","?","?","R","BOSS","M","?","M"],"build_version":"2019-01-23","purchased_purges":0,"victory":false,"max_hp_per_floor":[75,75,75,75,75,75,75,75,75,75,75,75,75,75,75,76,76,77,78,78],"card_choices":[{"not_picked":["Streamline","Reprogram"],"picked":"Rebound","floor":1},{"not_picked":["Turbo","Sunder"],"picked":"Leap","floor":2},{"not_picked":["All For One","Blizzard"],"picked":"Compile Driver","floor":5},{"not_picked":["Go for the Eyes","Sweeping Beam"],"picked":"Coolheaded","floor":7},{"not_picked":["Rebound","Consume"],"picked":"Sweeping Beam","floor":10},{"not_picked":["Barrage","Sweeping Beam","Multi-Cast"],"picked":"SKIP","floor":11},{"not_picked":["Steam","Streamline"],"picked":"Gash","floor":12},{"not_picked":["Meteor Strike","Amplify"],"picked":"Core Surge","floor":16},{"not_picked":["Beam Cell","Go for the Eyes"],"picked":"Defragment","floor":17},{"not_picked":["Coolheaded","Rebound"],"picked":"Ball Lightning","floor":17},{"not_picked":["Blizzard","Hologram"],"picked":"Defragment","floor":17},{"not_picked":["Blizzard","Rebound"],"picked":"Hologram","floor":17},{"not_picked":["Stack","Static Discharge"],"picked":"BootSequence","floor":18},{"not_picked":["Conserve Battery","Rebound"],"picked":"Capacitor","floor":19}],"player_experience":481915,"relics_obtained":[{"floor":7,"key":"Nunchaku"},{"floor":9,"key":"Dodecahedron"}],"event_choices":[{"damage_healed":0,"gold_gain":0,"player_choice":"Entered Light","damage_taken":15,"max_hp_gain":0,"max_hp_loss":0,"event_name":"Shining Light","floor":4,"gold_loss":0,"cards_upgraded":["Strike_B","Steam"]},{"damage_healed":0,"gold_gain":0,"player_choice":"Grow","damage_taken":0,"max_hp_gain":0,"max_hp_loss":0,"event_name":"Living Wall","floor":13,"gold_loss":0,"cards_upgraded":["Zap"]},{"damage_healed":0,"gold_gain":0,"player_choice":"Trade","damage_taken":0,"relics_obtained":["FaceOfCleric"],"max_hp_gain":0,"max_hp_loss":0,"event_name":"FaceTrader","floor":14,"gold_loss":0}],"is_beta":false,"boss_relics":[{"not_picked":["Runic Pyramid","Black Star"],"picked":"Orrery"}],"items_purged_floors":[],"is_endless":false,"potions_floor_spawned":[10,11,12,19],"killed_by":"3 Cultists","ascension_level":11}