{"gold_per_floor":[214,229,182,242,242,242,255,255,278,306,319,344,293,313,313,408,408,419,419,419,436,436],"floor_reached":22,"playtime":1955,"items_purged":[],"score":291,"play_id":"1172c239-441e-4109-b0f7-bbf4a4f8f651","local_time":"20190204133459","is_ascension_mode":true,"campfire_choices":[{"data":"Bash","floor":6,"key":"SMITH"},{"data":"Clothesline","floor":8,"key":"SMITH"},{"floor":15,"key":"REST"}],"neow_cost":"NONE","seed_source_timestamp":436295971614200,"circlet_count":0,"master_deck":["AscendersBane","Strike_R","Strike_R","Strike_R","Strike_R","Defend_R","Defend_R","Defend_R","Defend_R","Bash+1","Clash","Clothesline+1","Spot Weakness","Impervious","Pummel","Shrug It Off","Uppercut","Impervious","Twin Strike+1"],"relics":["Burning Blood","Ancient Tea Set","Potion Belt","Dream Catcher","Empty Cage","Enchiridion"],"potions_floor_usage":[16,22,22],"damage_taken":[{"damage":6,"enemies":"2 Louse","floor":1,"turns":4},{"damage":9,"enemies":"Jaw Worm","floor":2,"turns":5},{"damage":0,"enemies":"Small Slimes","floor":7,"turns":3},{"damage":35,"enemies":"3 Sentries","floor":10,"turns":9},{"damage":6,"enemies":"Red Slaver","floor":11,"turns":3},{"damage":28,"enemies":"Gremlin Nob","floor":12,"turns":5},{"damage":22,"enemies":"Exordium Wildlife","floor":14,"turns":5},{"damage":27,"enemies":"Hexaghost","floor":16,"turns":13},{"damage":0,"enemies":"Chosen","floor":18,"turns":4},{"damage":19,"enemies":"Shell Parasite","floor":21,"turns":5},{"damage":39,"enemies":"Centurion and Healer","floor":22,"turns":8}],"seed_played":"-8004382208406634002","potions_obtained":[{"floor":1,"key":"PowerPotion"},{"floor":2,"key":"Dexterity Potion"},{"floor":11,"key":"Block Potion"},{"floor":14,"key":"BloodPotion"}],"is_trial":false,"path_per_floor":["M","M","$","?","T","R","M","R","T","E","M","E","$","M","R","B",null,"M","?","?","M","M"],"character_chosen":"IRONCLAD","items_purchased":["Perfected Strike","Shrug It Off"],"campfire_rested":1,"item_purchase_floors":[3,13],"current_hp_per_floor":[72,69,69,69,69,69,75,75,75,46,46,24,24,8,32,11,63,69,53,38,25,0],"gold":436,"neow_bonus":"HUNDRED_GOLD","is_prod":false,"is_daily":false,"chose_seed":false,"campfire_upgraded":2,"win_rate":0,"timestamp":1549258499,"path_taken":["M","M","$","?","?","R","M","R","T","E","M","E","$","M","R","BOSS","M","?","?","M","M"],"build_version":"2019-01-23","purchased_purges":0,"victory":false,"max_hp_per_floor":[80,80,80,80,80,80,80,80,80,80,80,80,80,80,80,80,80,80,80,85,85,85],"card_choices":[{"not_picked":["Bloodletting","Body Slam","Thunderclap"],"picked":"SKIP","floor":1},{"not_picked":["Dual Wield","Searing Blow"],"picked":"Clash","floor":2},{"not_picked":["Clash","Burning Pact"],"picked":"Clothesline","floor":7},{"not_picked":["Intimidate","Pommel Strike"],"picked":"Spot Weakness","floor":10},{"not_picked":["Anger","Power Through"],"picked":"Impervious","floor":11},{"not_picked":["Havoc","Combust"],"picked":"Pummel","floor":12},{"not_picked":["Iron Wave","Heavy Blade"],"picked":"Uppercut","floor":14},{"not_picked":["Fiend Fire","Offering"],"picked":"Impervious","floor":16},{"not_picked":["Dropkick","Wild Strike+1","True Grit"],"picked":"SKIP","floor":18},{"not_picked":["Rupture","Havoc+1"],"picked":"Twin Strike+1","floor":21}],"player_experience":292074,"relics_obtained":[{"floor":9,"key":"Ancient Tea Set"},{"floor":10,"key":"Potion Belt"},{"floor":12,"key":"Dream Catcher"},{"floor":19,"key":"Enchiridion"}],"event_choices":[{"damage_healed":0,"gold_gain":60,"player_choice":"Gained Gold","damage_taken":0,"max_hp_gain":0,"max_hp_loss":0,"event_name":"Golden Wing","floor":4,"gold_loss":0},{"damage_healed":0,"gold_gain":0,"player_choice":"Obtained Book","damage_taken":16,"max_hp_gain":0,"max_hp_loss":0,"event_name":"Cursed Tome","floor":19,"gold_loss":0},{"damage_healed":0,"gold_gain":0,"player_choice":"Shed Blood","damage_taken":20,"max_hp_gain":5,"max_hp_loss":0,"event_name":"Forgotten Altar","floor":20,"gold_loss":0}],"is_beta":false,"boss_relics":[{"not_picked":["Sozu","Astrolabe"],"picked":"Empty Cage"}],"items_purged_floors":[],"is_endless":false,"potions_floor_spawned":[1,2,11,14],"killed_by":"Centurion and Healer","ascension_level":10}