{"gold_per_floor":[117,131,148,148,148,182,182,212,212,212,229,241,254,254],"floor_reached":14,"playtime":1025,"items_purged":[],"score":173,"play_id":"2576c2e2-0d69-4ab3-8dd0-01b774f5562a","local_time":"20181111114018","is_ascension_mode":true,"campfire_choices":[{"floor":7,"key":"REST"},{"data":"Shrug It Off","floor":10,"key":"SMITH"}],"neow_cost":"NONE","seed_source_timestamp":0,"circlet_count":0,"master_deck":["AscendersBane","Strike_R+1","Strike_R","Strike_R","Strike_R","Strike_R+1","Defend_R","Defend_R","Defend_R","Defend_R","Bash","Double Tap","Evolve","Shrug It Off+1","Metallicize","Spot Weakness","Intimidate"],"special_seed":0,"relics":["Burning Blood","Torii","Kunai","Frozen Egg 2"],"potions_floor_usage":[6,12,13,14],"damage_taken":[{"damage":18.0,"enemies":"Small Slimes","floor":1.0,"turns":5.0},{"damage":0,"enemies":"2 Louse","floor":2,"turns":3},{"damage":6,"enemies":"Cultist","floor":3,"turns":3},{"damage":29,"enemies":"Gremlin Nob","floor":6,"turns":5},{"damage":13,"enemies":"3 Sentries","floor":8,"turns":11},{"damage":9,"enemies":"Lots of Slimes","floor":11,"turns":7},{"damage":15,"enemies":"Exordium Thugs","floor":12,"turns":5},{"damage":0,"enemies":"Large Slime","floor":13,"turns":6},{"damage":44,"enemies":"Gremlin Nob","floor":14,"turns":4}],"seed_played":"-5104861259536760615","potions_obtained":[{"floor":3,"key":"SkillPotion"},{"floor":5,"key":"Weak Potion"},{"floor":5,"key":"Swift Potion"},{"floor":11,"key":"SkillPotion"},{"floor":12,"key":"Fire Potion"}],"is_trial":false,"path_per_floor":["M","M","M","?","?","E","R","E","T","R","M","M","M","E"],"character_chosen":"IRONCLAD","items_purchased":[],"campfire_rested":1,"item_purchase_floors":[],"current_hp_per_floor":[56,62,62,47,47,24,46,39,39,39,36,27,33,0],"gold":254,"neow_bonus":"ONE_RANDOM_RARE_CARD","is_prod":false,"is_daily":false,"chose_seed":false,"campfire_upgraded":1,"win_rate":0,"timestamp":1541932818,"path_taken":["M","M","M","?","?","E","R","E","T","R","M","?","?","E"],"build_version":"2018-11-08","purchased_purges":0,"victory":false,"max_hp_per_floor":[75,75,75,75,75,75,75,75,75,75,75,75,75,75],"card_choices":[{"not_picked":["Cleave","Body Slam","Entrench"],"picked":"SKIP","floor":1.0},{"not_picked":["Pommel Strike","Cleave"],"picked":"Evolve","floor":2},{"not_picked":["Anger","Inflame","Entrench"],"picked":"SKIP","floor":3},{"not_picked":["Cleave","Clothesline"],"picked":"Shrug It Off","floor":6},{"not_picked":["Dark Embrace","Shrug It Off"],"picked":"Metallicize","floor":8},{"not_picked":["Rupture+1","Infernal Blade","Feel No Pain+1"],"picked":"SKIP","floor":11},{"not_picked":["Cleave","Warcry"],"picked":"Spot Weakness","floor":12},{"not_picked":["Havoc","Flex"],"picked":"Intimidate","floor":13}],"player_experience":518229,"relics_obtained":[{"floor":6,"key":"Torii"},{"floor":8,"key":"Kunai"},{"floor":9,"key":"Frozen Egg 2"}],"event_choices":[{"damage_healed":0,"gold_gain":0,"player_choice":"Entered Light","damage_taken":15,"max_hp_gain":0,"max_hp_loss":0,"event_name":"Shining Light","floor":4,"gold_loss":0,"cards_upgraded":["Strike_R","Strike_R"]},{"damage_healed":0,"gold_gain":0,"player_choice":"Got Potions","damage_taken":0,"max_hp_gain":0,"max_hp_loss":0,"event_name":"Lab","floor":5,"gold_loss":0}],"is_beta":false,"boss_relics":[],"items_purged_floors":[],"is_endless":false,"potions_floor_spawned":[3,11,12],"killed_by":"Gremlin Nob","ascension_level":14}