{"gold_per_floor":[113,113,131,8,18,48,64,64,64,75,93,111,128,153,153,258,258,276,292,309,322,334,334,362,64,64,64,77,77,77,96,96,193,193,206,55,75,75,95,95,107,133,159,3,3,30,44,79,79,79],"floor_reached":51,"playtime":8122,"items_purged":["Strike_R","Strike_R"],"score":920,"play_id":"5f9f3997-d094-45e1-9585-7e5259e87c49","local_time":"20180702162102","is_ascension_mode":false,"campfire_choices":[{"data":"Flame Barrier","floor":8,"key":"SMITH"},{"data":"Warcry","floor":15,"key":"SMITH"},{"floor":27,"key":"REST"},{"data":"Fiend Fire","floor":30,"key":"SMITH"},{"floor":32,"key":"REST"},{"data":"Rupture","floor":40,"key":"SMITH"},{"data":"Dual Wield","floor":45,"key":"SMITH"},{"data":"1","floor":49,"key":"LIFT"}],"neow_cost":"NONE","seed_source_timestamp":7047067434559,"circlet_count":0,"master_deck":["Strike_R","Defend_R","Defend_R","Defend_R","Defend_R","Bash","Fiend Fire+1","Twin Strike","Intimidate","Warcry+1","Flame Barrier+1","Cleave","Headbutt+1","Feel No Pain","Iron Wave+1","Clothesline+1","Uppercut+1","Dark Embrace","Power Through","Seeing Red","Hemokinesis+1","Rupture+1","Power Through+1","Secret Weapon","Hemokinesis+1","Feed+1","Bludgeon+1","Dual Wield+1","Fiend Fire+1","Juggernaut","Dark Embrace"],"relics":["Burning Blood","Pen Nib","Molten Egg 2","Calipers","Runic Pyramid","Thread and Needle","Incense Burner","Sozu","Ice Cream","Blood Vial","Juzu Bracelet","Happy Flower","Girya"],"potions_floor_usage":[21,24,24,31],"damage_taken":[{"damage":10,"enemies":"Jaw Worm","floor":1,"turns":4},{"damage":6,"enemies":"Cultist","floor":3,"turns":3},{"damage":0,"enemies":"2 Louse","floor":5,"turns":3},{"damage":27,"enemies":"Lagavulin","floor":6,"turns":10},{"damage":2,"enemies":"Blue Slaver","floor":7,"turns":5},{"damage":9,"enemies":"Exordium Thugs","floor":10,"turns":4},{"damage":2,"enemies":"Lots of Slimes","floor":11,"turns":2},{"damage":5,"enemies":"Gremlin Gang","floor":12,"turns":4},{"damage":1,"enemies":"Exordium Wildlife","floor":13,"turns":3},{"damage":7,"enemies":"Gremlin Nob","floor":14,"turns":3},{"damage":10,"enemies":"Slime Boss","floor":16,"turns":6},{"damage":0,"enemies":"Shell Parasite","floor":18,"turns":6},{"damage":9,"enemies":"3 Byrds","floor":19,"turns":6},{"damage":0,"enemies":"Cultist and Chosen","floor":20,"turns":5},{"damage":14,"enemies":"Centurion and Healer","floor":21,"turns":7},{"damage":27,"enemies":"Sentry and Sphere","floor":22,"turns":5},{"damage":46,"enemies":"Gremlin Leader","floor":24,"turns":6},{"damage":0,"enemies":"Snake Plant","floor":28,"turns":3},{"damage":0,"enemies":"Snecko","floor":31,"turns":5},{"damage":59,"enemies":"Champ","floor":33,"turns":12},{"damage":0,"enemies":"Orb Walker","floor":35,"turns":3},{"damage":9,"enemies":"3 Darklings","floor":37,"turns":6},{"damage":8,"floor":38,"turns":3},{"damage":4,"enemies":"Maw","floor":39,"turns":7},{"damage":3,"enemies":"Sphere and 2 Shapes","floor":41,"turns":5},{"damage":7,"enemies":"Nemesis","floor":46,"turns":7},{"damage":4,"enemies":"3 Darklings","floor":47,"turns":6},{"damage":26,"enemies":"2 Orb Walkers","floor":48,"turns":6},{"damage":62,"enemies":"Awakened One","floor":50,"turns":11}],"seed_played":"2995709751569198200","potions_obtained":[{"floor":3,"key":"SpeedPotion"},{"floor":6,"key":"Energy Potion"},{"floor":10,"key":"Energy Potion"},{"floor":12,"key":"PowerPotion"},{"floor":13,"key":"Swift Potion"},{"floor":20,"key":"Dexterity Potion"},{"floor":21,"key":"Block Potion"},{"floor":28,"key":"Regen Potion"},{"floor":31,"key":"Block Potion"}],"is_trial":false,"path_per_floor":["M","?","M","$","M","E","M","R","T","M","M","M","M","E","R","B",null,"M","M","M","M","M","?","E","$","T","R","M","?","R","M","R","B",null,"M","$","M","?","M","R","M","T","T","$","R","E","M","E","R","B"],"character_chosen":"IRONCLAD","items_purchased":["Warcry","Secret Weapon","Bludgeon+1","Fiend Fire+1"],"campfire_rested":2,"item_purchase_floors":[4,25,36,44],"current_hp_per_floor":[76,76,76,76,80,59,63,63,63,60,64,65,70,69,69,65,80,80,77,80,72,51,51,11,11,11,35,41,26,26,46,71,18,85,85,85,82,84,86,86,93,93,93,93,93,92,93,77,77,27],"gold":79,"neow_bonus":"ONE_RANDOM_RARE_CARD","is_prod":false,"is_daily":false,"chose_seed":false,"campfire_upgraded":5,"win_rate":0.0,"timestamp":1530541262,"path_taken":["M","?","M","$","M","E","M","R","T","M","M","M","M","E","R","BOSS","M","M","M","M","M","?","E","$","T","R","M","?","R","M","R","BOSS","M","?","?","?","M","R","?","?","T","?","R","E","M","E","R","BOSS"],"build_version":"2018-06-28","purchased_purges":2,"victory":true,"max_hp_per_floor":[80,80,80,80,80,80,80,80,80,80,80,80,80,80,80,80,80,80,80,80,80,80,80,80,80,80,80,80,85,85,85,85,85,85,85,85,85,89,89,89,93,93,93,93,93,93,93,97,97,101],"card_choices":[{"not_picked":["Rupture","Thunderclap"],"picked":"Twin Strike","floor":1},{"not_picked":["Carnage","Sword Boomerang"],"picked":"Intimidate","floor":3},{"not_picked":["Clash","Armaments"],"picked":"Flame Barrier","floor":5},{"not_picked":["Demon Form","Metallicize"],"picked":"Cleave","floor":6},{"not_picked":["Clash","Heavy Blade","Anger"],"picked":"SKIP","floor":7},{"not_picked":["Intimidate","Flex"],"picked":"Headbutt+1","floor":10},{"not_picked":["Ghostly Armor","Bloodletting"],"picked":"Feel No Pain","floor":11},{"not_picked":["Warcry","Body Slam+1"],"picked":"Iron Wave+1","floor":12},{"not_picked":["Inflame","True Grit"],"picked":"Clothesline+1","floor":13},{"not_picked":["Heavy Blade+1","Combust"],"picked":"Uppercut+1","floor":14},{"not_picked":["Brutality","Juggernaut"],"picked":"Dark Embrace","floor":16},{"not_picked":["Rupture","Cleave+1"],"picked":"Power Through","floor":18},{"not_picked":["Clash+1","Body Slam+1"],"picked":"Seeing Red","floor":19},{"not_picked":["Twin Strike+1","Cleave+1"],"picked":"Hemokinesis+1","floor":20},{"not_picked":["Reaper+1","Clash+1","Headbutt+1"],"picked":"SKIP","floor":21},{"not_picked":["Thunderclap+1","Perfected Strike+1","Shrug It Off"],"picked":"SKIP","floor":22},{"not_picked":["Combust+1","Dark Embrace"],"picked":"Power Through+1","floor":24},{"not_picked":["Pommel Strike+1","Perfected Strike+1"],"picked":"Hemokinesis+1","floor":28},{"not_picked":["Searing Blow+1","Shrug It Off","Flex"],"picked":"SKIP","floor":31},{"not_picked":["Demon Form","Juggernaut"],"picked":"Feed+1","floor":33},{"not_picked":["Armaments+1","Perfected Strike+1","Iron Wave+1"],"picked":"SKIP","floor":35},{"not_picked":["Uppercut+1","Clash+1","Iron Wave+1"],"picked":"SKIP","floor":37},{"not_picked":["Whirlwind+1","Clash+1"],"picked":"Dual Wield","floor":38},{"not_picked":["Armaments","Dropkick+1","Anger+1"],"picked":"SKIP","floor":39},{"not_picked":["Shrug It Off+1","Headbutt+1","Twin Strike+1"],"picked":"SKIP","floor":41},{"not_picked":["Clash+1","Ghostly Armor"],"picked":"Juggernaut","floor":46},{"not_picked":["Thunderclap+1","Sword Boomerang+1","Twin Strike+1"],"picked":"SKIP","floor":47},{"not_picked":["Shrug It Off","Combust"],"picked":"Dark Embrace","floor":48}],"player_experience":4896,"relics_obtained":[{"floor":6,"key":"Pen Nib"},{"floor":9,"key":"Molten Egg 2"},{"floor":14,"key":"Calipers"},{"floor":24,"key":"Thread and Needle"},{"floor":26,"key":"Incense Burner"},{"floor":38,"key":"Ice Cream"},{"floor":42,"key":"Blood Vial"},{"floor":43,"key":"Juzu Bracelet"},{"floor":46,"key":"Happy Flower"},{"floor":48,"key":"Girya"}],"event_choices":[{"event_name":"Bonfire Elementals","player_choice":"BASIC","floor":2,"damage_taken":0},{"event_name":"Transmorgrifier","player_choice":"Transform","floor":23,"damage_taken":0},{"event_name":"Forgotten Altar","player_choice":"Shed Blood","floor":29,"damage_taken":0},{"event_name":"MindBloom","player_choice":"Fight","floor":38,"damage_taken":0}],"boss_relics":[{"not_picked":["Philosopher\u0027s Stone","Ectoplasm"],"picked":"Runic Pyramid"},{"not_picked":["Eternal Feather","Calling Bell"],"picked":"Sozu"}],"items_purged_floors":[4,25],"is_endless":false,"potions_floor_spawned":[3,6,10,12,13,20,21,28,31,37,41,46],"ascension_level":0}