{"gold_per_floor":[209,226,243,261,277,277,303,322,404,404,404],"floor_reached":11,"playtime":358,"items_purged":[],"score":154,"play_id":"9e7b859a-9489-4c9d-bbf6-585b6e38a0cf","local_time":"20190223200426","is_ascension_mode":true,"campfire_choices":[{"floor":6,"key":"REST"},{"data":"Go for the Eyes","floor":10,"key":"SMITH"}],"neow_cost":"NONE","seed_source_timestamp":23339875360900,"circlet_count":0,"master_deck":["AscendersBane","Strike_B","Strike_B","Strike_B","Strike_B","Defend_B","Defend_B","Defend_B","Defend_B","Zap","Dualcast","Capacitor","Go for the Eyes+1","Leap","Auto Shields","Loop"],"relics":["Cracked Core","Bronze Scales","Singing Bowl"],"potions_floor_usage":[7,8,11],"damage_taken":[{"damage":5,"enemies":"Small Slimes","floor":1,"turns":3},{"damage":6,"enemies":"Jaw Worm","floor":2,"turns":4},{"damage":7,"enemies":"2 Louse","floor":3,"turns":3},{"damage":17,"enemies":"2 Fungi Beasts","floor":4,"turns":4},{"damage":2,"enemies":"Looter","floor":5,"turns":4},{"damage":26,"enemies":"3 Sentries","floor":7,"turns":9},{"damage":2,"enemies":"Exordium Wildlife","floor":8,"turns":3},{"damage":39,"enemies":"Gremlin Gang","floor":11,"turns":3}],"seed_played":"-7753098075321689997","potions_obtained":[{"floor":2,"key":"Weak Potion"},{"floor":4,"key":"Explosive Potion"},{"floor":7,"key":"Regen Potion"}],"is_trial":false,"path_per_floor":["M","M","M","M","M","R","E","M","T","R","M"],"character_chosen":"DEFECT","items_purchased":[],"campfire_rested":1,"item_purchase_floors":[],"current_hp_per_floor":[59,53,46,29,27,48,22,32,32,32,0],"gold":404,"neow_bonus":"HUNDRED_GOLD","is_prod":false,"is_daily":false,"chose_seed":false,"campfire_upgraded":1,"win_rate":0,"timestamp":1550945066,"path_taken":["M","M","M","M","M","R","E","M","T","R","M"],"build_version":"2019-01-23","purchased_purges":0,"victory":false,"max_hp_per_floor":[71,71,71,71,71,71,71,71,71,71,71],"card_choices":[{"not_picked":["Steam","Coolheaded"],"picked":"Capacitor","floor":1},{"not_picked":["Rebound","Coolheaded"],"picked":"Go for the Eyes","floor":2},{"not_picked":["Tempest","Go for the Eyes"],"picked":"Leap","floor":3},{"not_picked":["Amplify","Static Discharge"],"picked":"Auto Shields","floor":4},{"not_picked":["Turbo","Blizzard","Go for the Eyes"],"picked":"SKIP","floor":5},{"not_picked":["Stack","Reinforced Body","Hologram"],"picked":"SKIP","floor":7},{"not_picked":["Auto Shields","Sunder"],"picked":"Loop","floor":8}],"player_experience":924799,"relics_obtained":[{"floor":7,"key":"Bronze Scales"},{"floor":9,"key":"Singing Bowl"}],"event_choices":[],"is_beta":false,"boss_relics":[],"items_purged_floors":[],"is_endless":false,"potions_floor_spawned":[2,4,5,7],"killed_by":"Gremlin Gang","ascension_level":20}