{"gold_per_floor":[117,136,58,68,78,78,97,97,97,97,114,114,127,127],"floor_reached":14,"playtime":362,"items_purged":[],"score":168,"play_id":"b21d8930-b69c-4ed6-852d-ae24b8f2aaec","local_time":"20190223003922","is_ascension_mode":true,"campfire_choices":[{"floor":6,"key":"REST"},{"data":"Zap","floor":8,"key":"SMITH"},{"data":"Go for the Eyes","floor":10,"key":"SMITH"}],"neow_cost":"NONE","seed_source_timestamp":37621605339800,"circlet_count":0,"master_deck":["AscendersBane","Strike_B","Strike_B","Strike_B","Defend_B","Defend_B","Defend_B","Defend_B","Zap+1","Dualcast","Go for the Eyes+1","Capacitor","Self Repair","Core Surge","Defragment","Ball Lightning"],"relics":["Cracked Core","Juzu Bracelet","Prayer Wheel"],"potions_floor_usage":[14,14],"damage_taken":[{"damage":7,"enemies":"Small Slimes","floor":1,"turns":3},{"damage":1,"enemies":"Cultist","floor":2,"turns":3},{"damage":0,"enemies":"2 Louse","floor":4,"turns":3},{"damage":29,"enemies":"Exordium Wildlife","floor":5,"turns":6},{"damage":29,"enemies":"Exordium Thugs","floor":7,"turns":6},{"damage":9,"enemies":"Looter","floor":11,"turns":3},{"damage":11,"enemies":"Blue Slaver","floor":13,"turns":3},{"damage":29,"enemies":"Gremlin Nob","floor":14,"turns":3}],"seed_played":"5398114249979424756","potions_obtained":[{"floor":1,"key":"Strength Potion"},{"floor":11,"key":"Energy Potion"},{"floor":13,"key":"SteroidPotion"}],"is_trial":false,"path_per_floor":["M","M","$","M","M","R","M","R","T","R","M","?","M","E"],"character_chosen":"DEFECT","items_purchased":["Capacitor"],"campfire_rested":1,"item_purchase_floors":[3],"current_hp_per_floor":[57,56,56,56,27,48,26,26,26,26,24,24,20,0],"gold":127,"neow_bonus":"RANDOM_COMMON_RELIC","is_prod":false,"is_daily":false,"chose_seed":false,"campfire_upgraded":2,"win_rate":0,"timestamp":1550875162,"path_taken":["M","M","$","M","M","R","M","R","T","R","M","?","M","E"],"build_version":"2019-01-23","purchased_purges":0,"victory":false,"max_hp_per_floor":[71,71,71,71,71,71,71,71,71,71,71,71,71,71],"card_choices":[{"not_picked":["Skim","Coolheaded"],"picked":"Go for the Eyes","floor":1},{"not_picked":["Leap","Fusion","Beam Cell"],"picked":"SKIP","floor":2},{"not_picked":["Recycle","Leap","Rip and Tear"],"picked":"SKIP","floor":4},{"not_picked":["Leap","Barrage"],"picked":"Self Repair","floor":5},{"not_picked":["Beam Cell","Barrage"],"picked":"Core Surge","floor":7},{"not_picked":["Force Field","Turbo","Fusion"],"picked":"SKIP","floor":11},{"not_picked":["Doom and Gloom","Genetic Algorithm","Rebound"],"picked":"SKIP","floor":11},{"not_picked":["Chill","Loop"],"picked":"Defragment","floor":13},{"not_picked":["Rip and Tear","Undo"],"picked":"Ball Lightning","floor":13}],"player_experience":893852,"relics_obtained":[{"floor":9,"key":"Prayer Wheel"}],"event_choices":[{"cards_removed":["Strike_B"],"damage_healed":0,"gold_gain":0,"player_choice":"Purged","damage_taken":0,"max_hp_gain":0,"max_hp_loss":0,"event_name":"Purifier","floor":12,"gold_loss":0}],"is_beta":false,"boss_relics":[],"items_purged_floors":[],"is_endless":false,"potions_floor_spawned":[1,11,13],"killed_by":"Gremlin Nob","ascension_level":20}