{"gold_per_floor":[117,127,7,26,43,43,43,43,96,49,62,62,81,81,81,202,202,221,236,34,34,48,48,92,92,141,162,162],"floor_reached":28,"playtime":1098,"items_purged":[],"score":311,"play_id":"ee1d9f0e-48ea-4454-a208-46ff299e1224","local_time":"20190209070251","is_ascension_mode":true,"campfire_choices":[{"floor":6,"key":"REST"},{"data":"Zap","floor":12,"key":"SMITH"},{"floor":15,"key":"REST"},{"floor":23,"key":"REST"},{"floor":25,"key":"REST"}],"neow_cost":"NONE","seed_source_timestamp":2024901335540580,"circlet_count":0,"master_deck":["Strike_B","Strike_B","Strike_B","Defend_B","Defend_B","Defend_B","Defend_B","Zap+1","Cold Snap","Cold Snap","Capacitor","Steam","Melter","Go for the Eyes","Conserve Battery","Reinforced Body","Core Surge","Seek","Blizzard","Chaos","Loop","Cold Snap","Redo+1"],"relics":["FrozenCore","Omamori","DataDisk","Regal Pillow","Golden Idol","Membership Card","Orichalcum","Lantern"],"potions_floor_usage":[16,16,18],"damage_taken":[{"damage":4,"enemies":"Jaw Worm","floor":1,"turns":5},{"damage":5,"enemies":"Small Slimes","floor":2,"turns":4},{"damage":0,"enemies":"Cultist","floor":4,"turns":4},{"damage":8,"enemies":"Blue Slaver","floor":5,"turns":4},{"damage":11,"enemies":"Red Slaver","floor":11,"turns":4},{"damage":4,"enemies":"3 Louse","floor":13,"turns":4},{"damage":3,"enemies":"The Guardian","floor":16,"turns":14},{"damage":7,"enemies":"2 Thieves","floor":18,"turns":5},{"damage":6,"enemies":"Spheric Guardian","floor":19,"turns":4},{"damage":47,"enemies":"3 Cultists","floor":22,"turns":8},{"damage":35,"enemies":"Book of Stabbing","floor":24,"turns":9},{"damage":18,"enemies":"Shelled Parasite and Fungi","floor":27,"turns":8},{"damage":36,"enemies":"Chosen and Byrds","floor":28,"turns":10}],"seed_played":"-2158887511504236541","potions_obtained":[{"floor":1,"key":"Explosive Potion"},{"floor":5,"key":"SkillPotion"},{"floor":11,"key":"GamblersBrew"},{"floor":16,"key":"Strength Potion"},{"floor":27,"key":"FearPotion"}],"is_trial":false,"path_per_floor":["M","M","$","M","M","R","?","?","T","$","M","R","M","?","R","B",null,"M","M","$","?","M","R","E","R","T","M","M"],"character_chosen":"DEFECT","items_purchased":["Capacitor","Steam","Conserve Battery","Membership Card"],"campfire_rested":4,"item_purchase_floors":[3,3,10,20],"current_hp_per_floor":[64,59,59,59,51,73,70,70,70,70,59,59,55,37,74,71,74,67,61,61,61,14,51,16,53,53,35,0],"gold":162,"neow_bonus":"RANDOM_COMMON_RELIC","is_prod":false,"is_daily":false,"chose_seed":false,"campfire_upgraded":1,"win_rate":0,"timestamp":1549713771,"path_taken":["M","M","$","M","M","R","?","?","T","$","?","R","M","?","R","BOSS","M","M","$","?","?","R","E","R","T","M","M"],"build_version":"2019-01-23","purchased_purges":0,"victory":false,"max_hp_per_floor":[75,75,75,75,75,75,75,75,75,75,75,75,75,75,75,75,75,75,75,75,75,75,75,75,75,75,75,75],"card_choices":[{"not_picked":["Scrape","Sweeping Beam"],"picked":"Cold Snap","floor":1},{"not_picked":["Stack","Leap"],"picked":"Cold Snap","floor":2},{"not_picked":["Turbo","Steam"],"picked":"Melter","floor":4},{"not_picked":["Turbo","Leap"],"picked":"Go for the Eyes","floor":5},{"not_picked":["Hologram","Barrage"],"picked":"Reinforced Body","floor":11},{"not_picked":["Compile Driver","Stack"],"picked":"Core Surge","floor":13},{"not_picked":["Core Surge","Biased Cognition"],"picked":"Seek","floor":16},{"not_picked":["Sweeping Beam","Steam","Leap"],"picked":"SKIP","floor":18},{"not_picked":["Conserve Battery","Turbo+1"],"picked":"Blizzard","floor":19},{"not_picked":["Hologram","Gash"],"picked":"Loop","floor":22},{"not_picked":["Beam Cell","Rebound+1"],"picked":"Cold Snap","floor":24},{"not_picked":["Recycle","Auto Shields"],"picked":"Redo+1","floor":27}],"player_experience":434179,"relics_obtained":[{"floor":9,"key":"Regal Pillow"},{"floor":24,"key":"Orichalcum"},{"floor":26,"key":"Lantern"}],"event_choices":[{"damage_healed":0,"gold_gain":0,"player_choice":"Success","damage_taken":3,"relics_obtained":["DataDisk"],"max_hp_gain":0,"max_hp_loss":0,"event_name":"Scrap Ooze","floor":7,"gold_loss":0},{"cards_removed":["Dualcast"],"damage_healed":0,"gold_gain":0,"player_choice":"Offered Basic","damage_taken":0,"max_hp_gain":0,"max_hp_loss":0,"event_name":"Bonfire Elementals","floor":8,"gold_loss":0},{"damage_healed":0,"gold_gain":0,"player_choice":"Take Damage","damage_taken":18,"relics_obtained":["Golden Idol"],"max_hp_gain":0,"max_hp_loss":0,"event_name":"Golden Idol","floor":14,"gold_loss":0},{"damage_healed":0,"gold_gain":0,"cards_transformed":["Strike_B"],"player_choice":"Transformed","damage_taken":0,"max_hp_gain":0,"max_hp_loss":0,"event_name":"Transmorgrifier","floor":21,"gold_loss":0,"cards_obtained":["Chaos"]}],"is_beta":false,"boss_relics":[{"not_picked":["Tiny House","White Beast Statue"],"picked":"FrozenCore"}],"items_purged_floors":[],"is_endless":false,"potions_floor_spawned":[1,5,11,16,27],"killed_by":"Chosen and Byrds","ascension_level":7}