{"gold_per_floor":[112,112,122,139,139,139,154,185,208,226,260,260,225,244,244,346,346,361,461,130,310,2,30,30,59,59,59,59,59,74,24,24,125,125,141,156,156,156,0,30,30,56,128,128,138,171,271,271,271,271],"floor_reached":51,"playtime":1958,"items_purged":[],"score":1040,"play_id":"78038892-982a-449c-bf33-4a6fffc13df4","local_time":"20190109211248","is_ascension_mode":true,"campfire_choices":[{"data":"Perfected Strike","floor":6,"key":"SMITH"},{"data":"Bash","floor":12,"key":"SMITH"},{"floor":15,"key":"REST"},{"floor":24,"key":"REST"},{"floor":28,"key":"REST"},{"data":"Perfected Strike","floor":32,"key":"SMITH"},{"data":"Perfected Strike","floor":41,"key":"SMITH"},{"floor":44,"key":"REST"},{"data":"Immolate","floor":49,"key":"SMITH"}],"neow_cost":"CURSE","seed_source_timestamp":66663191909945,"circlet_count":0,"master_deck":["Strike_R","Strike_R","Strike_R","Strike_R","Strike_R","Defend_R","Defend_R","Bash+1","Perfected Strike+1","Perfected Strike+1","Spot Weakness","Shrug It Off","Warcry","Flex","Offering","Inflame","Shrug It Off","Twin Strike","Twin Strike","Immolate+1","Perfected Strike+1","Headbutt","Shrug It Off+1","Shrug It Off+1","Double Tap+1","Flex+1","Shrug It Off+1","Perfected Strike+1","Shrug It Off+1","Reaper","Perfected Strike+1","Battle Trance+1","Flex+1","Whirlwind+1","Secret Technique+1","Armaments+1","Flex+1","Flex+1","Pummel"],"relics":["Burning Blood","Prayer Wheel","Potion Belt","Omamori","Juzu Bracelet","Snecko Eye","Incense Burner","Toxic Egg 2","Mango","Pen Nib","Mercury Hourglass","Dodecahedron","Bottled Lightning","Pantograph","Runic Cube","Red Mask","Boot","PreservedInsect","Bottled Flame","Magic Flower","Charon\u0027s Ashes","Calipers"],"potions_floor_usage":[11,19,19,42,50,50],"damage_taken":[{"damage":0,"enemies":"2 Louse","floor":1,"turns":3},{"damage":6,"enemies":"Cultist","floor":3,"turns":3},{"damage":12,"enemies":"Jaw Worm","floor":4,"turns":2},{"damage":9,"enemies":"Red Slaver","floor":7,"turns":2},{"damage":18,"enemies":"Gremlin Nob","floor":8,"turns":3},{"damage":19,"enemies":"Gremlin Gang","floor":10,"turns":5},{"damage":28,"enemies":"Lagavulin","floor":11,"turns":6},{"damage":30,"enemies":"Lots of Slimes","floor":14,"turns":6},{"damage":17,"enemies":"Slime Boss","floor":16,"turns":6},{"damage":0,"enemies":"2 Thieves","floor":18,"turns":2},{"damage":20,"enemies":"Colosseum Slavers","floor":19,"turns":2},{"damage":24,"enemies":"Colosseum Nobs","floor":19,"turns":3},{"damage":20,"enemies":"Book of Stabbing","floor":23,"turns":3},{"damage":40,"enemies":"Slavers","floor":25,"turns":2},{"damage":0,"enemies":"Shell Parasite","floor":30,"turns":2},{"damage":44,"enemies":"Champ","floor":33,"turns":8},{"damage":14,"enemies":"3 Darklings","floor":35,"turns":3},{"damage":11,"enemies":"Orb Walker","floor":36,"turns":2},{"damage":33,"enemies":"Nemesis","floor":40,"turns":5},{"damage":73,"enemies":"Reptomancer","floor":42,"turns":4},{"damage":0,"enemies":"3 Darklings","floor":45,"turns":2},{"damage":44,"enemies":"Nemesis","floor":46,"turns":3},{"damage":2,"enemies":"Mind Bloom Boss Battle","floor":47,"turns":3},{"damage":56,"enemies":"Donu and Deca","floor":50,"turns":5}],"seed_played":"-4296357548080515680","potions_obtained":[{"floor":10,"key":"Block Potion"},{"floor":14,"key":"SteroidPotion"},{"floor":16,"key":"GamblersBrew"},{"floor":33,"key":"PowerPotion"},{"floor":36,"key":"Explosive Potion"},{"floor":40,"key":"SteroidPotion"},{"floor":46,"key":"AttackPotion"}],"is_trial":false,"path_per_floor":["M","?","M","M","?","R","M","E","T","M","E","R","?","M","R","B",null,"M","?","$","?","$","E","R","E","T","?","R","?","M","$","R","B",null,"M","M","?","?","?","E","R","E","T","R","M","E","?","T","R","B",null],"character_chosen":"IRONCLAD","items_purchased":["Mango","Shrug It Off+1","Double Tap+1","Pen Nib","Shrug It Off+1"],"campfire_rested":4,"item_purchase_floors":[20,20,22,22,31],"current_hp_per_floor":[80,80,80,74,67,67,64,52,52,39,17,17,37,13,37,26,80,80,48,62,35,35,21,49,15,15,15,43,43,49,49,49,36,94,86,85,85,85,85,58,58,11,11,39,81,44,89,89,89,47],"gold":271,"neow_bonus":"ONE_RARE_RELIC","is_prod":false,"is_daily":false,"chose_seed":false,"campfire_upgraded":5,"win_rate":0,"timestamp":1547089968,"path_taken":["M","?","?","M","?","R","M","E","T","M","E","R","?","M","R","BOSS","M","?","$","?","$","E","R","E","T","?","R","?","M","?","R","BOSS","M","M","?","?","?","E","R","E","T","R","M","E","?","?","R","BOSS"],"build_version":"2019-01-03v4","purchased_purges":0,"victory":true,"max_hp_per_floor":[80,80,80,80,80,80,80,80,80,80,80,80,80,80,80,80,80,80,80,94,94,94,94,94,94,94,94,94,94,94,94,94,94,94,94,94,94,94,94,94,94,94,94,94,94,94,94,94,94,94],"card_choices":[{"not_picked":["Pommel Strike","Twin Strike"],"picked":"Perfected Strike","floor":1},{"not_picked":["Metallicize","Combust"],"picked":"Perfected Strike","floor":1},{"not_picked":["Anger","True Grit"],"picked":"Spot Weakness","floor":3},{"not_picked":["Disarm","Dark Embrace"],"picked":"Shrug It Off","floor":3},{"not_picked":["Clash","Anger"],"picked":"Warcry","floor":4},{"not_picked":["Clothesline","Intimidate"],"picked":"Flex","floor":4},{"not_picked":["Hemokinesis","Power Through","Clash"],"picked":"SKIP","floor":7},{"not_picked":["True Grit","Hemokinesis","Wild Strike"],"picked":"SKIP","floor":7},{"not_picked":["Reckless Charge","True Grit"],"picked":"Offering","floor":8},{"not_picked":["Cleave","Warcry"],"picked":"Inflame","floor":10},{"not_picked":["Cleave","Wild Strike"],"picked":"Shrug It Off","floor":10},{"not_picked":["Anger","Evolve","Searing Blow"],"picked":"SKIP","floor":11},{"not_picked":["Feel No Pain","Clothesline"],"picked":"Twin Strike","floor":14},{"not_picked":["Headbutt","Warcry"],"picked":"Twin Strike","floor":14},{"not_picked":["Limit Break","Bludgeon"],"picked":"Immolate","floor":16},{"not_picked":["Cleave","Clash"],"picked":"Perfected Strike","floor":18},{"not_picked":["Armaments","Bloodletting"],"picked":"Headbutt","floor":18},{"not_picked":["Wild Strike","Carnage"],"picked":"Shrug It Off","floor":19},{"not_picked":["Metallicize+1","Battle Trance+1"],"picked":"Flex+1","floor":23},{"not_picked":["Corruption+1","Second Wind+1"],"picked":"Shrug It Off+1","floor":25},{"not_picked":["Sever Soul","Wild Strike"],"picked":"Perfected Strike+1","floor":30},{"not_picked":["Cleave","Havoc+1","Pommel Strike"],"picked":"SKIP","floor":30},{"not_picked":["Juggernaut","Barricade"],"picked":"Reaper","floor":33},{"not_picked":["Pommel Strike+1","Sword Boomerang+1"],"picked":"Perfected Strike","floor":35},{"not_picked":["Clothesline+1","True Grit+1"],"picked":"Battle Trance+1","floor":35},{"not_picked":["Sword Boomerang","Intimidate+1"],"picked":"Flex+1","floor":36},{"not_picked":["Intimidate+1","Warcry+1"],"picked":"Whirlwind+1","floor":36},{"not_picked":["Enlightenment+1","Chrysalis+1"],"picked":"Secret Technique+1","floor":38},{"not_picked":["Twin Strike","Iron Wave","Juggernaut"],"picked":"SKIP","floor":40},{"not_picked":["Body Slam+1","Whirlwind"],"picked":"Armaments+1","floor":42},{"not_picked":["Wild Strike+1","Body Slam+1"],"picked":"Flex+1","floor":45},{"not_picked":["Cleave+1","Clothesline+1","Fire Breathing+1"],"picked":"SKIP","floor":45},{"not_picked":["Cleave+1","Headbutt+1"],"picked":"Flex+1","floor":46},{"not_picked":["Spot Weakness+1","Clothesline+1"],"picked":"Pummel","floor":47}],"player_experience":80547,"relics_obtained":[{"floor":8,"key":"Potion Belt"},{"floor":9,"key":"Omamori"},{"floor":11,"key":"Juzu Bracelet"},{"floor":19,"key":"Incense Burner"},{"floor":19,"key":"Toxic Egg 2"},{"floor":23,"key":"Mercury Hourglass"},{"floor":25,"key":"Dodecahedron"},{"floor":26,"key":"Bottled Lightning"},{"floor":27,"key":"Pantograph"},{"floor":40,"key":"Boot"},{"floor":42,"key":"PreservedInsect"},{"floor":43,"key":"Bottled Flame"},{"floor":46,"key":"Magic Flower"},{"floor":47,"key":"Charon\u0027s Ashes"},{"floor":48,"key":"Calipers"}],"event_choices":[{"damage_healed":0,"gold_gain":0,"player_choice":"Forge","damage_taken":0,"max_hp_gain":0,"max_hp_loss":0,"event_name":"Accursed Blacksmith","floor":2,"gold_loss":0,"cards_upgraded":["Perfected Strike"]},{"cards_removed":["Writhe"],"damage_healed":0,"gold_gain":0,"player_choice":"Card Removal","damage_taken":7,"max_hp_gain":0,"max_hp_loss":0,"event_name":"Golden Wing","floor":5,"gold_loss":0},{"damage_healed":20,"gold_gain":0,"player_choice":"Healed","damage_taken":0,"max_hp_gain":0,"max_hp_loss":0,"event_name":"The Cleric","floor":13,"gold_loss":35},{"damage_healed":0,"gold_gain":0,"player_choice":"Fight","damage_taken":0,"max_hp_gain":0,"max_hp_loss":0,"event_name":"Colosseum","floor":19,"gold_loss":0},{"damage_healed":0,"gold_gain":0,"player_choice":"Fought Nobs","damage_taken":0,"max_hp_gain":0,"max_hp_loss":0,"event_name":"Colosseum","floor":19,"gold_loss":0},{"damage_healed":0,"gold_gain":180,"player_choice":"GOLD GOLD ","damage_taken":27,"max_hp_gain":0,"max_hp_loss":0,"event_name":"Knowing Skull","floor":21,"potions_obtained":[],"gold_loss":0,"cards_obtained":[]},{"damage_healed":0,"gold_gain":0,"player_choice":"Relic","damage_taken":0,"max_hp_gain":0,"max_hp_loss":0,"event_name":"Wheel of Change","floor":27,"gold_loss":0},{"cards_removed":["Defend_R"],"damage_healed":0,"gold_gain":0,"player_choice":"Purged","damage_taken":0,"max_hp_gain":0,"max_hp_loss":0,"event_name":"Purifier","floor":29,"gold_loss":0},{"cards_removed":["Defend_R"],"damage_healed":0,"gold_gain":0,"player_choice":"Removed Skill","damage_taken":0,"max_hp_gain":0,"max_hp_loss":0,"event_name":"Falling","floor":37,"gold_loss":0},{"damage_healed":0,"gold_gain":0,"player_choice":"Memory 1","damage_taken":0,"max_hp_gain":0,"max_hp_loss":0,"event_name":"SensoryStone","floor":38,"gold_loss":0},{"damage_healed":0,"gold_gain":0,"player_choice":"Paid","damage_taken":0,"relics_obtained":["Red Mask"],"max_hp_gain":0,"max_hp_loss":0,"event_name":"Tomb of Lord Red Mask","floor":39,"gold_loss":156},{"damage_healed":0,"gold_gain":0,"player_choice":"Fight","damage_taken":0,"max_hp_gain":0,"max_hp_loss":0,"event_name":"MindBloom","floor":47,"gold_loss":0}],"is_beta":false,"boss_relics":[{"not_picked":["Velvet Choker","Sozu"],"picked":"Snecko Eye"},{"not_picked":["Runic Pyramid","Empty Cage"],"picked":"Runic Cube"}],"items_purged_floors":[],"is_endless":false,"potions_floor_spawned":[10,14,16,33,36,40,46],"ascension_level":3}