{"gold_per_floor":[109,4,104,115,290,316,316,7,7,40,40,60,119,119],"floor_reached":14,"playtime":463,"items_purged":[],"score":101,"play_id":"4de01401-5827-441e-a4d3-b34b4ee087d9","local_time":"20190119060415","is_ascension_mode":true,"campfire_choices":[{"floor":7,"key":"REST"},{"floor":11,"key":"REST"}],"neow_cost":"NONE","seed_source_timestamp":207544012887235,"circlet_count":0,"master_deck":["Defend_G","Defend_G","Defend_G","Defend_G","Defend_G","Strike_G","Strike_G","Strike_G","Strike_G","Strike_G","Survivor","Neutralize","Deadly Poison","Masterful Stab","Accuracy","Deflect","Doubt","Heel Hook","Forethought","Noxious Fumes","Terror+1","Concentrate+1","Deadly Poison+1"],"relics":["Ring of the Snake","PreservedInsect","Orichalcum","Toy Ornithopter","Toxic Egg 2","Peace Pipe","Question Card"],"potions_floor_usage":[13],"damage_taken":[{"damage":0,"enemies":"Small Slimes","floor":1,"turns":4},{"damage":0,"enemies":"Cultist","floor":4,"turns":3},{"damage":68,"enemies":"Gremlin Nob","floor":6,"turns":6},{"damage":22,"enemies":"3 Sentries","floor":10,"turns":7},{"damage":3,"enemies":"2 Louse","floor":12,"turns":3},{"damage":8,"enemies":"Gremlin Nob","floor":13,"turns":4},{"damage":17,"enemies":"Large Slime","floor":14,"turns":4}],"seed_played":"6416766870647784890","potions_obtained":[{"floor":6,"key":"Poison Potion"}],"is_trial":false,"path_per_floor":["M","$","?","M","?","E","R","$","T","E","R","M","?","M"],"character_chosen":"THE_SILENT","items_purchased":["Masterful Stab","Accuracy","Toy Ornithopter","Forethought","Noxious Fumes"],"campfire_rested":2,"item_purchase_floors":[2,2,8,8,8],"current_hp_per_floor":[70,70,70,70,70,2,23,23,23,1,22,19,16,0],"gold":119,"neow_bonus":"RANDOM_COMMON_RELIC","is_prod":false,"is_daily":false,"chose_seed":false,"campfire_upgraded":0,"win_rate":0,"timestamp":1547895855,"path_taken":["M","$","?","?","?","E","R","$","T","E","R","M","?","M"],"build_version":"2019-01-17v2","purchased_purges":0,"victory":false,"max_hp_per_floor":[70,70,70,70,70,70,70,70,70,70,70,70,70,70],"card_choices":[{"not_picked":["Riddle With Holes","Cloak And Dagger"],"picked":"Deadly Poison","floor":1},{"not_picked":["Slice","Outmaneuver"],"picked":"Deflect","floor":4},{"not_picked":["Bouncing Flask","Dodge and Roll"],"picked":"Heel Hook","floor":6},{"not_picked":["Flying Knee","Cloak And Dagger+1"],"picked":"Terror+1","floor":10},{"not_picked":["Heel Hook","Dodge and Roll+1"],"picked":"Concentrate+1","floor":12},{"not_picked":["Calculated Gamble+1","Infinite Blades"],"picked":"Deadly Poison+1","floor":13}],"player_experience":124676,"relics_obtained":[{"floor":6,"key":"Orichalcum"},{"floor":9,"key":"Toxic Egg 2"},{"floor":10,"key":"Peace Pipe"},{"floor":13,"key":"Question Card"}],"event_choices":[{"damage_healed":0,"gold_gain":100,"player_choice":"Pray","damage_taken":0,"max_hp_gain":0,"max_hp_loss":0,"event_name":"Golden Shrine","floor":3,"gold_loss":0},{"damage_healed":0,"gold_gain":175,"player_choice":"AGREE","damage_taken":0,"max_hp_gain":0,"max_hp_loss":0,"event_name":"Liars Game","floor":5,"gold_loss":0,"cards_obtained":["Doubt"]},{"damage_healed":0,"gold_gain":0,"player_choice":"Searched \u00271\u0027 times","damage_taken":0,"max_hp_gain":0,"max_hp_loss":0,"event_name":"Dead Adventurer","floor":13,"gold_loss":0}],"is_beta":false,"boss_relics":[],"items_purged_floors":[],"is_endless":false,"potions_floor_spawned":[6],"killed_by":"Large Slime","ascension_level":1}