{"gold_per_floor":[112,129,149,168,178,178,178,178,178,211,136,156,169,187,187,265,265,265,265,265,265,265,265],"floor_reached":23,"playtime":1564,"items_purged":["Defend_R"],"score":342,"play_id":"3f738d0a-8bec-4871-bed5-1e194340a922","local_time":"20181102235242","is_ascension_mode":true,"campfire_choices":[{"data":"Perfected Strike","floor":6.0,"key":"SMITH"},{"data":"Wild Strike","floor":8.0,"key":"SMITH"},{"data":"Perfected Strike","floor":15,"key":"SMITH"}],"neow_cost":"TEN_PERCENT_HP_LOSS","seed_source_timestamp":28195792965457,"circlet_count":0,"master_deck":["AscendersBane","Strike_R","Strike_R","Strike_R","Strike_R","Strike_R+1","Defend_R","Defend_R","Defend_R","Bash","Blind","Secret Technique+1","Perfected Strike+1","Wild Strike+1","Evolve","Headbutt","Perfected Strike+1","Ghostly Armor","Double Tap","Shrug It Off","Seeing Red+1","Rage"],"special_seed":0,"relics":["Burning Blood","Kunai","Thread and Needle","Ectoplasm"],"potions_floor_usage":[10,16,22,23],"damage_taken":[{"damage":9.0,"enemies":"Jaw Worm","floor":1.0,"turns":5.0},{"damage":0.0,"enemies":"Small Slimes","floor":2.0,"turns":3.0},{"damage":2.0,"enemies":"Cultist","floor":3.0,"turns":4.0},{"damage":7.0,"enemies":"Blue Slaver","floor":4.0,"turns":4.0},{"damage":0.0,"enemies":"3 Louse","floor":5.0,"turns":1.0},{"damage":25,"enemies":"3 Sentries","floor":10,"turns":6},{"damage":0,"enemies":"Looter","floor":12,"turns":2},{"damage":13,"enemies":"Exordium Thugs","floor":13,"turns":4},{"damage":0,"enemies":"2 Fungi Beasts","floor":14,"turns":2},{"damage":22,"enemies":"Slime Boss","floor":16,"turns":10},{"damage":0,"enemies":"Spheric Guardian","floor":18,"turns":3},{"damage":0,"enemies":"Chosen","floor":19,"turns":3},{"damage":13,"enemies":"Snake Plant","floor":20,"turns":3},{"damage":19,"enemies":"Snecko","floor":21,"turns":4},{"damage":17,"enemies":"Centurion and Healer","floor":22,"turns":4},{"damage":53,"enemies":"Gremlin Leader","floor":23,"turns":4}],"seed_played":"3566749771724022084","potions_obtained":[{"floor":2.0,"key":"EssenceOfSteel"},{"floor":3.0,"key":"Explosive Potion"},{"floor":5.0,"key":"Explosive Potion"},{"floor":12,"key":"FearPotion"},{"floor":19,"key":"Regen Potion"},{"floor":20,"key":"Energy Potion"}],"is_trial":false,"path_per_floor":["M","M","M","M","M","R","?","R","T","E","$","M","M","M","R","B",null,"M","M","M","M","M","E"],"character_chosen":"IRONCLAD","items_purchased":[],"campfire_rested":0,"item_purchase_floors":[],"current_hp_per_floor":[65,68,68,67,68,68,54,54,54,35,35,41,34,40,40,24,57,63,68,61,48,37,0],"gold":265,"neow_bonus":"RANDOM_COLORLESS_2","is_prod":false,"is_daily":false,"chose_seed":false,"campfire_upgraded":3,"win_rate":0,"timestamp":1541199162,"path_taken":["M","M","M","M","M","R","?","R","T","E","$","M","M","M","R","BOSS","M","M","M","M","M","E"],"build_version":"2018-11-01","purchased_purges":1,"victory":false,"max_hp_per_floor":[68,68,68,68,68,68,68,68,68,68,68,68,68,68,68,68,68,68,68,68,68,68,68],"card_choices":[{"not_picked":["Clothesline","Flex","Fire Breathing"],"picked":"SKIP","floor":1.0},{"not_picked":["Clothesline","Flex","Fire Breathing"],"picked":"SKIP","floor":1.0},{"not_picked":["Anger","Heavy Blade"],"picked":"Perfected Strike","floor":2.0},{"not_picked":["Feel No Pain","Bloodletting"],"picked":"Wild Strike","floor":3.0},{"not_picked":["Body Slam","Power Through"],"picked":"Evolve","floor":4.0},{"not_picked":["Heavy Blade","Sword Boomerang","Armaments"],"picked":"SKIP","floor":5.0},{"not_picked":["Havoc","Sever Soul","Disarm"],"picked":"SKIP","floor":10},{"not_picked":["Carnage","Reaper"],"picked":"Headbutt","floor":12},{"not_picked":["Heavy Blade","Pummel"],"picked":"Perfected Strike","floor":13},{"not_picked":["Anger","Havoc"],"picked":"Ghostly Armor","floor":14},{"not_picked":["Berserk","Reaper"],"picked":"Double Tap","floor":16},{"not_picked":["Iron Wave","Rage"],"picked":"Shrug It Off","floor":18},{"not_picked":["Iron Wave","Warcry","Heavy Blade"],"picked":"SKIP","floor":19},{"not_picked":["Anger","Inflame","Infernal Blade"],"picked":"SKIP","floor":20},{"not_picked":["Rage","Flex"],"picked":"Seeing Red+1","floor":21},{"not_picked":["Feel No Pain","Reckless Charge"],"picked":"Rage","floor":22}],"player_experience":500904,"relics_obtained":[{"floor":9.0,"key":"Kunai"},{"floor":10,"key":"Thread and Needle"}],"event_choices":[{"damage_healed":0.0,"max_hp_gain":0.0,"max_hp_loss":0.0,"gold_gain":0.0,"event_name":"Shining Light","player_choice":"Entered Light","floor":7.0,"gold_loss":0.0,"damage_taken":14.0,"cards_upgraded":["Secret Technique","Strike_R"]}],"is_beta":false,"boss_relics":[{"not_picked":["Runic Pyramid","Empty Cage"],"picked":"Ectoplasm"}],"items_purged_floors":[11],"is_endless":false,"potions_floor_spawned":[2,3,5,12,19,20],"killed_by":"Gremlin Leader","ascension_level":14}