{"gold_per_floor":[117,117,131,25,25,356,356,389,427,496,508,538,550,579,591,676,688,712,741,771,783,795],"floor_reached":22,"playtime":633,"items_purged":[],"score":458,"play_id":"c1ccb6f8-c53d-4b66-87bd-235d16fc3025","local_time":"20190223005102","is_ascension_mode":true,"campfire_choices":[{"data":"Zap","floor":7.0,"key":"SMITH"},{"data":"Echo Form","floor":11.0,"key":"SMITH"},{"data":"Capacitor","floor":15.0,"key":"SMITH"}],"neow_cost":"NONE","seed_source_timestamp":37993868399400,"circlet_count":0,"master_deck":["AscendersBane","Strike_B","Strike_B","Strike_B","Strike_B","Defend_B","Defend_B","Defend_B","Defend_B","Zap+1","Dualcast","Ball Lightning","Conserve Battery","Self Repair","Conserve Battery","Echo Form+1","Echo Form","Capacitor+1","Buffer"],"special_seed":0,"relics":["Cracked Core","NeowsBlessing","Smiling Mask","Old Coin","MawBank","Bag of Preparation","Tiny Chest","Cursed Key","Enchiridion"],"potions_floor_usage":[],"damage_taken":[{"damage":0.0,"enemies":"2 Louse","floor":1.0,"turns":1.0},{"damage":0.0,"enemies":"Cultist","floor":3.0,"turns":1.0},{"damage":0.0,"enemies":"Gremlin Nob","floor":6.0,"turns":1.0},{"damage":13.0,"enemies":"Lagavulin","floor":8.0,"turns":6.0},{"damage":19.0,"enemies":"3 Sentries","floor":10.0,"turns":7.0},{"damage":4.0,"enemies":"Small Slimes","floor":12.0,"turns":3.0},{"damage":2.0,"enemies":"Red Slaver","floor":14.0,"turns":4.0},{"damage":46.0,"enemies":"Hexaghost","floor":16.0,"turns":11.0},{"damage":22.0,"enemies":"Spheric Guardian","floor":18.0,"turns":5.0},{"damage":1.0,"enemies":"Chosen","floor":19.0,"turns":5.0},{"damage":40.0,"enemies":"Snecko","floor":20.0,"turns":7.0},{"damage":28,"enemies":"Centurion and Healer","floor":22,"turns":2}],"seed_played":"-5403218765671112873","potions_obtained":[{"floor":3.0,"key":"Poison Potion"},{"floor":8.0,"key":"Block Potion"},{"floor":12.0,"key":"SkillPotion"},{"floor":13.0,"key":"EntropicBrew"},{"floor":16.0,"key":"PowerPotion"}],"is_trial":false,"path_per_floor":["M","?","M","$","T","E","R","E","T","E","R","M","?","M","R","B",null,"M","M","M","?","M"],"character_chosen":"DEFECT","items_purchased":["Self Repair","Conserve Battery"],"campfire_rested":0,"item_purchase_floors":[4,4],"current_hp_per_floor":[64,71,71,71,71,71,71,65,65,60,60,70,70,71,71,39,63,55,68,42,21,0],"gold":795,"neow_bonus":"THREE_ENEMY_KILL","is_prod":false,"is_daily":false,"chose_seed":false,"campfire_upgraded":3,"win_rate":0,"timestamp":1550875862,"path_taken":["M","?","?","$","?","E","R","E","T","E","R","M","?","?","R","BOSS","M","M","M","?","M"],"build_version":"2019-01-23","purchased_purges":0,"victory":false,"max_hp_per_floor":[71,71,71,71,71,71,71,71,71,71,71,71,71,71,71,71,71,71,71,71,71,71],"card_choices":[{"not_picked":["Reinforced Body","Stack"],"picked":"Ball Lightning","floor":1.0},{"not_picked":["Force Field","Sweeping Beam"],"picked":"Conserve Battery","floor":3.0},{"not_picked":["Lockon","Streamline"],"picked":"Echo Form","floor":6.0},{"not_picked":["Turbo","Multi-Cast"],"picked":"Echo Form","floor":8.0},{"not_picked":["Turbo","Steam","Conserve Battery"],"picked":"SKIP","floor":10.0},{"not_picked":["Consume","Steam","Compile Driver"],"picked":"SKIP","floor":12.0},{"not_picked":["Chill","Cold Snap"],"picked":"Capacitor","floor":14.0},{"not_picked":["Amplify","All For One"],"picked":"Buffer","floor":16.0},{"not_picked":["Turbo","Gash","Heatsinks"],"picked":"SKIP","floor":18.0},{"not_picked":["Steam","Redo","Turbo"],"picked":"SKIP","floor":19.0},{"not_picked":["Loop","Capacitor","Chaos"],"picked":"SKIP","floor":20.0}],"player_experience":894214,"relics_obtained":[{"floor":5.0,"key":"Smiling Mask"},{"floor":6.0,"key":"Old Coin"},{"floor":8.0,"key":"MawBank"},{"floor":9.0,"key":"Bag of Preparation"},{"floor":10.0,"key":"Tiny Chest"},{"floor":21.0,"key":"Enchiridion"}],"event_choices":[{"damage_healed":7.0,"max_hp_gain":0.0,"max_hp_loss":0.0,"gold_gain":0.0,"event_name":"Wheel of Change","player_choice":"Full Heal","floor":2.0,"gold_loss":0.0,"damage_taken":0.0},{"damage_healed":0.0,"max_hp_gain":0.0,"max_hp_loss":0.0,"gold_gain":0.0,"event_name":"Lab","player_choice":"Got Potions","floor":13.0,"gold_loss":0.0,"damage_taken":0.0},{"damage_healed":0.0,"max_hp_gain":0.0,"max_hp_loss":0.0,"gold_gain":0.0,"event_name":"Cursed Tome","player_choice":"Obtained Book","floor":21.0,"gold_loss":0.0,"damage_taken":21.0}],"is_beta":false,"boss_relics":[{"not_picked":["FrozenCore","Philosopher\u0027s Stone"],"picked":"Cursed Key"}],"items_purged_floors":[],"is_endless":false,"potions_floor_spawned":[3,8,12,16,18],"killed_by":"Centurion and Healer","ascension_level":20}