{"gold_per_floor":[134,209,209,234,9,9,39,39,39,39,54,69,84,99,99,199,199,214,10,25,55,55,55,70,85,135,135,165,180,180],"floor_reached":30,"playtime":1339,"items_purged":["Brutality"],"score":320,"play_id":"67315e6b-14c4-4875-a194-132e2249ae8f","local_time":"20190219102014","daily_mods":["Shiny","Colorless Cards","DeadlyEvents"],"is_ascension_mode":false,"campfire_choices":[{"data":"Apotheosis","floor":6,"key":"SMITH"},{"floor":8,"key":"REST"},{"data":"Barricade","floor":10,"key":"SMITH"},{"floor":15,"key":"REST"},{"floor":23,"key":"REST"},{"floor":27,"key":"REST"}],"neow_cost":"","seed_source_timestamp":0,"circlet_count":0,"master_deck":["Double Tap+1","Demon Form","Bludgeon+1","Feed","Limit Break","Barricade+1","Fiend Fire","Dark Embrace","Berserk","Impervious","Juggernaut","Reaper","Exhume+1","Offering","Immolate","Thinking Ahead","Metamorphosis","Master of Strategy","Magnetism","Chrysalis","Transmutation","HandOfGreed","Mayhem","Apotheosis+1","Secret Weapon","Panache","Violence","Secret Technique","The Bomb","Sadistic Nature","Shrug It Off","Dramatic Entrance","Evolve","Shrug It Off","True Grit+1","Body Slam","Seeing Red"],"special_seed":17946,"relics":["Burning Blood","Potion Belt","PreservedInsect","Smiling Mask","Ornamental Fan","Eternal Feather","Blood Vial","Boot","Happy Flower","Dream Catcher"],"potions_floor_usage":[7,16,28,28,28,30],"damage_taken":[{"damage":5,"enemies":"2 Louse","floor":1,"turns":2},{"damage":20,"enemies":"Gremlin Nob","floor":7,"turns":3},{"damage":8,"enemies":"Small Slimes","floor":11,"turns":3},{"damage":9,"enemies":"Jaw Worm","floor":12,"turns":2},{"damage":42,"enemies":"Gremlin Gang","floor":13,"turns":3},{"damage":16,"enemies":"3 Louse","floor":14,"turns":3},{"damage":32,"enemies":"The Guardian","floor":16,"turns":6},{"damage":36,"enemies":"3 Byrds","floor":18,"turns":3},{"damage":19,"enemies":"Chosen","floor":20,"turns":6},{"damage":55,"enemies":"Slavers","floor":21,"turns":4},{"damage":33,"enemies":"Sentry and Sphere","floor":24,"turns":9},{"damage":26,"enemies":"Snake Plant","floor":25,"turns":4},{"damage":23,"enemies":"Gremlin Leader","floor":28,"turns":7},{"damage":35,"enemies":"Shelled Parasite and Fungi","floor":29,"turns":6},{"damage":24,"enemies":"Centurion and Healer","floor":30,"turns":3}],"seed_played":"6153314336027530073","potions_obtained":[{"floor":1,"key":"Swift Potion"},{"floor":11,"key":"Fruit Juice"},{"floor":16,"key":"SteroidPotion"},{"floor":20,"key":"Swift Potion"},{"floor":24,"key":"Swift Potion"},{"floor":25,"key":"AttackPotion"},{"floor":28,"key":"Weak Potion"}],"is_trial":false,"path_per_floor":["M","?","?","T","$","R","E","R","T","R","M","M","M","M","R","B",null,"M","$","M","E","?","R","M","M","T","R","E","M","M"],"character_chosen":"IRONCLAD","items_purchased":["PreservedInsect","Shrug It Off","Blood Vial"],"campfire_rested":4,"item_purchase_floors":[5,19,19],"current_hp_per_floor":[80,69,53,53,53,53,43,68,68,68,70,67,31,24,51,30,96,66,66,55,8,8,57,32,14,14,63,48,21,0],"gold":180,"neow_bonus":"","is_prod":false,"is_daily":true,"chose_seed":false,"campfire_upgraded":2,"win_rate":0,"timestamp":1550589614,"path_taken":["M","?","?","?","$","R","E","R","T","R","M","M","M","M","R","BOSS","M","$","?","?","?","R","M","M","T","R","?","M","?"],"build_version":"2019-01-23","purchased_purges":1,"victory":false,"max_hp_per_floor":[80,80,80,80,80,80,84,84,84,84,88,88,88,91,91,96,96,96,96,96,96,96,96,96,96,96,96,96,96,96],"card_choices":[{"not_picked":["Flash of Steel","Dual Wield"],"picked":"Shrug It Off","floor":1},{"not_picked":["The Bomb","Anger","Wild Strike"],"picked":"SKIP","floor":7},{"not_picked":["Clash","Cleave","Havoc"],"picked":"SKIP","floor":11},{"not_picked":["Wild Strike","Pommel Strike","Headbutt"],"picked":"SKIP","floor":12},{"not_picked":["Headbutt","Sword Boomerang"],"picked":"Dramatic Entrance","floor":13},{"not_picked":["Dramatic Entrance","Inflame","Forethought"],"picked":"SKIP","floor":14},{"not_picked":["Panacea","Twin Strike"],"picked":"Evolve","floor":18},{"not_picked":["Uppercut","Havoc+1"],"picked":"True Grit+1","floor":20},{"not_picked":["Deep Breath+1","Blind","Whirlwind"],"picked":"SKIP","floor":21},{"not_picked":["Havoc","Twin Strike","Combust+1"],"picked":"SKIP","floor":24},{"not_picked":["Armaments","Heavy Blade","Anger"],"picked":"SKIP","floor":25},{"not_picked":["Dropkick","Power Through"],"picked":"Body Slam","floor":28},{"not_picked":["Intimidate","Impervious"],"picked":"Seeing Red","floor":29}],"player_experience":544392,"relics_obtained":[{"floor":4,"key":"Potion Belt"},{"floor":7,"key":"Smiling Mask"},{"floor":9,"key":"Ornamental Fan"},{"floor":21,"key":"Boot"},{"floor":26,"key":"Happy Flower"},{"floor":28,"key":"Dream Catcher"}],"event_choices":[{"damage_healed":0,"gold_gain":75,"player_choice":"Gather Gold","damage_taken":11,"max_hp_gain":0,"max_hp_loss":0,"event_name":"World of Goop","floor":2,"gold_loss":0},{"damage_healed":0,"gold_gain":0,"player_choice":"Entered Light","damage_taken":16,"max_hp_gain":0,"max_hp_loss":0,"event_name":"Shining Light","floor":3,"gold_loss":0,"cards_upgraded":["Bludgeon","Double Tap"]},{"damage_healed":0,"gold_gain":0,"player_choice":"Forge","damage_taken":0,"max_hp_gain":0,"max_hp_loss":0,"event_name":"Accursed Blacksmith","floor":22,"gold_loss":0,"cards_upgraded":["Exhume"]}],"is_beta":false,"boss_relics":[{"not_picked":["Velvet Choker","Tiny House"],"picked":"Eternal Feather"}],"items_purged_floors":[5],"is_endless":false,"potions_floor_spawned":[1,11,16,20,24,25,28],"killed_by":"Centurion and Healer","ascension_level":0}