{"gold_per_floor":[117,133,133,133,147,147,160,192,273,273,348,348,374,374,374,374],"floor_reached":16,"playtime":926,"items_purged":[],"score":173,"play_id":"32dbba2e-6833-4ec9-ad78-1ae4f84db7b8","local_time":"20180725163438","is_ascension_mode":true,"campfire_choices":[{"data":"Concentrate","floor":6,"key":"SMITH"},{"data":"Masterful Stab","floor":10,"key":"SMITH"},{"data":"Survivor","floor":12,"key":"SMITH"},{"data":"Defend_G","floor":15,"key":"SMITH"}],"neow_cost":"TEN_PERCENT_HP_LOSS","seed_source_timestamp":100647137781368,"circlet_count":0,"master_deck":["Defend_G","Defend_G","Defend_G","Defend_G","Defend_G+1","Strike_G","Strike_G","Strike_G","Strike_G","Survivor+1","Neutralize","Concentrate+1","Masterful Stab+1","Acrobatics","Terror","Reflex","Dagger Throw"],"relics":["Ring of the Snake","Tingsha","Dream Catcher","Potion Belt","Kunai","Dodecahedron"],"potions_floor_usage":[8,16,16],"damage_taken":[{"damage":0,"enemies":"Cultist","floor":1,"turns":3},{"damage":0,"enemies":"2 Louse","floor":2,"turns":3},{"damage":0,"enemies":"Jaw Worm","floor":5,"turns":3},{"damage":0,"enemies":"Looter","floor":7,"turns":2},{"damage":0,"enemies":"Gremlin Nob","floor":8,"turns":2},{"damage":16,"enemies":"Lagavulin","floor":13,"turns":6},{"damage":34,"enemies":"Hexaghost","floor":16,"turns":11}],"seed_played":"-4853502855029403456","potions_obtained":[{"floor":1,"key":"Ancient Potion"},{"floor":2,"key":"Dexterity Potion"},{"floor":7,"key":"Fire Potion"}],"is_trial":false,"path_per_floor":["M","M","T","?","M","R","M","E","T","R","?","R","E","?","R"],"character_chosen":"THE_SILENT","items_purchased":[],"campfire_rested":0,"item_purchase_floors":[],"current_hp_per_floor":[63,63,63,56,56,56,56,56,56,56,45,45,29,34,34,0],"gold":374,"neow_bonus":"ONE_RARE_RELIC","is_prod":false,"is_daily":false,"chose_seed":false,"campfire_upgraded":4,"win_rate":0,"timestamp":1532529278,"path_taken":["M","M","?","?","M","R","M","E","T","R","?","R","E","?","R","BOSS"],"build_version":"2018-07-19v2","purchased_purges":0,"victory":false,"max_hp_per_floor":[63,63,63,63,63,63,63,63,63,63,63,63,63,68,68,68],"card_choices":[{"not_picked":["Poisoned Stab","Slice"],"picked":"Concentrate","floor":1},{"not_picked":["Setup","Bane"],"picked":"Masterful Stab","floor":2},{"not_picked":["Escape Plan","Sucker Punch"],"picked":"Acrobatics","floor":5},{"not_picked":["Cloak And Dagger","Venomology"],"picked":"Terror","floor":7},{"not_picked":["Dagger Throw","Heel Hook"],"picked":"Reflex","floor":8},{"not_picked":["Choke","Doppelganger"],"picked":"Dagger Throw","floor":13}],"player_experience":214214,"relics_obtained":[{"floor":3,"key":"Dream Catcher"},{"floor":8,"key":"Potion Belt"},{"floor":9,"key":"Kunai"},{"floor":13,"key":"Dodecahedron"}],"event_choices":[{"event_name":"Golden Wing","player_choice":"Card Removal","floor":4,"damage_taken":0},{"event_name":"World of Goop","player_choice":"Gather Gold","floor":11,"damage_taken":0},{"event_name":"Big Fish","player_choice":"Donut","floor":14,"damage_taken":0}],"is_beta":false,"boss_relics":[],"items_purged_floors":[],"is_endless":false,"potions_floor_spawned":[1,2,7],"killed_by":"Hexaghost","ascension_level":6}