{"gold_per_floor":[16,16,29,29,29,63,63,79,79,79,114,129,156,171,171,274,274,288,308,308,323,323,323,323],"floor_reached":24,"playtime":2427,"items_purged":[],"score":281,"play_id":"dca6c8d0-af2d-4058-a325-53cdb73cdba1","local_time":"20180726113004","is_ascension_mode":true,"campfire_choices":[{"floor":7.0,"key":"REST"},{"data":"Streamline","floor":15,"key":"SMITH"},{"data":"Seek","floor":23,"key":"SMITH"}],"neow_cost":"NO_GOLD","seed_source_timestamp":0,"circlet_count":0,"master_deck":["Strike_B","Defend_B","Defend_B","Defend_B","Defend_B","Zap","Dualcast","Streamline+1","Tempest","Rebound","Coolheaded","Zap","Leap","Genetic Algorithm","Self Repair","Coolheaded","Seek+1","Gash","Undo","Beam Cell+1","Gash"],"special_seed":0,"relics":["Cracked Core","Sundial","Letter Opener","Pen Nib","Happy Flower","Pear","Empty Cage","Symbiotic Virus"],"potions_floor_usage":[16,19,21,24],"damage_taken":[{"damage":2.0,"enemies":"2 Louse","floor":1.0,"turns":2.0},{"damage":1.0,"enemies":"Cultist","floor":3.0,"turns":3.0},{"damage":16.0,"enemies":"Gremlin Nob","floor":6.0,"turns":3.0},{"damage":7.0,"enemies":"Small Slimes","floor":8.0,"turns":2.0},{"damage":13.0,"enemies":"3 Sentries","floor":11.0,"turns":5.0},{"damage":1.0,"enemies":"2 Fungi Beasts","floor":12.0,"turns":3.0},{"damage":18.0,"enemies":"Gremlin Nob","floor":13.0,"turns":3.0},{"damage":1.0,"enemies":"Looter","floor":14.0,"turns":4.0},{"damage":33,"enemies":"The Guardian","floor":16,"turns":10},{"damage":0,"enemies":"Chosen","floor":18,"turns":4},{"damage":0,"enemies":"Spheric Guardian","floor":19,"turns":3},{"damage":20,"enemies":"3 Cultists","floor":21,"turns":6},{"damage":49,"enemies":"Slavers","floor":24,"turns":6}],"seed_played":"-1494347479818596895","potions_obtained":[{"floor":3.0,"key":"FocusPotion"},{"floor":6.0,"key":"AttackPotion"},{"floor":8.0,"key":"FearPotion"},{"floor":14.0,"key":"FearPotion"},{"floor":16,"key":"AttackPotion"},{"floor":21,"key":"Weak Potion"}],"is_trial":false,"path_per_floor":["M","$","M","?","?","E","R","M","T","?","E","M","E","M","R","B",null,"M","M","T","M","?","R"],"character_chosen":"DEFECT","items_purchased":[],"campfire_rested":1,"item_purchase_floors":[],"current_hp_per_floor":[66,66,65,65,65,49,71,64,64,64,51,50,42,48,48,22,69,69,76,76,63,63,63,14],"gold":323,"neow_bonus":"ONE_RARE_RELIC","is_prod":false,"is_daily":false,"chose_seed":false,"campfire_upgraded":2,"win_rate":0,"timestamp":1532597404,"path_taken":["M","$","M","?","?","E","R","M","T","?","E","?","E","M","R","BOSS","M","?","?","M","?","R","E"],"build_version":"2018-07-19v2","purchased_purges":0,"victory":false,"max_hp_per_floor":[75,75,75,75,75,75,75,75,75,75,75,75,85,85,85,85,85,85,85,85,85,85,85,85],"card_choices":[{"not_picked":["Steam","Chaos"],"picked":"Streamline","floor":1.0},{"not_picked":["Conserve Battery","Steam"],"picked":"Tempest","floor":3.0},{"not_picked":["Beam Cell","Coolheaded","Rebound"],"picked":"SKIP","floor":6.0},{"not_picked":["Beam Cell","Coolheaded"],"picked":"Rebound","floor":6.0},{"not_picked":["Hyperbeam","Conserve Battery"],"picked":"Coolheaded","floor":8.0},{"not_picked":["Fission","Melter"],"picked":"Leap","floor":11.0},{"not_picked":["Glacier","Conserve Battery"],"picked":"Genetic Algorithm","floor":12.0},{"not_picked":["Defragment","Fission"],"picked":"Self Repair","floor":13.0},{"not_picked":["Go for the Eyes","Steam Power"],"picked":"Coolheaded","floor":14.0},{"not_picked":["Meteor Strike","Biased Cognition"],"picked":"Seek","floor":16},{"not_picked":["Double Energy+1","Sweeping Beam"],"picked":"Gash","floor":18},{"not_picked":["Cold Snap+1","Turbo+1"],"picked":"Undo","floor":19},{"not_picked":["Steam Power","Conserve Battery"],"picked":"Beam Cell+1","floor":21}],"player_experience":215140,"relics_obtained":[{"floor":6.0,"key":"Letter Opener"},{"floor":9.0,"key":"Pen Nib"},{"floor":11.0,"key":"Happy Flower"},{"floor":13.0,"key":"Pear"},{"floor":20,"key":"Symbiotic Virus"}],"event_choices":[{"event_name":"Purifier","player_choice":"One Purge","floor":4.0,"damage_taken":0.0},{"event_name":"The Cleric","player_choice":"Leave","floor":5.0,"damage_taken":0.0},{"event_name":"Match and Keep!","player_choice":"1 cards matched","floor":10.0,"damage_taken":0.0},{"event_name":"Duplicator","player_choice":"One dupe","floor":22,"damage_taken":0}],"is_beta":false,"boss_relics":[{"not_picked":["Philosopher\u0027s Stone","Velvet Choker"],"picked":"Empty Cage"}],"items_purged_floors":[],"is_endless":false,"potions_floor_spawned":[3,6,8,14,16,18,21],"killed_by":"Slavers","ascension_level":6}