{"gold_per_floor":[110,110,126,126,139,139,163,203,254,270,291,309,309,71,71,190,190,206,131,131,144,169,169,243,243,243,243,264,164,164,189,189,308,371,391,391,416,429,113,113,126,0,0,0,23,23],"floor_reached":46,"playtime":2847,"items_purged":["Strike_B","Defend_B","Defend_B"],"score":444,"play_id":"f52db37d-5573-4e4d-aa7f-c6b205ae237f","local_time":"20190125222343","is_ascension_mode":false,"campfire_choices":[{"data":"1","floor":6,"key":"LIFT"},{"floor":15,"key":"REST"},{"data":"2","floor":23,"key":"LIFT"},{"data":"3","floor":25,"key":"LIFT"},{"data":"Conserve Battery","floor":30,"key":"SMITH"},{"floor":32,"key":"REST"},{"floor":40,"key":"REST"}],"neow_cost":"PERCENT_DAMAGE","seed_source_timestamp":556616339677681,"circlet_count":0,"master_deck":["Strike_B+1","Strike_B","Strike_B","Defend_B","Zap","Dualcast","Leap","Beam Cell","Sweeping Beam","Cold Snap","Conserve Battery+1","Beam Cell","Rip and Tear","Conserve Battery","Gash","Gash","Seek","Hyperbeam","Parasite","Apotheosis"],"relics":["Cracked Core","Girya","Golden Idol","Dodecahedron","Ancient Tea Set","PreservedInsect","Shuriken","Orrery","Tiny Chest","StoneCalendar","Tiny House","Gremlin Horn","Red Mask","Molten Egg 2"],"potions_floor_usage":[8,16,16,22,33,38],"damage_taken":[{"damage":7,"enemies":"Jaw Worm","floor":1,"turns":4},{"damage":0,"enemies":"Small Slimes","floor":3,"turns":3},{"damage":0,"enemies":"2 Louse","floor":5,"turns":2},{"damage":0,"enemies":"Large Slime","floor":7,"turns":4},{"damage":8,"enemies":"3 Sentries","floor":8,"turns":6},{"damage":0,"enemies":"Exordium Thugs","floor":10,"turns":5},{"damage":0,"enemies":"Blue Slaver","floor":11,"turns":3},{"damage":0,"enemies":"Looter","floor":12,"turns":2},{"damage":27,"enemies":"The Guardian","floor":16,"turns":11},{"damage":16,"enemies":"2 Thieves","floor":18,"turns":4},{"damage":0,"enemies":"Chosen","floor":21,"turns":3},{"damage":16,"enemies":"Snake Plant","floor":22,"turns":4},{"damage":17,"enemies":"Book of Stabbing","floor":24,"turns":4},{"damage":6,"enemies":"Snecko","floor":28,"turns":5},{"damage":6,"enemies":"Shelled Parasite and Fungi","floor":31,"turns":3},{"damage":12,"enemies":"Champ","floor":33,"turns":7},{"damage":2,"enemies":"3 Shapes","floor":35,"turns":2},{"damage":6,"enemies":"Orb Walker","floor":37,"turns":2},{"damage":73,"enemies":"Writhing Mass","floor":38,"turns":6},{"damage":19,"enemies":"Maw","floor":41,"turns":6},{"damage":11,"enemies":"4 Shapes","floor":45,"turns":3},{"damage":20,"enemies":"Sphere and 2 Shapes","floor":46,"turns":3}],"seed_played":"204422817317699727","potions_obtained":[{"floor":3,"key":"Swift Potion"},{"floor":5,"key":"Fire Potion"},{"floor":10,"key":"FairyPotion"},{"floor":11,"key":"SpeedPotion"},{"floor":21,"key":"Explosive Potion"},{"floor":31,"key":"Swift Potion"},{"floor":33,"key":"Dexterity Potion"},{"floor":34,"key":"FairyPotion"},{"floor":37,"key":"PowerPotion"},{"floor":41,"key":"Dexterity Potion"}],"is_trial":false,"path_per_floor":["M","?","M","?","M","R","M","E","T","M","M","M","?","$","R","B",null,"M","$","?","M","M","R","E","R","T","?","M","$","R","M","R","B",null,"M","T","M","M","$","R","M","?","T","?","M","M"],"character_chosen":"DEFECT","items_purchased":["Shuriken","Apotheosis"],"campfire_rested":3,"item_purchase_floors":[14,39],"current_hp_per_floor":[47,29,29,29,29,29,29,21,21,21,21,21,18,18,40,13,75,59,59,59,59,43,43,26,26,26,26,20,20,20,14,36,24,80,78,78,72,8,8,32,13,13,13,13,2,0],"gold":23,"neow_bonus":"ONE_RARE_RELIC","is_prod":false,"is_daily":false,"chose_seed":false,"campfire_upgraded":1,"win_rate":0.0,"timestamp":1548451423,"path_taken":["M","?","M","?","M","R","M","E","T","M","M","M","?","$","R","BOSS","M","$","?","M","M","R","E","R","T","?","M","$","R","M","R","BOSS","M","?","M","M","$","R","M","?","T","?","M","M"],"build_version":"2019-01-23","purchased_purges":3,"victory":false,"max_hp_per_floor":[75,75,75,75,75,75,75,75,75,75,75,75,75,75,75,75,75,75,75,75,75,75,75,75,75,75,75,75,75,75,75,75,75,80,80,80,80,80,80,80,80,80,80,80,80,80],"card_choices":[{"not_picked":["Redo","Steam"],"picked":"Leap","floor":1},{"not_picked":["Skim","Glacier"],"picked":"Beam Cell","floor":3},{"not_picked":["Chaos","Barrage"],"picked":"Sweeping Beam","floor":5},{"not_picked":["Steam","Recycle","Heatsinks"],"picked":"SKIP","floor":7},{"not_picked":["Blizzard","Recycle"],"picked":"Cold Snap","floor":8},{"not_picked":["Rebound","Chaos"],"picked":"Conserve Battery","floor":10},{"not_picked":["Loop","White Noise","Heatsinks"],"picked":"SKIP","floor":11},{"not_picked":["Fusion","Compile Driver"],"picked":"Beam Cell","floor":12},{"not_picked":["Redo","Coolheaded"],"picked":"Rip and Tear","floor":17},{"not_picked":["Rip and Tear","Recycle"],"picked":"Conserve Battery","floor":17},{"not_picked":["Beam Cell","Leap"],"picked":"Gash","floor":17},{"not_picked":["Beam Cell","Undo+1"],"picked":"Gash","floor":18},{"not_picked":["Ball Lightning","Darkness"],"picked":"Seek","floor":21},{"not_picked":["Barrage","Rip and Tear+1","Capacitor"],"picked":"SKIP","floor":22},{"not_picked":["Coolheaded+1","Hello World","Beam Cell"],"picked":"SKIP","floor":24},{"not_picked":["Sweeping Beam","Gash","Steam Power+1"],"picked":"SKIP","floor":28},{"not_picked":["Stack","Streamline+1","Beam Cell+1"],"picked":"SKIP","floor":31},{"not_picked":["Electrodynamics","Reboot"],"picked":"Hyperbeam","floor":33},{"not_picked":["Force Field+1","Ball Lightning+1","Consume"],"picked":"SKIP","floor":35},{"not_picked":["Coolheaded","Rainbow","Steam"],"picked":"SKIP","floor":37},{"not_picked":["Hologram","Storm","Leap+1"],"picked":"SKIP","floor":38},{"not_picked":["Amplify","Skim","Streamline"],"picked":"SKIP","floor":41},{"not_picked":["Conserve Battery+1","Heatsinks","Turbo+1"],"picked":"SKIP","floor":45}],"player_experience":74089,"relics_obtained":[{"floor":8,"key":"Dodecahedron"},{"floor":9,"key":"Ancient Tea Set"},{"floor":24,"key":"Tiny Chest"},{"floor":26,"key":"StoneCalendar"},{"floor":36,"key":"Gremlin Horn"},{"floor":43,"key":"Molten Egg 2"}],"event_choices":[{"damage_healed":0,"gold_gain":0,"player_choice":"Take Damage","damage_taken":18,"relics_obtained":["Golden Idol"],"max_hp_gain":0,"max_hp_loss":0,"event_name":"Golden Idol","floor":2,"gold_loss":0},{"cards_removed":["Defend_B"],"damage_healed":0,"gold_gain":0,"player_choice":"Forget","damage_taken":0,"max_hp_gain":0,"max_hp_loss":0,"event_name":"Living Wall","floor":4,"gold_loss":0},{"damage_healed":0,"gold_gain":0,"player_choice":"Success","damage_taken":3,"relics_obtained":["PreservedInsect"],"max_hp_gain":0,"max_hp_loss":0,"event_name":"Scrap Ooze","floor":13,"gold_loss":0},{"damage_healed":0,"gold_gain":0,"player_choice":"Ignored","damage_taken":0,"max_hp_gain":0,"max_hp_loss":0,"event_name":"Ghosts","floor":20,"gold_loss":0},{"damage_healed":0,"gold_gain":0,"player_choice":"Ignored","damage_taken":0,"max_hp_gain":0,"max_hp_loss":0,"event_name":"NoteForYourself","floor":27,"gold_loss":0},{"damage_healed":0,"gold_gain":0,"player_choice":"Paid","damage_taken":0,"relics_obtained":["Red Mask"],"max_hp_gain":0,"max_hp_loss":0,"event_name":"Tomb of Lord Red Mask","floor":42,"gold_loss":126},{"damage_healed":0,"gold_gain":0,"player_choice":"Ignored","damage_taken":0,"max_hp_gain":0,"max_hp_loss":0,"event_name":"Mysterious Sphere","floor":44,"gold_loss":0}],"is_beta":false,"boss_relics":[{"not_picked":["Coffee Dripper","Astrolabe"],"picked":"Orrery"},{"not_picked":["Snecko Eye","Runic Dome"],"picked":"Tiny House"}],"items_purged_floors":[19,29,39],"is_endless":false,"potions_floor_spawned":[3,5,10,11,12,21,31,33,37,41],"killed_by":"Sphere and 2 Shapes","ascension_level":0}