{"gold_per_floor":[112,112,30,47,47,47,72,87,87,98,64,82,82,97,97,192,192],"floor_reached":17,"playtime":346,"items_purged":[],"score":182,"play_id":"66eaedf2-c73b-48fa-8dc4-07e523a1c959","local_time":"20190223174244","is_ascension_mode":false,"campfire_choices":[{"data":"Reinforced Body","floor":6,"key":"SMITH"},{"data":"Defragment","floor":13,"key":"SMITH"},{"data":"Hologram","floor":15,"key":"SMITH"}],"neow_cost":"NONE","seed_source_timestamp":257299874615617,"circlet_count":0,"master_deck":["Strike_B","Defend_B","Defend_B","Defend_B","Defend_B","Zap+1","Dualcast","Conserve Battery","White Noise","Reinforced Body+1","Double Energy","Ball Lightning","Defragment+1","Cold Snap","Hologram+1","Seek","Lockon+1","Static Discharge+1","Hologram+1"],"relics":["Cracked Core","NeowsBlessing","CultistMask","Calipers","Astrolabe"],"potions_floor_usage":[16],"damage_taken":[{"damage":0,"enemies":"2 Louse","floor":1,"turns":1},{"damage":0,"enemies":"Cultist","floor":4,"turns":1},{"damage":0,"enemies":"Lagavulin","floor":7,"turns":1},{"damage":2,"enemies":"Small Slimes","floor":8,"turns":4},{"damage":14,"enemies":"Gremlin Gang","floor":10,"turns":5},{"damage":0,"enemies":"3 Louse","floor":12,"turns":4},{"damage":3,"enemies":"Blue Slaver","floor":14,"turns":3},{"damage":26,"enemies":"The Guardian","floor":16,"turns":9}],"seed_played":"569832055144872077","potions_obtained":[{"floor":1,"key":"Poison Potion"},{"floor":7,"key":"LiquidBronze"},{"floor":12,"key":"PowerPotion"},{"floor":14,"key":"Strength Potion"}],"is_trial":false,"path_per_floor":["M","?","$","M","?","R","E","M","T","M","$","M","R","M","R","B",null],"character_chosen":"DEFECT","items_purchased":["White Noise","Defragment"],"campfire_rested":0,"item_purchase_floors":[3,11],"current_hp_per_floor":[75,75,75,75,75,75,75,73,73,59,59,59,59,56,56,30,75],"gold":192,"neow_bonus":"THREE_ENEMY_KILL","is_prod":false,"is_daily":false,"chose_seed":false,"campfire_upgraded":3,"win_rate":0,"timestamp":1550904164,"path_taken":["M","?","$","?","?","R","E","M","T","M","$","?","R","M","R","BOSS"],"build_version":"2019-01-23","purchased_purges":0,"victory":false,"max_hp_per_floor":[75,75,75,75,75,75,75,75,75,75,75,75,75,75,75,75,75],"card_choices":[{"not_picked":["Barrage","Static Discharge"],"picked":"Conserve Battery","floor":1},{"not_picked":["Leap","Fusion"],"picked":"Reinforced Body","floor":4},{"not_picked":["Hello World","Turbo","Chaos"],"picked":"SKIP","floor":7},{"not_picked":["Hello World","Lockon"],"picked":"Double Energy","floor":8},{"not_picked":["Go for the Eyes","Stack"],"picked":"Ball Lightning","floor":10},{"not_picked":["Beam Cell","Leap"],"picked":"Cold Snap","floor":12},{"not_picked":["Go for the Eyes","Turbo"],"picked":"Hologram","floor":14},{"not_picked":["Meteor Strike","Machine Learning"],"picked":"Seek","floor":16}],"player_experience":390359,"relics_obtained":[{"floor":7,"key":"Calipers"}],"event_choices":[{"damage_healed":0,"gold_gain":0,"player_choice":"Upgraded","damage_taken":0,"max_hp_gain":0,"max_hp_loss":0,"event_name":"Upgrade Shrine","floor":2,"gold_loss":0,"cards_upgraded":["Zap"]},{"damage_healed":0,"gold_gain":0,"player_choice":"Trade","damage_taken":0,"relics_obtained":["CultistMask"],"max_hp_gain":0,"max_hp_loss":0,"event_name":"FaceTrader","floor":5,"gold_loss":0}],"is_beta":false,"boss_relics":[{"not_picked":["Runic Dome","Calling Bell"],"picked":"Astrolabe"}],"items_purged_floors":[],"is_endless":false,"potions_floor_spawned":[1,7,12,14],"ascension_level":0}