{"gold_per_floor":[112,65,15,27,37,37,37,50,50,60,89,89,99,116,116,213,213,229,229,246,259,184,184,184,184,184,210,230,230,130,140,140,140],"floor_reached":33,"playtime":4042,"items_purged":["Defend_R","Strike_R"],"score":269,"play_id":"8e728021-5760-494a-9b62-314e6910b7d8","local_time":"20190127151336","is_ascension_mode":false,"campfire_choices":[{"data":"Uppercut","floor":6,"key":"SMITH"},{"data":"Flame Barrier","floor":12,"key":"SMITH"},{"data":"Shrug It Off","floor":15,"key":"SMITH"},{"data":"Entrench","floor":23,"key":"SMITH"},{"floor":25,"key":"REST"},{"data":"Reaper","floor":29,"key":"SMITH"},{"data":"Offering","floor":32,"key":"SMITH"}],"neow_cost":"NONE","seed_source_timestamp":702431351824980,"circlet_count":0,"master_deck":["Strike_R","Strike_R","Defend_R","Defend_R","Bash","Flame Barrier+1","Shrug It Off+1","Uppercut+1","Offering+1","Armaments+1","Shrug It Off","Entrench+1","Inflame+1","Reaper+1"],"relics":["Burning Blood","Mummified Hand","Charon\u0027s Ashes","Runic Cube","Question Card","Red Skull"],"potions_floor_usage":[11,20,20,27,27,33,33],"damage_taken":[{"damage":6,"enemies":"Small Slimes","floor":1,"turns":3},{"damage":0,"enemies":"Cultist","floor":4,"turns":5},{"damage":0,"enemies":"2 Louse","floor":5,"turns":3},{"damage":8,"enemies":"Lots of Slimes","floor":8,"turns":7},{"damage":4,"enemies":"Red Slaver","floor":10,"turns":3},{"damage":16,"enemies":"3 Sentries","floor":11,"turns":11},{"damage":13,"enemies":"Large Slime","floor":13,"turns":7},{"damage":0,"enemies":"Looter","floor":14,"turns":4},{"damage":39,"enemies":"The Guardian","floor":16,"turns":15},{"damage":22,"enemies":"Spheric Guardian","floor":18,"turns":9},{"damage":17,"enemies":"2 Thieves","floor":20,"turns":5},{"damage":20,"enemies":"Centurion and Healer","floor":21,"turns":12},{"damage":23,"enemies":"Slavers","floor":27,"turns":6},{"damage":6,"enemies":"Snecko","floor":28,"turns":3},{"damage":6,"enemies":"Snake Plant","floor":31,"turns":3},{"damage":85,"enemies":"Automaton","floor":33,"turns":12}],"seed_played":"3341111919363609484","potions_obtained":[{"floor":1,"key":"AttackPotion"},{"floor":11,"key":"Explosive Potion"},{"floor":13,"key":"GamblersBrew"},{"floor":16,"key":"Regen Potion"},{"floor":21,"key":"AttackPotion"},{"floor":27,"key":"PowerPotion"},{"floor":28,"key":"EssenceOfSteel"}],"is_trial":false,"path_per_floor":["M","$","?","M","M","R","?","M","T","M","E","R","M","M","R","B",null,"M","?","M","M","$","R","?","R","T","E","M","R","$","M","R","B"],"character_chosen":"IRONCLAD","items_purchased":["Shrug It Off"],"campfire_rested":1,"item_purchase_floors":[2],"current_hp_per_floor":[80,80,80,80,80,80,80,78,78,80,70,70,63,69,69,36,80,64,64,67,53,53,53,37,61,61,44,44,44,44,54,54,0],"gold":140,"neow_bonus":"REMOVE_CARD","is_prod":false,"is_daily":false,"chose_seed":false,"campfire_upgraded":6,"win_rate":0.0,"timestamp":1548598416,"path_taken":["M","$","?","M","M","R","?","M","T","M","E","R","M","M","R","BOSS","M","?","M","M","?","R","?","R","T","E","M","R","$","M","R","BOSS"],"build_version":"2019-01-23","purchased_purges":2,"victory":false,"max_hp_per_floor":[80,80,80,80,80,80,80,80,80,80,80,80,80,80,80,80,80,80,80,80,80,80,80,80,80,80,80,80,80,80,80,80,80],"card_choices":[{"not_picked":["Dropkick","Headbutt"],"picked":"Flame Barrier","floor":1},{"not_picked":["Pommel Strike","Heavy Blade"],"picked":"Uppercut","floor":4},{"not_picked":["Headbutt","True Grit","Heavy Blade"],"picked":"SKIP","floor":5},{"not_picked":["Cleave","Wild Strike","Combust"],"picked":"SKIP","floor":8},{"not_picked":["Clash","Infernal Blade","Clothesline"],"picked":"SKIP","floor":10},{"not_picked":["Headbutt","Clothesline","Dual Wield"],"picked":"SKIP","floor":11},{"not_picked":["Dual Wield","Clothesline","Clash"],"picked":"SKIP","floor":13},{"not_picked":["Blood for Blood","True Grit","Iron Wave"],"picked":"SKIP","floor":14},{"not_picked":["Feed","Double Tap"],"picked":"Offering","floor":16},{"not_picked":["Sword Boomerang","Flex"],"picked":"Armaments","floor":18},{"not_picked":["Twin Strike","Sword Boomerang"],"picked":"Shrug It Off","floor":20},{"not_picked":["Anger","Thunderclap"],"picked":"Entrench","floor":21},{"not_picked":["Second Wind","Blood for Blood","Heavy Blade"],"picked":"Inflame+1","floor":27},{"not_picked":["Pommel Strike","Seeing Red","Shrug It Off"],"picked":"Reaper","floor":28},{"not_picked":["Evolve","Headbutt","Corruption","Twin Strike"],"picked":"SKIP","floor":31}],"player_experience":115034,"relics_obtained":[{"floor":9,"key":"Mummified Hand"},{"floor":11,"key":"Charon\u0027s Ashes"},{"floor":26,"key":"Question Card"},{"floor":27,"key":"Red Skull"}],"event_choices":[{"cards_removed":["Strike_R"],"damage_healed":0,"gold_gain":0,"player_choice":"Card Removal","damage_taken":0,"max_hp_gain":0,"max_hp_loss":0,"event_name":"The Cleric","floor":3,"gold_loss":50},{"cards_removed":["Strike_R"],"damage_healed":0,"gold_gain":0,"player_choice":"Forget","damage_taken":0,"max_hp_gain":0,"max_hp_loss":0,"event_name":"Living Wall","floor":7,"gold_loss":0},{"damage_healed":0,"gold_gain":0,"player_choice":"Upgraded","damage_taken":0,"max_hp_gain":0,"max_hp_loss":0,"event_name":"Upgrade Shrine","floor":19,"gold_loss":0,"cards_upgraded":["Armaments"]},{"damage_healed":0,"gold_gain":0,"player_choice":"POTION ","damage_taken":16,"max_hp_gain":0,"max_hp_loss":0,"event_name":"Knowing Skull","floor":24,"potions_obtained":["AttackPotion"],"gold_loss":0,"cards_obtained":[]}],"is_beta":false,"boss_relics":[{"not_picked":["Cursed Key","Calling Bell"],"picked":"Runic Cube"}],"items_purged_floors":[22,30],"is_endless":false,"potions_floor_spawned":[1,11,13,16,21,27,28],"killed_by":"Automaton","ascension_level":0}