{"gold_per_floor":[113,132,152,167,187,222,70,70,139,151,251,251,251,276,276,376,406,422,422,422,347,374,402,402,402,402,175,190,203,203,215,215,314,314,329,344,356,6,55,55,84,96,96,5,40,40,40,50,50,50],"floor_reached":50,"playtime":6238,"items_purged":["Defend_G","Deflect"],"score":705,"play_id":"2e2f3030-961d-4263-9160-d93a6224842c","local_time":"20180702203701","is_ascension_mode":false,"campfire_choices":[{"floor":8,"key":"REST"},{"floor":13,"key":"REST"},{"data":"Finisher","floor":15,"key":"SMITH"},{"data":"Wraith Form v2","floor":25,"key":"SMITH"},{"data":"Finisher","floor":30,"key":"SMITH"},{"data":"Doppelganger","floor":32,"key":"SMITH"},{"data":"Doppelganger","floor":40,"key":"SMITH"},{"data":"Adrenaline","floor":47,"key":"SMITH"},{"floor":49,"key":"REST"}],"neow_cost":"NONE","seed_source_timestamp":24347889036934,"circlet_count":0,"master_deck":["Defend_G+1","Defend_G+1","Strike_G","Strike_G","Strike_G+1","Strike_G","Strike_G+1","Survivor","Neutralize","Doppelganger+1","Finisher+1","Blade Dance","Underhanded Strike","Backflip+1","Distraction","Backstab","Flying Knee","Doppelganger+1","Slice","Slice","RitualDagger","Ghostly","Ghostly","Ghostly","Ghostly","Ghostly","Escape Plan","Wraith Form v2+1","Finisher+1","Die Die Die","Adrenaline+1","Prepared+1","Outmaneuver+1","Flying Knee+1","Escape Plan","Choke","Flash of Steel","Distraction+1","Backstab"],"relics":["Ring of the Snake","Ninja Scroll","Blood Vial","Gremlin Horn","Thread and Needle","Tiny House","Bag of Marbles","War Paint","Unceasing Top","Whetstone","Runic Dome","Ornamental Fan","Torii","Bottled Lightning","Matryoshka","The Specimen"],"potions_floor_usage":[6,33,33,50],"damage_taken":[{"damage":1,"enemies":"Small Slimes","floor":1,"turns":5},{"damage":0,"enemies":"Cultist","floor":2,"turns":2},{"damage":0,"enemies":"Jaw Worm","floor":3,"turns":4},{"damage":0,"enemies":"2 Fungi Beasts","floor":4,"turns":3},{"damage":15,"enemies":"Exordium Thugs","floor":5,"turns":6},{"damage":33,"enemies":"Gremlin Nob","floor":6,"turns":5},{"damage":0,"enemies":"Exordium Wildlife","floor":10,"turns":3},{"damage":21,"enemies":"Lagavulin","floor":14,"turns":9},{"damage":12,"enemies":"Slime Boss","floor":16,"turns":15},{"damage":0,"enemies":"Chosen","floor":18,"turns":4},{"damage":0,"enemies":"Slavers","floor":23,"turns":6},{"damage":0,"enemies":"Shell Parasite","floor":28,"turns":4},{"damage":0,"enemies":"Snecko","floor":29,"turns":3},{"damage":0,"enemies":"Snake Plant","floor":31,"turns":3},{"damage":0,"enemies":"Automaton","floor":33,"turns":10},{"damage":17,"enemies":"3 Shapes","floor":35,"turns":2},{"damage":0,"enemies":"3 Darklings","floor":36,"turns":4},{"damage":10,"enemies":"4 Shapes","floor":37,"turns":4},{"damage":1,"floor":39,"turns":5},{"damage":0,"enemies":"Giant Head","floor":41,"turns":5},{"damage":0,"enemies":"Maw","floor":42,"turns":7},{"damage":0,"enemies":"Nemesis","floor":45,"turns":3},{"damage":0,"enemies":"3 Darklings","floor":48,"turns":1},{"damage":51,"enemies":"Donu and Deca","floor":50,"turns":11}],"seed_played":"-1389027983865283981","potions_obtained":[{"floor":1,"key":"Weak Potion"},{"floor":6,"key":"SpeedPotion"},{"floor":14,"key":"Strength Potion"},{"floor":17,"key":"LiquidBronze"},{"floor":29,"key":"Ancient Potion"},{"floor":39,"key":"SteroidPotion"},{"floor":41,"key":"SteroidPotion"},{"floor":48,"key":"GamblersBrew"}],"is_trial":false,"path_per_floor":["M","M","M","M","M","E","$","R","T","M","?","?","R","E","R","B",null,"M","?","?","?","T","E","?","R","T","$","M","M","R","M","R","B",null,"M","M","M","$","?","R","E","M","T","$","E","$","R","M","R"],"character_chosen":"THE_SILENT","items_purchased":["Blood Vial","Whetstone","Ornamental Fan","Flash of Steel"],"campfire_rested":3,"item_purchase_floors":[7,27,38,44],"current_hp_per_floor":[69,69,69,69,54,21,21,42,42,44,44,44,65,46,46,36,75,75,69,37,37,37,37,37,37,37,37,37,37,37,37,37,37,37,20,22,14,14,15,15,17,19,19,19,21,21,21,23,34,0],"gold":50,"neow_bonus":"ONE_RANDOM_RARE_CARD","is_prod":false,"is_daily":false,"chose_seed":false,"campfire_upgraded":6,"win_rate":0.0,"timestamp":1530556621,"path_taken":["M","M","M","M","M","E","$","R","T","M","?","?","R","E","R","BOSS","M","?","?","?","?","E","?","R","T","$","?","M","R","M","R","BOSS","M","M","M","?","?","R","E","?","T","$","E","$","R","M","R","BOSS"],"build_version":"2018-06-28","purchased_purges":2,"victory":false,"max_hp_per_floor":[70,70,70,70,70,70,70,70,70,70,70,70,70,70,70,70,75,75,75,37,37,37,37,37,37,37,37,37,37,37,37,37,37,37,37,37,37,37,37,37,37,37,37,37,37,37,37,37,37,37],"card_choices":[{"not_picked":["Caltrops","Outmaneuver"],"picked":"Finisher","floor":1},{"not_picked":["Quick Slash","Slice"],"picked":"Blade Dance","floor":2},{"not_picked":["Deadly Poison","Terror"],"picked":"Underhanded Strike","floor":3},{"not_picked":["Prepared","Skewer"],"picked":"Deflect","floor":4},{"not_picked":["Masterful Stab","Dodge and Roll"],"picked":"Backflip","floor":5},{"not_picked":["Deadly Poison","Sucker Punch"],"picked":"Distraction","floor":6},{"not_picked":["Predator","Glass Knife"],"picked":"Backstab","floor":10},{"not_picked":["Masterful Stab","Dagger Spray"],"picked":"Flying Knee","floor":14},{"not_picked":["A Thousand Cuts","Unload"],"picked":"Doppelganger","floor":16},{"not_picked":["Skewer","Terror"],"picked":"Slice","floor":17},{"not_picked":["PiercingWail","Dagger Throw"],"picked":"Slice","floor":18},{"not_picked":["PiercingWail","Eviscerate+1"],"picked":"Escape Plan","floor":23},{"not_picked":["Acrobatics","Poisoned Stab","Backflip"],"picked":"SKIP","floor":28},{"not_picked":["Acrobatics","Poisoned Stab","Backflip"],"picked":"SKIP","floor":28},{"not_picked":["Prepared","Outmaneuver"],"picked":"Finisher","floor":29},{"not_picked":["Outmaneuver+1","Deflect"],"picked":"Die Die Die","floor":31},{"not_picked":["Phantasmal Killer","After Image"],"picked":"Adrenaline","floor":33},{"not_picked":["Expertise","Quick Slash"],"picked":"Prepared+1","floor":35},{"not_picked":["Sucker Punch+1","Riddle With Holes+1","PiercingWail"],"picked":"SKIP","floor":36},{"not_picked":["Underhanded Strike","All Out Attack+1"],"picked":"Outmaneuver+1","floor":37},{"not_picked":["Riddle With Holes+1","Tactician"],"picked":"Flying Knee+1","floor":39},{"not_picked":["Quick Slash","Leg Sweep+1"],"picked":"Escape Plan","floor":41},{"not_picked":["Acrobatics+1","Bouncing Flask+1"],"picked":"Choke","floor":42},{"not_picked":["Acrobatics","Prepared"],"picked":"Distraction+1","floor":45},{"not_picked":["PiercingWail","Slice+1"],"picked":"Backstab","floor":48}],"player_experience":15849,"relics_obtained":[{"floor":6,"key":"Ninja Scroll"},{"floor":9,"key":"Gremlin Horn"},{"floor":14,"key":"Thread and Needle"},{"floor":22,"key":"Bag of Marbles"},{"floor":23,"key":"War Paint"},{"floor":26,"key":"Unceasing Top"},{"floor":39,"key":"Torii"},{"floor":41,"key":"Bottled Lightning"},{"floor":43,"key":"Matryoshka"},{"floor":45,"key":"The Specimen"}],"event_choices":[{"event_name":"Golden Shrine","player_choice":"Pray","floor":11,"damage_taken":0},{"event_name":"Bonfire Elementals","player_choice":"BASIC","floor":12,"damage_taken":0},{"event_name":"Nest","player_choice":"Joined the Cult","floor":19,"damage_taken":0},{"event_name":"Ghosts","player_choice":"Became a Ghost","floor":20,"damage_taken":0},{"event_name":"Beggar","player_choice":"Gave Gold","floor":21,"damage_taken":0},{"event_name":"The Library","player_choice":"Read","floor":24,"damage_taken":0},{"event_name":"Mysterious Sphere","player_choice":"Fight","floor":39,"damage_taken":0}],"boss_relics":[{"not_picked":["Ectoplasm","Philosopher\u0027s Stone"],"picked":"Tiny House"},{"not_picked":["Empty Cage","Orrery"],"picked":"Runic Dome"}],"items_purged_floors":[27,38],"is_endless":false,"potions_floor_spawned":[1,6,14,18,29,31,39,41,48],"killed_by":"Donu and Deca","ascension_level":0}