{"gold_per_floor":[16,32,46,221,296,296,221,221,221,221,236,256,272,24,24,119,119,136,153,168,168,182,182,182,199,199,211,86,86,105,115,115,218,218,228,243,243,255,30,30,130,149,173,190,190,0,12,24,24,24],"floor_reached":51,"playtime":4114,"items_purged":["Doubt","Strike_B","Defend_B","Defend_B"],"score":891,"play_id":"73f278c5-f8dc-43f7-a845-163769245e37","local_time":"20191020221507","is_ascension_mode":true,"campfire_choices":[{"data":"Zap","floor":6.0,"key":"SMITH"},{"data":"Dualcast","floor":15.0,"key":"SMITH"},{"data":"Capacitor","floor":23.0,"key":"SMITH"},{"data":"Hologram","floor":29.0,"key":"SMITH"},{"floor":32.0,"key":"REST"},{"floor":40.0,"key":"REST"},{"data":"Capacitor","floor":45,"key":"SMITH"},{"floor":49,"key":"REST"}],"neow_cost":"NO_GOLD","seed_source_timestamp":0,"circlet_count":0,"master_deck":["Zap+1","Dualcast+1","Beam Cell","Hologram+1","Gash","Ball Lightning","White Noise","Cold Snap","Glacier","Cold Snap","Seek","Defragment+1","Hologram+1","Capacitor+1","Defragment+1","Capacitor+1","Glacier","Electrodynamics","Seek","BootSequence","Blizzard+1"],"special_seed":0,"relics":["Cracked Core","Turnip","StrikeDummy","Medical Kit","Empty Cage","Bag of Marbles","Runic Pyramid","StoneCalendar","DataDisk","Red Mask"],"potions_floor_usage":[50],"damage_taken":[{"damage":0.0,"enemies":"2 Louse","floor":1.0,"turns":2.0},{"damage":7.0,"enemies":"Jaw Worm","floor":2.0,"turns":2.0},{"damage":0.0,"enemies":"Cultist","floor":3.0,"turns":2.0},{"damage":0.0,"enemies":"2 Fungi Beasts","floor":11.0,"turns":2.0},{"damage":9.0,"enemies":"Red Slaver","floor":12.0,"turns":2.0},{"damage":1.0,"enemies":"Looter","floor":13.0,"turns":2.0},{"damage":1.0,"enemies":"The Guardian","floor":16.0,"turns":10.0},{"damage":1.0,"enemies":"Chosen","floor":18.0,"turns":5.0},{"damage":16.0,"enemies":"2 Thieves","floor":19.0,"turns":3.0},{"damage":19.0,"enemies":"Chosen and Byrds","floor":20.0,"turns":7.0},{"damage":0.0,"enemies":"Snake Plant","floor":22.0,"turns":4.0},{"damage":1.0,"enemies":"Centurion and Healer","floor":25.0,"turns":6.0},{"damage":6.0,"enemies":"Sentry and Sphere","floor":27.0,"turns":5.0},{"damage":0.0,"enemies":"Chosen and Byrds","floor":30.0,"turns":7.0},{"damage":3.0,"enemies":"3 Cultists","floor":31.0,"turns":6.0},{"damage":36.0,"enemies":"Collector","floor":33.0,"turns":8.0},{"damage":25.0,"enemies":"3 Darklings","floor":35.0,"turns":6.0},{"damage":1.0,"enemies":"Orb Walker","floor":36.0,"turns":5.0},{"damage":15.0,"enemies":"4 Shapes","floor":38.0,"turns":3.0},{"damage":0.0,"enemies":"Mind Bloom Boss Battle","floor":41.0,"turns":5.0},{"damage":13.0,"enemies":"Jaw Worm Horde","floor":42.0,"turns":4.0},{"damage":8,"enemies":"Writhing Mass","floor":44,"turns":6},{"damage":0,"enemies":"Maw","floor":47,"turns":7},{"damage":13,"enemies":"3 Darklings","floor":48,"turns":3},{"damage":2,"enemies":"Time Eater","floor":50,"turns":13}],"seed_played":"6637768554418007907","potions_obtained":[{"floor":3.0,"key":"GamblersBrew"},{"floor":13.0,"key":"DistilledChaos"},{"floor":16.0,"key":"Ancient Potion"},{"floor":18.0,"key":"Swift Potion"},{"floor":19.0,"key":"Block Potion"},{"floor":20.0,"key":"EntropicBrew"},{"floor":27.0,"key":"Swift Potion"},{"floor":35.0,"key":"Explosive Potion"},{"floor":38.0,"key":"FocusPotion"},{"floor":41.0,"key":"Weak Potion"},{"floor":48,"key":"SteroidPotion"}],"is_trial":false,"path_per_floor":["M","M","M","?","?","R","$","?","T","T","M","M","M","$","R","B",null,"M","M","M","?","M","R","?","M","T","M","$","R","M","M","R","B",null,"M","M","?","M","$","R","?","M","T","M","R","?","M","M","R","B",null],"character_chosen":"DEFECT","items_purchased":["Medical Kit","Regen Potion"],"campfire_rested":3,"item_purchase_floors":[14,39],"current_hp_per_floor":[68,61,61,61,50,50,50,50,50,50,50,41,40,40,40,39,66,65,49,30,30,30,30,30,29,29,23,23,23,23,20,42,6,58,33,32,32,17,17,39,53,40,40,32,32,32,32,19,41,39],"gold":24,"neow_bonus":"TRANSFORM_TWO_CARDS","is_prod":false,"is_daily":false,"chose_seed":false,"campfire_upgraded":5,"win_rate":0,"timestamp":1571634907,"path_taken":["M","M","M","?","?","R","$","?","T","?","?","M","M","$","R","BOSS","M","M","?","?","?","R","?","?","T","M","?","R","?","M","R","BOSS","M","?","?","M","$","R","?","M","T","M","R","?","M","M","R","BOSS"],"build_version":"2019-10-18","purchased_purges":4,"victory":true,"max_hp_per_floor":[75,75,75,75,75,75,75,75,75,75,75,75,75,75,75,75,75,75,75,75,75,75,75,75,75,75,75,75,75,75,75,75,75,75,75,75,75,75,75,75,75,75,75,75,75,75,75,75,75,75],"card_choices":[{"not_picked":["Lockon","Streamline"],"picked":"Gash","floor":1.0},{"not_picked":["Static Discharge","Aggregate"],"picked":"Ball Lightning","floor":2.0},{"not_picked":["Static Discharge","Fusion"],"picked":"White Noise","floor":3.0},{"not_picked":["Hello World","Hologram"],"picked":"Cold Snap","floor":11.0},{"not_picked":["BootSequence","Conserve Battery"],"picked":"Glacier","floor":12.0},{"not_picked":["Scrape","FTL"],"picked":"Cold Snap","floor":13.0},{"not_picked":["Thunder Strike","Meteor Strike"],"picked":"Seek","floor":16.0},{"not_picked":["Darkness","Doom and Gloom","Conserve Battery"],"picked":"SKIP","floor":18.0},{"not_picked":["Skim","Conserve Battery"],"picked":"Defragment","floor":19.0},{"not_picked":["Barrage+1","Turbo"],"picked":"Hologram+1","floor":20.0},{"not_picked":["Compile Driver","Hologram"],"picked":"Capacitor","floor":22.0},{"not_picked":["Blizzard","Go for the Eyes"],"picked":"Capacitor","floor":25.0},{"not_picked":["Gash+1","Streamline+1"],"picked":"Glacier","floor":27.0},{"not_picked":["Scrape","Chaos+1","Beam Cell"],"picked":"SKIP","floor":30.0},{"not_picked":["Reprogram","Ball Lightning"],"picked":"Electrodynamics","floor":31.0},{"not_picked":["All For One","Thunder Strike"],"picked":"Seek","floor":33.0},{"not_picked":["Rebound","Ball Lightning"],"picked":"Coolheaded+1","floor":35.0},{"not_picked":["Reprogram+1","Cold Snap+1","Compile Driver+1"],"picked":"SKIP","floor":36.0},{"not_picked":["Cold Snap+1","Turbo","Sweeping Beam+1"],"picked":"SKIP","floor":38.0},{"not_picked":["FTL+1","Gash","Hologram+1"],"picked":"SKIP","floor":42.0},{"not_picked":["Compile Driver+1","Self Repair"],"picked":"BootSequence","floor":44},{"not_picked":["Stack+1","FTL","Compile Driver"],"picked":"SKIP","floor":47},{"not_picked":["Coolheaded","Sweeping Beam+1"],"picked":"Blizzard+1","floor":48}],"player_experience":922637,"relics_obtained":[{"floor":9.0,"key":"Turnip"},{"floor":10.0,"key":"StrikeDummy"},{"floor":26.0,"key":"Bag of Marbles"},{"floor":41.0,"key":"StoneCalendar"},{"floor":43.0,"key":"DataDisk"}],"event_choices":[{"damage_healed":0.0,"max_hp_gain":0.0,"max_hp_loss":0.0,"gold_gain":175.0,"event_name":"Liars Game","player_choice":"AGREE","floor":4.0,"gold_loss":0.0,"damage_taken":0.0,"cards_obtained":["Doubt"]},{"damage_healed":0.0,"max_hp_gain":0.0,"max_hp_loss":0.0,"gold_gain":75.0,"event_name":"World of Goop","player_choice":"Gather Gold","floor":5.0,"gold_loss":0.0,"damage_taken":11.0},{"cards_removed":["Strike_B"],"damage_healed":0.0,"max_hp_gain":0.0,"max_hp_loss":0.0,"gold_gain":0.0,"event_name":"Living Wall","player_choice":"Forget","floor":8.0,"gold_loss":0.0,"damage_taken":0.0},{"damage_healed":0.0,"max_hp_gain":0.0,"max_hp_loss":0.0,"gold_gain":0.0,"event_name":"Upgrade Shrine","player_choice":"Upgraded","floor":21.0,"gold_loss":0.0,"damage_taken":0.0,"cards_upgraded":["Defragment"]},{"damage_healed":0.0,"max_hp_gain":0.0,"max_hp_loss":0.0,"gold_gain":0.0,"event_name":"Duplicator","player_choice":"Copied","floor":24.0,"gold_loss":0.0,"damage_taken":0.0,"cards_obtained":["Defragment"]},{"cards_removed":["Coolheaded"],"damage_healed":0.0,"max_hp_gain":0.0,"max_hp_loss":0.0,"gold_gain":0.0,"event_name":"Falling","player_choice":"Removed Skill","floor":37.0,"gold_loss":0.0,"damage_taken":0.0},{"damage_healed":0.0,"max_hp_gain":0.0,"max_hp_loss":0.0,"gold_gain":0.0,"event_name":"MindBloom","player_choice":"Fight","floor":41.0,"gold_loss":0.0,"damage_taken":0.0},{"damage_healed":0,"gold_gain":0,"player_choice":"Paid","damage_taken":0,"relics_obtained":["Red Mask"],"max_hp_gain":0,"max_hp_loss":0,"event_name":"Tomb of Lord Red Mask","floor":46,"gold_loss":190}],"is_beta":true,"boss_relics":[{"not_picked":["Busted Crown","Sozu"],"picked":"Empty Cage"},{"not_picked":["Nuclear Battery","Inserter"],"picked":"Runic Pyramid"}],"items_purged_floors":[7,14,28,39],"is_endless":false,"potions_floor_spawned":[3,13,16,18,19,20,27,35,38,41,48],"ascension_level":9}