{"gold_per_floor":[11,26,26,37,37,71,71,85,157,332,332,99,99,26,26,26],"floor_reached":16,"playtime":405,"items_purged":["Doubt"],"score":157,"play_id":"d7b58e55-11b9-4263-8dca-52ae8341408b","local_time":"20190825015347","is_ascension_mode":true,"campfire_choices":[{"floor":7,"key":"DIG"},{"floor":13,"key":"REST"},{"floor":15,"key":"REST"}],"neow_cost":"NO_GOLD","seed_source_timestamp":371866213158300,"circlet_count":0,"master_deck":["Strike_R","Strike_R","Strike_R","Strike_R+1","Strike_R","Defend_R+1","Defend_R","Defend_R+1","Defend_R","Bash","Shrug It Off+1","Impervious+1"],"relics":["Burning Blood","Shovel","Vajra","Matryoshka","Bag of Marbles","Membership Card","War Paint"],"potions_floor_usage":[6,16],"damage_taken":[{"damage":8,"enemies":"2 Louse","floor":1,"turns":2},{"damage":19,"enemies":"Jaw Worm","floor":2,"turns":3},{"damage":5,"enemies":"Small Slimes","floor":4,"turns":5},{"damage":20,"enemies":"3 Sentries","floor":6,"turns":7},{"damage":13,"enemies":"Exordium Thugs","floor":8,"turns":5},{"damage":82,"enemies":"Hexaghost","floor":16,"turns":9}],"seed_played":"4957782751289373","potions_obtained":[{"floor":2,"key":"PowerPotion"},{"floor":8,"key":"SteroidPotion"}],"is_trial":false,"path_per_floor":["M","M","?","M","?","E","R","M","T","?","?","$","R","$","R","B"],"character_chosen":"IRONCLAD","items_purchased":["Membership Card","War Paint"],"campfire_rested":2,"item_purchase_floors":[12,14],"current_hp_per_floor":[86,73,73,74,55,41,41,34,34,34,22,22,50,50,78,0],"gold":26,"neow_bonus":"TWENTY_PERCENT_HP_BONUS","is_prod":false,"is_daily":false,"chose_seed":false,"campfire_upgraded":0,"win_rate":0,"timestamp":1566716027,"path_taken":["M","M","?","M","?","E","R","M","T","?","?","$","R","$","R","BOSS"],"build_version":"2019-07-17","purchased_purges":1,"victory":false,"max_hp_per_floor":[96,96,96,96,96,96,96,96,96,96,96,96,96,96,96,96],"card_choices":[{"not_picked":["Thunderclap","Headbutt","Shrug It Off"],"picked":"SKIP","floor":1},{"not_picked":["Clash","Twin Strike"],"picked":"Shrug It Off","floor":2},{"not_picked":["Inflame","Havoc","Blood for Blood"],"picked":"SKIP","floor":4},{"not_picked":["Whirlwind","Exhume"],"picked":"Impervious","floor":6},{"not_picked":["Havoc","Heavy Blade","Cleave"],"picked":"SKIP","floor":8}],"player_experience":304217,"relics_obtained":[{"floor":6,"key":"Shovel"},{"floor":7,"key":"Vajra"},{"floor":9,"key":"Matryoshka"}],"event_choices":[{"damage_healed":0,"gold_gain":0,"player_choice":"Grow","damage_taken":0,"max_hp_gain":0,"max_hp_loss":0,"event_name":"Living Wall","floor":3,"gold_loss":0,"cards_upgraded":["Shrug It Off"]},{"damage_healed":0,"gold_gain":0,"player_choice":"Entered Light","damage_taken":19,"max_hp_gain":0,"max_hp_loss":0,"event_name":"Shining Light","floor":5,"gold_loss":0,"cards_upgraded":["Strike_R","Defend_R"]},{"damage_healed":0,"gold_gain":175,"player_choice":"AGREE","damage_taken":0,"max_hp_gain":0,"max_hp_loss":0,"event_name":"Liars Game","floor":10,"gold_loss":0,"cards_obtained":["Doubt"]},{"damage_healed":0,"gold_gain":0,"player_choice":"Success","damage_taken":12,"relics_obtained":["Bag of Marbles"],"max_hp_gain":0,"max_hp_loss":0,"event_name":"Scrap Ooze","floor":11,"gold_loss":0}],"is_beta":false,"boss_relics":[],"items_purged_floors":[12],"is_endless":false,"potions_floor_spawned":[2,8],"killed_by":"Hexaghost","ascension_level":7}