{"gold_per_floor":[112,132,152,152,164,191,191,203,203,221,194,221,239,257,257,356,356,340,357,372,372],"floor_reached":21,"playtime":1703,"items_purged":[],"score":311,"play_id":"80d987ee-237f-4ab1-a20b-a5700df15382","local_time":"20190807222345","is_ascension_mode":true,"campfire_choices":[{"data":"Consume","floor":7.0,"key":"SMITH"},{"floor":15,"key":"REST"}],"neow_cost":"NONE","seed_source_timestamp":2099861372381200,"circlet_count":0,"master_deck":["Zap+1","Dualcast","Coolheaded","Genetic Algorithm","Coolheaded","BootSequence","Consume+1","Conserve Battery","Leap","Leap","Capacitor","Sunder","Go for the Eyes","Seek","Ball Lightning","Reprogram","Recycle","Biased Cognition","Redo","Gash","Tempest","Leap","Gash","Barrage+1","Leap"],"special_seed":0,"relics":["Cracked Core","GremlinMask","Blood Vial","Dodecahedron","Pantograph","Pandora\u0027s Box"],"potions_floor_usage":[16,16,20,21],"damage_taken":[{"damage":7.0,"enemies":"Small Slimes","floor":1.0,"turns":3.0},{"damage":0.0,"enemies":"Cultist","floor":2.0,"turns":3.0},{"damage":9.0,"enemies":"Jaw Worm","floor":3.0,"turns":3.0},{"damage":0.0,"enemies":"Looter","floor":5.0,"turns":4.0},{"damage":24.0,"enemies":"Gremlin Nob","floor":6.0,"turns":4.0},{"damage":12.0,"enemies":"3 Louse","floor":8.0,"turns":3.0},{"damage":2.0,"enemies":"2 Fungi Beasts","floor":10.0,"turns":5.0},{"damage":6.0,"enemies":"Exordium Thugs","floor":11.0,"turns":5.0},{"damage":7.0,"enemies":"3 Sentries","floor":12.0,"turns":10.0},{"damage":8.0,"enemies":"Gremlin Gang","floor":13.0,"turns":6.0},{"damage":0.0,"enemies":"Exordium Wildlife","floor":14.0,"turns":5.0},{"damage":0,"enemies":"Slime Boss","floor":16,"turns":14},{"damage":14,"enemies":"2 Thieves","floor":18,"turns":4},{"damage":21,"enemies":"3 Byrds","floor":19,"turns":5},{"damage":15,"enemies":"Centurion and Healer","floor":20,"turns":7},{"damage":57,"enemies":"Chosen and Byrds","floor":21,"turns":6}],"seed_played":"5042234874287854929","potions_obtained":[{"floor":3.0,"key":"FearPotion"},{"floor":5.0,"key":"AttackPotion"},{"floor":6.0,"key":"Swift Potion"},{"floor":11.0,"key":"Dexterity Potion"},{"floor":12.0,"key":"Weak Potion"},{"floor":13.0,"key":"PowerPotion"},{"floor":18,"key":"SteroidPotion"},{"floor":19,"key":"PowerPotion"}],"is_trial":false,"path_per_floor":["M","M","M","?","M","E","R","M","T","M","M","E","M","M","R","B",null,"M","M","M","M"],"character_chosen":"DEFECT","items_purchased":[],"campfire_rested":1,"item_purchase_floors":[],"current_hp_per_floor":[68,68,59,59,59,35,35,25,25,25,21,16,10,12,34,61,75,61,42,29,0],"gold":372,"neow_bonus":"UPGRADE_CARD","is_prod":false,"is_daily":false,"chose_seed":false,"campfire_upgraded":1,"win_rate":0,"timestamp":1565209425,"path_taken":["M","M","M","?","?","E","R","M","T","M","M","E","M","M","R","BOSS","M","M","M","M"],"build_version":"2019-07-18","purchased_purges":0,"victory":false,"max_hp_per_floor":[75,75,75,75,75,75,75,75,75,75,75,75,75,75,75,75,75,75,75,75,75],"card_choices":[{"not_picked":["Streamline","BootSequence"],"picked":"Coolheaded","floor":1.0},{"not_picked":["BootSequence","Go for the Eyes"],"picked":"Genetic Algorithm","floor":2.0},{"not_picked":["Gash","Reprogram"],"picked":"Coolheaded","floor":3.0},{"not_picked":["Melter","Stack"],"picked":"BootSequence","floor":5.0},{"not_picked":["Coolheaded","Multi-Cast"],"picked":"Consume","floor":6.0},{"not_picked":["Consume","Redo"],"picked":"Conserve Battery","floor":8.0},{"not_picked":["Heatsinks","Hologram"],"picked":"Leap","floor":10.0},{"not_picked":["Reprogram","Chill"],"picked":"Leap","floor":11.0},{"not_picked":["Creative AI","Double Energy"],"picked":"Capacitor","floor":12.0},{"not_picked":["Double Energy","Barrage"],"picked":"Sunder","floor":13.0},{"not_picked":["Chaos","Fusion"],"picked":"Go for the Eyes","floor":14.0},{"not_picked":["Core Surge","Hyperbeam"],"picked":"Seek","floor":16},{"not_picked":["Redo","Force Field+1"],"picked":"Gash","floor":18},{"not_picked":["Rebound","Steam"],"picked":"Barrage+1","floor":19},{"not_picked":["Blizzard","BootSequence"],"picked":"Leap","floor":20}],"player_experience":135703,"relics_obtained":[{"floor":6.0,"key":"Blood Vial"},{"floor":9.0,"key":"Dodecahedron"},{"floor":12.0,"key":"Pantograph"}],"event_choices":[{"damage_healed":0.0,"max_hp_gain":0.0,"max_hp_loss":0.0,"gold_gain":0.0,"event_name":"FaceTrader","player_choice":"Trade","floor":4.0,"gold_loss":0.0,"damage_taken":0.0,"relics_obtained":["GremlinMask"]}],"is_beta":true,"boss_relics":[{"not_picked":["Runic Pyramid","Tiny House"],"picked":"Pandora\u0027s Box"}],"items_purged_floors":[],"is_endless":false,"potions_floor_spawned":[3,5,6,11,12,13,18,19],"killed_by":"Chosen and Byrds","ascension_level":3}