{"gold_per_floor":[119,294,294,306,125,150,150,182,182,216,216,248,248,260,260,357,357,369,26,38,38,51,76,76,96,96,96,110,110,10,10,10,112,112,122,40,40,0,19,19,19,34,34,34,34,54,64,64,64,64],"floor_reached":50,"playtime":1191,"items_purged":["Strike_R","Strike_R","Double Tap"],"score":680,"play_id":"b887de4d-766e-493c-b106-2250b0fba1c6","local_time":"20191020213323","is_ascension_mode":true,"campfire_choices":[{"floor":7,"key":"REST"},{"floor":11,"key":"REST"},{"data":"Immolate","floor":13,"key":"SMITH"},{"data":"Bash","floor":15,"key":"SMITH"},{"floor":24,"key":"REST"},{"floor":27,"key":"REST"},{"floor":29,"key":"REST"},{"floor":32,"key":"REST"},{"floor":40,"key":"REST"},{"data":"Limit Break","floor":44,"key":"SMITH"},{"floor":49,"key":"REST"}],"neow_cost":"TEN_PERCENT_HP_LOSS","seed_source_timestamp":722350784526000,"circlet_count":0,"master_deck":["Strike_R","Strike_R","Strike_R+1","Defend_R+1","Defend_R","Defend_R","Bash+1","Dropkick","Doubt","Cleave","Spot Weakness","Shockwave","Immolate+1","Cleave","Decay","Limit Break+1","Writhe"],"relics":["Burning Blood","Du-Vu Doll","Pear","Juzu Bracelet","Ornamental Fan","Paper Frog","Torii","Black Star","Pen Nib","Ancient Tea Set","The Courier","Bird Faced Urn","Lizard Tail","Red Mask","Gremlin Horn","Blue Candle"],"potions_floor_usage":[8,8,12,20,22,22,33,33,39,50,50],"damage_taken":[{"damage":0,"enemies":"Small Slimes","floor":1,"turns":3},{"damage":0,"enemies":"2 Louse","floor":4,"turns":3},{"damage":42,"enemies":"Gremlin Nob","floor":6,"turns":5},{"damage":22,"enemies":"Lagavulin","floor":8,"turns":4},{"damage":19,"enemies":"Gremlin Nob","floor":10,"turns":4},{"damage":10,"enemies":"3 Sentries","floor":12,"turns":2},{"damage":12,"enemies":"Jaw Worm","floor":14,"turns":2},{"damage":38,"enemies":"Slime Boss","floor":16,"turns":6},{"damage":29,"enemies":"2 Thieves","floor":18,"turns":3},{"damage":0,"enemies":"Chosen","floor":20,"turns":4},{"damage":0,"enemies":"Snake Plant","floor":22,"turns":2},{"damage":43,"enemies":"Book of Stabbing","floor":23,"turns":5},{"damage":11,"enemies":"Centurion and Healer","floor":25,"turns":3},{"damage":46,"enemies":"Snecko","floor":28,"turns":6},{"damage":57,"enemies":"Collector","floor":33,"turns":6},{"damage":68,"enemies":"3 Darklings","floor":35,"turns":3},{"damage":38,"enemies":"Orb Walker","floor":39,"turns":5},{"damage":23,"enemies":"4 Shapes","floor":42,"turns":3},{"damage":25,"enemies":"Transient","floor":46,"turns":5},{"damage":22,"enemies":"3 Darklings","floor":47,"turns":3},{"damage":129,"enemies":"Awakened One","floor":50,"turns":7}],"seed_played":"6289004504679447201","potions_obtained":[{"floor":1,"key":"Strength Potion"},{"floor":4,"key":"Strength Potion"},{"floor":12,"key":"Fruit Juice"},{"floor":18,"key":"Energy Potion"},{"floor":23,"key":"Poison Potion"},{"floor":25,"key":"EssenceOfSteel"},{"floor":42,"key":"Poison Potion"},{"floor":47,"key":"FairyPotion"}],"is_trial":false,"path_per_floor":["M","?","?","M","$","E","R","E","T","E","R","E","R","M","R","B",null,"M","$","M","?","M","E","R","M","T","R","M","R","$","?","R","B",null,"M","$","?","?","M","R","?","M","T","R","T","M","M","?","R","B"],"character_chosen":"IRONCLAD","items_purchased":["Cleave","Spot Weakness","Pen Nib","Weak Potion","Block Potion","Block Potion","PowerPotion"],"campfire_rested":8,"item_purchase_floors":[5,5,19,19,19,36,36],"current_hp_per_floor":[72,72,58,64,64,38,62,46,46,33,57,58,58,52,52,20,70,47,47,53,53,59,22,48,43,43,69,29,55,55,55,81,30,73,11,11,76,76,46,68,76,59,59,59,59,40,24,24,46,0],"gold":64,"neow_bonus":"ONE_RARE_RELIC","is_prod":false,"is_daily":false,"chose_seed":false,"campfire_upgraded":3,"win_rate":0,"timestamp":1571625203,"path_taken":["M","?","?","M","$","E","R","E","T","E","R","E","R","M","R","BOSS","M","$","M","?","M","E","R","M","T","R","M","R","$","?","R","BOSS","M","$","?","?","M","R","?","M","T","R","?","M","M","?","R","BOSS"],"build_version":"2019-07-17","purchased_purges":3,"victory":false,"max_hp_per_floor":[72,72,72,72,72,82,82,82,82,82,82,87,87,87,87,87,87,87,87,87,87,87,87,87,87,87,87,87,87,87,87,87,87,87,87,87,76,76,76,76,76,76,76,76,76,76,76,76,76,76],"card_choices":[{"not_picked":["Fire Breathing","Rage"],"picked":"Dropkick","floor":1},{"not_picked":["Sentinel","Clothesline","Havoc"],"picked":"SKIP","floor":4},{"not_picked":["Headbutt","Clash"],"picked":"Shockwave","floor":6},{"not_picked":["Flex","Clash"],"picked":"Immolate","floor":8},{"not_picked":["Heavy Blade","Searing Blow","Pummel"],"picked":"SKIP","floor":10},{"not_picked":["Perfected Strike","Havoc","Fire Breathing"],"picked":"SKIP","floor":12},{"not_picked":["Shrug It Off","Heavy Blade"],"picked":"Cleave","floor":14},{"not_picked":["Berserk","Impervious"],"picked":"Double Tap","floor":16},{"not_picked":["Combust+1","Clothesline","Bloodletting+1"],"picked":"SKIP","floor":18},{"not_picked":["Power Through","Entrench+1","Twin Strike"],"picked":"SKIP","floor":20},{"not_picked":["Cleave","Seeing Red","Wild Strike"],"picked":"SKIP","floor":22},{"not_picked":["Feel No Pain","Heavy Blade","Second Wind"],"picked":"SKIP","floor":23},{"not_picked":["Clothesline","Rage","Bloodletting"],"picked":"SKIP","floor":25},{"not_picked":["Sever Soul","Sword Boomerang","Feel No Pain"],"picked":"SKIP","floor":28},{"not_picked":["Exhume","Feed"],"picked":"Limit Break","floor":33},{"not_picked":["Intimidate+1","Armaments+1","Rupture"],"picked":"SKIP","floor":35},{"not_picked":["Heavy Blade","Anger+1","Inflame"],"picked":"SKIP","floor":39},{"not_picked":["Warcry","Evolve+1","Flex"],"picked":"SKIP","floor":42},{"not_picked":["Shrug It Off","Warcry","Pommel Strike"],"picked":"SKIP","floor":46},{"not_picked":["Wild Strike","Pommel Strike","Havoc+1"],"picked":"SKIP","floor":47}],"player_experience":326683,"relics_obtained":[{"floor":6,"key":"Pear"},{"floor":8,"key":"Juzu Bracelet"},{"floor":9,"key":"Ornamental Fan"},{"floor":10,"key":"Paper Frog"},{"floor":12,"key":"Torii"},{"floor":23,"key":"Ancient Tea Set"},{"floor":23,"key":"The Courier"},{"floor":26,"key":"Bird Faced Urn"},{"floor":43,"key":"Gremlin Horn"},{"floor":45,"key":"Blue Candle"}],"event_choices":[{"damage_healed":0,"gold_gain":175,"player_choice":"AGREE","damage_taken":0,"max_hp_gain":0,"max_hp_loss":0,"event_name":"Liars Game","floor":2,"gold_loss":0,"cards_obtained":["Doubt"]},{"damage_healed":0,"gold_gain":0,"player_choice":"Entered Light","damage_taken":14,"max_hp_gain":0,"max_hp_loss":0,"event_name":"Shining Light","floor":3,"gold_loss":0,"cards_upgraded":["Strike_R","Defend_R"]},{"damage_healed":0,"gold_gain":0,"player_choice":"Smashed Altar","damage_taken":0,"max_hp_gain":0,"max_hp_loss":0,"event_name":"Forgotten Altar","floor":21,"gold_loss":0,"cards_obtained":["Decay"]},{"damage_healed":0,"gold_gain":0,"player_choice":"Ignored","damage_taken":0,"max_hp_gain":0,"max_hp_loss":0,"event_name":"Cursed Tome","floor":31,"gold_loss":0},{"damage_healed":76,"gold_gain":0,"player_choice":"Heal","damage_taken":0,"max_hp_gain":0,"max_hp_loss":11,"event_name":"The Moai Head","floor":37,"gold_loss":0},{"damage_healed":0,"gold_gain":0,"player_choice":"Paid","damage_taken":0,"relics_obtained":["Red Mask"],"max_hp_gain":0,"max_hp_loss":0,"event_name":"Tomb of Lord Red Mask","floor":38,"gold_loss":40},{"damage_healed":19,"gold_gain":0,"player_choice":"Writhe","damage_taken":0,"max_hp_gain":0,"max_hp_loss":0,"event_name":"Winding Halls","floor":41,"gold_loss":0,"cards_obtained":["Writhe"]},{"cards_removed":["Defend_R"],"damage_healed":0,"gold_gain":0,"player_choice":"Removed Skill","damage_taken":0,"max_hp_gain":0,"max_hp_loss":0,"event_name":"Falling","floor":48,"gold_loss":0}],"is_beta":false,"boss_relics":[{"not_picked":["Runic Cube","Velvet Choker"],"picked":"Black Star"},{"not_picked":["Runic Dome","Cursed Key"],"picked":"Lizard Tail"}],"items_purged_floors":[5,19,30],"is_endless":false,"potions_floor_spawned":[1,4,12,18,23,25,42,47],"killed_by":"Awakened One","ascension_level":8}