{"gold_per_floor":[366,366,378,378,111,111,141,152,152,52,87,99,121,150,162,174],"floor_reached":16,"playtime":415,"items_purged":["Defend_R","Strike_R"],"score":149,"play_id":"d203ebc6-3b10-4b26-8707-945e8e8ac6ad","local_time":"20190815012154","is_ascension_mode":true,"campfire_choices":[{"floor":6,"key":"REST"},{"floor":15,"key":"REST"}],"neow_cost":"CURSE","seed_source_timestamp":83518651693186,"circlet_count":0,"master_deck":["Strike_R","Strike_R","Strike_R","Strike_R","Defend_R","Defend_R","Defend_R","Bash+1","Cleave","Bash","Berserk"],"relics":["Burning Blood","Sling","Self Forming Clay","Question Card","MawBank"],"potions_floor_usage":[16,16],"damage_taken":[{"damage":19,"enemies":"Jaw Worm","floor":1,"turns":3},{"damage":7,"enemies":"Small Slimes","floor":3,"turns":4},{"damage":16,"enemies":"Gremlin Nob","floor":7,"turns":3},{"damage":1,"enemies":"Cultist","floor":8,"turns":3},{"damage":16,"enemies":"3 Sentries","floor":11,"turns":5},{"damage":35,"enemies":"Large Slime","floor":13,"turns":6},{"damage":14,"enemies":"Looter","floor":14,"turns":3},{"damage":49,"enemies":"The Guardian","floor":16,"turns":14}],"seed_played":"1886561321597299671","potions_obtained":[{"floor":13,"key":"Dexterity Potion"},{"floor":14,"key":"GamblersBrew"}],"is_trial":false,"path_per_floor":["M","?","M","?","$","R","E","M","T","$","E","?","M","M","R","B"],"character_chosen":"IRONCLAD","items_purchased":["Sling"],"campfire_rested":2,"item_purchase_floors":[5],"current_hp_per_floor":[59,59,58,51,51,75,65,70,70,70,60,60,31,23,47,0],"gold":174,"neow_bonus":"TWO_FIFTY_GOLD","is_prod":false,"is_daily":false,"chose_seed":false,"campfire_upgraded":0,"win_rate":0,"timestamp":1565850114,"path_taken":["M","?","M","?","$","R","E","M","T","?","E","?","M","M","R","BOSS"],"build_version":"2019-07-17","purchased_purges":2,"victory":false,"max_hp_per_floor":[80,80,80,80,80,80,80,80,80,80,80,80,80,80,80,80],"card_choices":[{"not_picked":["True Grit","Havoc","Iron Wave"],"picked":"SKIP","floor":1},{"not_picked":["Shrug It Off","Clothesline","Clash"],"picked":"SKIP","floor":3},{"not_picked":["Sword Boomerang","Flex","Infernal Blade"],"picked":"SKIP","floor":7},{"not_picked":["Headbutt","Intimidate"],"picked":"Cleave","floor":8},{"not_picked":["Clothesline","Sword Boomerang","Anger","Thunderclap"],"picked":"SKIP","floor":11},{"not_picked":["Sentinel","Rupture","Pommel Strike"],"picked":"Berserk","floor":13},{"not_picked":["Searing Blow","Sever Soul","Cleave","Rage"],"picked":"SKIP","floor":14}],"player_experience":300827,"relics_obtained":[{"floor":7,"key":"Self Forming Clay"},{"floor":9,"key":"Question Card"},{"floor":11,"key":"MawBank"}],"event_choices":[{"damage_healed":0,"gold_gain":0,"player_choice":"Grow","damage_taken":0,"max_hp_gain":0,"max_hp_loss":0,"event_name":"Living Wall","floor":2,"gold_loss":0,"cards_upgraded":["Bash"]},{"cards_removed":["Doubt"],"damage_healed":0,"gold_gain":0,"player_choice":"Card Removal","damage_taken":7,"max_hp_gain":0,"max_hp_loss":0,"event_name":"Golden Wing","floor":4,"gold_loss":0},{"damage_healed":0,"gold_gain":0,"player_choice":"1 cards matched","damage_taken":0,"max_hp_gain":0,"max_hp_loss":0,"event_name":"Match and Keep!","floor":12,"gold_loss":0,"cards_obtained":["Bash"]}],"is_beta":false,"boss_relics":[],"items_purged_floors":[5,10],"is_endless":false,"potions_floor_spawned":[13,14],"killed_by":"The Guardian","ascension_level":7}