{"gold_per_floor":[116,131,131,144,69,97,97,156,225,241,241,241,260,260,260,356,356,343,343,343,442,0,0,0],"floor_reached":24,"playtime":604,"items_purged":["Strike_R"],"score":294,"play_id":"246d83c7-41c9-4303-bff5-49761510a459","local_time":"20191018002348","is_ascension_mode":true,"campfire_choices":[{"data":"Rampage","floor":7,"key":"SMITH"},{"floor":12,"key":"REST"},{"floor":15,"key":"REST"},{"floor":23,"key":"REST"}],"neow_cost":"NONE","seed_source_timestamp":473956311330500,"circlet_count":0,"master_deck":["Strike_R+1","Strike_R+1","Strike_R+1","Strike_R+1","Defend_R+1","Defend_R+1","Defend_R+1","Bash","Armaments+1","Cleave","Rampage+1","Berserk"],"relics":["Black Blood","NeowsBlessing","Juzu Bracelet","Strawberry","Pear"],"potions_floor_usage":[6,8,16,24],"damage_taken":[{"damage":0,"enemies":"Cultist","floor":1,"turns":1},{"damage":0,"enemies":"Jaw Worm","floor":2,"turns":1},{"damage":0,"enemies":"2 Louse","floor":4,"turns":1},{"damage":30,"enemies":"3 Sentries","floor":6,"turns":8},{"damage":36,"enemies":"Lagavulin Event","floor":8,"turns":5},{"damage":13,"enemies":"Exordium Thugs","floor":10,"turns":4},{"damage":23,"enemies":"Lots of Slimes","floor":13,"turns":4},{"damage":69,"enemies":"Hexaghost","floor":16,"turns":9},{"damage":43,"enemies":"2 Thieves","floor":18,"turns":4},{"damage":73,"enemies":"Book of Stabbing","floor":24,"turns":6}],"seed_played":"6204108039475319462","potions_obtained":[{"floor":1,"key":"AttackPotion"},{"floor":2,"key":"GamblersBrew"},{"floor":8,"key":"Dexterity Potion"},{"floor":18,"key":"Block Potion"}],"is_trial":false,"path_per_floor":["M","M","?","M","$","E","R","?","T","M","?","R","M","?","R","B",null,"M","?","?","?","?","R","E"],"character_chosen":"IRONCLAD","items_purchased":[],"campfire_rested":3,"item_purchase_floors":[],"current_hp_per_floor":[78,80,80,80,80,56,56,33,43,36,36,65,48,48,77,14,76,43,43,43,43,43,72,0],"gold":0,"neow_bonus":"THREE_ENEMY_KILL","is_prod":false,"is_daily":false,"chose_seed":false,"campfire_upgraded":1,"win_rate":0,"timestamp":1571376228,"path_taken":["M","?","?","M","$","E","R","?","T","M","?","R","M","?","R","BOSS","M","?","?","?","?","R","E"],"build_version":"2019-07-17","purchased_purges":1,"victory":false,"max_hp_per_floor":[80,80,80,80,80,80,80,87,97,97,97,97,97,97,97,97,97,97,97,97,97,97,97,97],"card_choices":[{"not_picked":["Rupture","Body Slam"],"picked":"Armaments","floor":1},{"not_picked":["Wild Strike","Entrench"],"picked":"Cleave","floor":2},{"not_picked":["Shrug It Off","Twin Strike"],"picked":"Rampage","floor":4},{"not_picked":["Clash","Second Wind","Seeing Red"],"picked":"SKIP","floor":6},{"not_picked":["Iron Wave","Heavy Blade","Havoc"],"picked":"SKIP","floor":10},{"not_picked":["Reckless Charge","Rupture","Evolve"],"picked":"SKIP","floor":13},{"not_picked":["Brutality","Juggernaut"],"picked":"Berserk","floor":16},{"not_picked":["Blood for Blood","Thunderclap","Sword Boomerang"],"picked":"SKIP","floor":18}],"player_experience":316396,"relics_obtained":[{"floor":6,"key":"Juzu Bracelet"},{"floor":8,"key":"Strawberry"},{"floor":9,"key":"Pear"}],"event_choices":[{"damage_healed":0,"gold_gain":0,"player_choice":"Upgraded","damage_taken":0,"max_hp_gain":0,"max_hp_loss":0,"event_name":"Upgrade Shrine","floor":3,"gold_loss":0,"cards_upgraded":["Armaments"]},{"damage_healed":0,"gold_gain":0,"player_choice":"Searched \u00271\u0027 times","damage_taken":0,"max_hp_gain":0,"max_hp_loss":0,"event_name":"Dead Adventurer","floor":8,"gold_loss":0},{"damage_healed":0,"gold_gain":0,"player_choice":"Ignored","damage_taken":0,"max_hp_gain":0,"max_hp_loss":0,"event_name":"Liars Game","floor":11,"gold_loss":0},{"damage_healed":0,"gold_gain":0,"player_choice":"Ignored","damage_taken":0,"max_hp_gain":0,"max_hp_loss":0,"event_name":"Shining Light","floor":14,"gold_loss":0},{"cards_removed":["Defend_R"],"damage_healed":0,"gold_gain":0,"player_choice":"Purged","damage_taken":0,"max_hp_gain":0,"max_hp_loss":0,"event_name":"Purifier","floor":19,"gold_loss":0},{"damage_healed":0,"gold_gain":0,"player_choice":"Simplicity","damage_taken":0,"max_hp_gain":0,"max_hp_loss":0,"event_name":"Back to Basics","floor":20,"gold_loss":0,"cards_upgraded":["Strike_R","Strike_R","Strike_R","Strike_R","Defend_R","Defend_R","Defend_R"]},{"damage_healed":0,"gold_gain":99,"player_choice":"Stole From Cult","damage_taken":0,"max_hp_gain":0,"max_hp_loss":0,"event_name":"Nest","floor":21,"gold_loss":0},{"damage_healed":0,"gold_gain":0,"player_choice":"Paid Fearfully","damage_taken":0,"max_hp_gain":0,"max_hp_loss":0,"event_name":"Masked Bandits","floor":22,"gold_loss":442}],"is_beta":false,"boss_relics":[{"not_picked":["Ectoplasm","Black Star"],"picked":"Black Blood"}],"items_purged_floors":[5],"is_endless":false,"potions_floor_spawned":[1,2,8,18],"killed_by":"Book of Stabbing","ascension_level":8}