{"gold_per_floor":[115,115,80,91,91,125,161,195,195,220,220,220],"floor_reached":12,"playtime":323,"items_purged":[],"score":128,"play_id":"f96104af-8cbc-44e4-8055-326d94dd1b08","local_time":"20190428163928","is_ascension_mode":true,"campfire_choices":[{"floor":11,"key":"REST"}],"neow_cost":"NONE","seed_source_timestamp":927036678431300,"circlet_count":0,"master_deck":["Strike_B","Strike_B+1","Strike_B","Strike_B","Defend_B","Defend_B","Defend_B+1","Defend_B","Zap","Dualcast","Defragment","Conserve Battery","Fusion","Sweeping Beam","Defragment","Loop+1"],"relics":["Cracked Core","NeowsBlessing","Golden Idol","Turnip","Odd Mushroom","Blue Candle","Frozen Egg 2"],"potions_floor_usage":[8,8],"damage_taken":[{"damage":0,"enemies":"2 Louse","floor":1,"turns":1},{"damage":0,"enemies":"Jaw Worm","floor":4,"turns":1},{"damage":0,"enemies":"3 Sentries","floor":6,"turns":1},{"damage":45,"enemies":"The Mushroom Lair","floor":7,"turns":5},{"damage":7,"enemies":"Lagavulin","floor":8,"turns":7},{"damage":4,"enemies":"Small Slimes","floor":10,"turns":3},{"damage":31,"enemies":"Gremlin Nob","floor":12,"turns":3}],"seed_played":"-3395068523177291159","potions_obtained":[{"floor":1,"key":"Dexterity Potion"},{"floor":4,"key":"Swift Potion"}],"is_trial":false,"path_per_floor":["M","?","?","M","?","E","?","E","T","M","R","E"],"character_chosen":"DEFECT","items_purchased":[],"campfire_rested":1,"item_purchase_floors":[],"current_hp_per_floor":[75,60,75,75,57,57,12,5,5,1,23,0],"gold":220,"neow_bonus":"THREE_ENEMY_KILL","is_prod":false,"is_daily":false,"chose_seed":false,"campfire_upgraded":0,"win_rate":0,"timestamp":1556462368,"path_taken":["M","?","?","M","?","E","?","E","T","M","R","E"],"build_version":"2019-01-23","purchased_purges":0,"victory":false,"max_hp_per_floor":[75,75,75,75,75,75,75,75,75,75,75,75],"card_choices":[{"not_picked":["BootSequence","Heatsinks"],"picked":"Defragment","floor":1},{"not_picked":["Turbo","Hologram"],"picked":"Conserve Battery","floor":4},{"not_picked":["Hologram","Streamline"],"picked":"Fusion","floor":6},{"not_picked":["Hologram","Barrage"],"picked":"Sweeping Beam","floor":7},{"not_picked":["All For One","Coolheaded"],"picked":"Defragment","floor":8},{"not_picked":["Coolheaded","Beam Cell"],"picked":"Loop+1","floor":10}],"player_experience":300309,"relics_obtained":[{"floor":6,"key":"Turnip"},{"floor":7,"key":"Odd Mushroom"},{"floor":8,"key":"Blue Candle"},{"floor":9,"key":"Frozen Egg 2"}],"event_choices":[{"damage_healed":0,"gold_gain":0,"player_choice":"Entered Light","damage_taken":15,"max_hp_gain":0,"max_hp_loss":0,"event_name":"Shining Light","floor":2,"gold_loss":0,"cards_upgraded":["Defend_B","Strike_B"]},{"damage_healed":18,"gold_gain":0,"player_choice":"Healed","damage_taken":0,"max_hp_gain":0,"max_hp_loss":0,"event_name":"The Cleric","floor":3,"gold_loss":35},{"damage_healed":0,"gold_gain":0,"player_choice":"Take Damage","damage_taken":18,"relics_obtained":["Golden Idol"],"max_hp_gain":0,"max_hp_loss":0,"event_name":"Golden Idol","floor":5,"gold_loss":0},{"damage_healed":0,"gold_gain":0,"player_choice":"Fought Mushrooms","damage_taken":0,"max_hp_gain":0,"max_hp_loss":0,"event_name":"Mushrooms","floor":7,"gold_loss":0}],"is_beta":false,"boss_relics":[],"items_purged_floors":[],"is_endless":false,"potions_floor_spawned":[1,4],"killed_by":"Gremlin Nob","ascension_level":3}