{"gold_per_floor":[114,114,23,34,34,68,68,96,96,96],"floor_reached":10,"playtime":443,"items_purged":[],"score":85,"play_id":"5a9a0666-94c3-4738-9653-61c7c5e536b0","local_time":"20190731174111","is_ascension_mode":true,"campfire_choices":[{"data":"Berserk","floor":7,"key":"SMITH"}],"neow_cost":"NONE","seed_source_timestamp":1479412758280700,"circlet_count":0,"master_deck":["Strike_R","Strike_R","Strike_R","Strike_R","Defend_R","Defend_R","Defend_R","Defend_R","Bash","Offering","Battle Trance","Blind","Rupture","Entrench","Berserk+1","Sword Boomerang"],"relics":["Burning Blood","Self Forming Clay","Art of War","Shuriken","Lantern"],"potions_floor_usage":[8,10],"damage_taken":[{"damage":3,"enemies":"2 Louse","floor":1,"turns":3},{"damage":8,"enemies":"Jaw Worm","floor":4,"turns":3},{"damage":28,"enemies":"Gremlin Nob","floor":6,"turns":4},{"damage":38,"enemies":"3 Sentries","floor":8,"turns":11},{"damage":17,"enemies":"Lagavulin","floor":10,"turns":6}],"seed_played":"5331046554101981094","potions_obtained":[{"floor":6,"key":"SteroidPotion"},{"floor":8,"key":"SkillPotion"}],"is_trial":false,"path_per_floor":["M","?","$","M","?","E","R","E","T","E"],"character_chosen":"IRONCLAD","items_purchased":["Blind"],"campfire_rested":0,"item_purchase_floors":[3],"current_hp_per_floor":[80,68,68,66,66,44,44,12,12,0],"gold":96,"neow_bonus":"ONE_RANDOM_RARE_CARD","is_prod":false,"is_daily":false,"chose_seed":false,"campfire_upgraded":1,"win_rate":0,"timestamp":1564587671,"path_taken":["M","?","$","M","?","E","R","E","T","E"],"build_version":"2019-07-18","purchased_purges":0,"victory":false,"max_hp_per_floor":[80,80,80,80,80,80,80,80,80,80],"card_choices":[{"not_picked":["Clothesline","Armaments"],"picked":"Battle Trance","floor":1},{"not_picked":["Flex","Armaments"],"picked":"Rupture","floor":4},{"not_picked":["Armaments","Shrug It Off"],"picked":"Berserk","floor":6},{"not_picked":["Rampage","Shrug It Off"],"picked":"Sword Boomerang","floor":8}],"player_experience":124875,"relics_obtained":[{"floor":6,"key":"Art of War"},{"floor":8,"key":"Shuriken"},{"floor":9,"key":"Lantern"}],"event_choices":[{"damage_healed":0,"gold_gain":0,"player_choice":"Success","damage_taken":12,"relics_obtained":["Self Forming Clay"],"max_hp_gain":0,"max_hp_loss":0,"event_name":"Scrap Ooze","floor":2,"gold_loss":0},{"damage_healed":0,"gold_gain":0,"cards_transformed":["Strike_R"],"player_choice":"Change","damage_taken":0,"max_hp_gain":0,"max_hp_loss":0,"event_name":"Living Wall","floor":5,"gold_loss":0,"cards_obtained":["Entrench"]}],"is_beta":true,"boss_relics":[],"items_purged_floors":[],"is_endless":false,"potions_floor_spawned":[6,8],"killed_by":"Lagavulin","ascension_level":3}