{"gold_per_floor":[111,122,47,47,66,100,114,114,114,114,133,133,233,264,264,364,364,378,389,400,400,48,48,48,48,48,79,79,95,130,229,229,328,328,345,39,49,49,61,61,75,75,75,75,75,75,75],"floor_reached":47,"playtime":1185,"items_purged":["Strike_R","Strike_R"],"score":684,"play_id":"97585f4b-d20c-4021-843c-8e1741611a7b","local_time":"20191018010358","is_ascension_mode":true,"campfire_choices":[{"data":"Bludgeon","floor":8,"key":"SMITH"},{"floor":10,"key":"REST"},{"floor":12,"key":"REST"},{"floor":15,"key":"REST"},{"floor":23,"key":"REST"},{"data":"Ghostly","floor":28,"key":"SMITH"},{"data":"Immolate","floor":32,"key":"SMITH"},{"data":"Ghostly","floor":40,"key":"SMITH"},{"floor":42,"key":"REST"},{"data":"Ghostly","floor":46,"key":"SMITH"}],"neow_cost":"TEN_PERCENT_HP_LOSS","seed_source_timestamp":475785353929800,"circlet_count":0,"master_deck":["Strike_R","Strike_R","Strike_R","Defend_R","Defend_R","Defend_R","Defend_R","Bash+1","Bludgeon+1","Rampage+1","Immolate+1","Ghostly+1","Ghostly+1","Ghostly+1","Ghostly","Ghostly","Dropkick+1","Corruption+1"],"relics":["Black Blood","Ginger","Dodecahedron","Ornamental Fan","Paper Frog","Mercury Hourglass","Whetstone","Vajra","Busted Crown","Pear","CultistMask","Bag of Preparation","Ancient Tea Set"],"potions_floor_usage":[5,6,6,7,16,19,30,33,41,41,47],"damage_taken":[{"damage":0,"enemies":"Cultist","floor":1,"turns":3},{"damage":12,"enemies":"Jaw Worm","floor":2,"turns":3},{"damage":0,"enemies":"2 Louse","floor":5,"turns":3},{"damage":40,"enemies":"3 Sentries","floor":6,"turns":5},{"damage":24,"enemies":"Gremlin Gang","floor":7,"turns":4},{"damage":8,"enemies":"Blue Slaver","floor":11,"turns":2},{"damage":35,"enemies":"Lagavulin","floor":14,"turns":4},{"damage":51,"enemies":"The Guardian","floor":16,"turns":9},{"damage":34,"enemies":"Shell Parasite","floor":18,"turns":4},{"damage":2,"enemies":"Chosen","floor":19,"turns":3},{"damage":26,"enemies":"Centurion and Healer","floor":20,"turns":4},{"damage":3,"enemies":"Slavers","floor":27,"turns":5},{"damage":13,"enemies":"Chosen and Byrds","floor":29,"turns":4},{"damage":6,"enemies":"Gremlin Leader","floor":30,"turns":6},{"damage":24,"enemies":"Collector","floor":33,"turns":7},{"damage":0,"enemies":"Orb Walker","floor":35,"turns":4},{"damage":3,"enemies":"3 Shapes","floor":37,"turns":3},{"damage":0,"enemies":"Transient","floor":39,"turns":5},{"damage":38,"enemies":"Writhing Mass","floor":41,"turns":4},{"damage":92,"enemies":"Giant Head","floor":47,"turns":7}],"seed_played":"558586540291915995","potions_obtained":[{"floor":4,"key":"SkillPotion"},{"floor":4,"key":"Block Potion"},{"floor":4,"key":"LiquidBronze"},{"floor":5,"key":"Fire Potion"},{"floor":11,"key":"Swift Potion"},{"floor":16,"key":"PowerPotion"},{"floor":19,"key":"Ancient Potion"},{"floor":30,"key":"SpeedPotion"},{"floor":37,"key":"BloodPotion"},{"floor":39,"key":"Dexterity Potion"}],"is_trial":false,"path_per_floor":["M","M","$","?","M","E","M","R","T","R","M","R","?","E","R","B",null,"M","M","M","?","$","R","?","?","T","E","R","M","E","?","R","B",null,"M","$","M","?","M","R","M","R","T","T","?","R","E"],"character_chosen":"IRONCLAD","items_purchased":["Paper Frog","Pear","SteroidPotion"],"campfire_rested":5,"item_purchase_floors":[22,36,36],"current_hp_per_floor":[72,66,66,66,72,38,20,20,20,41,39,60,60,31,52,7,56,32,40,24,11,11,34,59,38,38,38,38,35,38,38,38,24,35,38,48,48,48,48,48,32,46,46,46,46,46,0],"gold":75,"neow_bonus":"THREE_RARE_CARDS","is_prod":false,"is_daily":false,"chose_seed":false,"campfire_upgraded":5,"win_rate":0,"timestamp":1571378638,"path_taken":["M","M","?","?","?","E","M","R","T","R","M","R","?","E","R","BOSS","M","M","?","?","$","R","?","?","T","E","R","M","E","?","R","BOSS","M","$","M","?","?","R","M","R","T","?","?","R","E"],"build_version":"2019-07-17","purchased_purges":2,"victory":false,"max_hp_per_floor":[72,72,72,72,72,72,72,72,72,72,72,72,72,72,72,72,72,72,72,72,77,77,77,77,38,38,38,38,38,38,38,38,38,38,38,48,48,48,48,48,48,48,48,48,48,48,48],"card_choices":[{"not_picked":["Fiend Fire","Juggernaut"],"picked":"Bludgeon","floor":0},{"not_picked":["Havoc","Anger","Flex"],"picked":"SKIP","floor":1},{"not_picked":["Heavy Blade","Iron Wave","Berserk"],"picked":"SKIP","floor":2},{"not_picked":["Wild Strike","Perfected Strike","Body Slam"],"picked":"SKIP","floor":5},{"not_picked":["Body Slam","Shockwave"],"picked":"Rampage","floor":6},{"not_picked":["Perfected Strike","Heavy Blade","Shockwave"],"picked":"SKIP","floor":7},{"not_picked":["Dropkick","Ghostly Armor","Body Slam"],"picked":"SKIP","floor":11},{"not_picked":["Armaments","Perfected Strike","Fiend Fire"],"picked":"SKIP","floor":14},{"not_picked":["Impervious","Exhume"],"picked":"Immolate","floor":16},{"not_picked":["Heavy Blade","Shrug It Off","True Grit"],"picked":"SKIP","floor":18},{"not_picked":["Rage","Thunderclap","Intimidate"],"picked":"SKIP","floor":19},{"not_picked":["Reckless Charge","Metallicize","Pommel Strike"],"picked":"SKIP","floor":20},{"not_picked":["Disarm","Evolve"],"picked":"Dropkick+1","floor":27},{"not_picked":["True Grit+1","Warcry"],"picked":"Corruption+1","floor":29},{"not_picked":["Pommel Strike","Heavy Blade","Body Slam+1"],"picked":"SKIP","floor":30},{"not_picked":["Shrug It Off+1"],"picked":"SKIP","floor":35},{"not_picked":["Ghostly Armor+1"],"picked":"SKIP","floor":37},{"not_picked":["Clothesline"],"picked":"SKIP","floor":39},{"not_picked":["Fire Breathing+1"],"picked":"SKIP","floor":41}],"player_experience":318124,"relics_obtained":[{"floor":6,"key":"Ginger"},{"floor":9,"key":"Dodecahedron"},{"floor":14,"key":"Ornamental Fan"},{"floor":26,"key":"Mercury Hourglass"},{"floor":27,"key":"Whetstone"},{"floor":30,"key":"Vajra"},{"floor":43,"key":"Bag of Preparation"},{"floor":44,"key":"Ancient Tea Set"}],"event_choices":[{"damage_healed":0,"gold_gain":0,"player_choice":"Got Potions","damage_taken":0,"max_hp_gain":0,"max_hp_loss":0,"event_name":"Lab","floor":4,"gold_loss":0},{"damage_healed":0,"gold_gain":100,"player_choice":"Pray","damage_taken":0,"max_hp_gain":0,"max_hp_loss":0,"event_name":"Golden Shrine","floor":13,"gold_loss":0},{"damage_healed":0,"gold_gain":0,"player_choice":"Shed Blood","damage_taken":18,"max_hp_gain":5,"max_hp_loss":0,"event_name":"Forgotten Altar","floor":21,"gold_loss":0},{"damage_healed":25,"gold_gain":0,"player_choice":"Heal","damage_taken":0,"max_hp_gain":0,"max_hp_loss":0,"event_name":"The Library","floor":24,"gold_loss":0},{"damage_healed":0,"gold_gain":0,"player_choice":"Became a Ghost","damage_taken":0,"max_hp_gain":0,"max_hp_loss":39,"event_name":"Ghosts","floor":25,"gold_loss":0,"cards_obtained":["Ghostly","Ghostly","Ghostly","Ghostly","Ghostly"]},{"damage_healed":0,"gold_gain":99,"player_choice":"Stole From Cult","damage_taken":0,"max_hp_gain":0,"max_hp_loss":0,"event_name":"Nest","floor":31,"gold_loss":0},{"damage_healed":0,"gold_gain":0,"player_choice":"Trade","damage_taken":0,"relics_obtained":["CultistMask"],"max_hp_gain":0,"max_hp_loss":0,"event_name":"FaceTrader","floor":38,"gold_loss":0},{"damage_healed":0,"gold_gain":0,"player_choice":"Memory 1","damage_taken":0,"max_hp_gain":0,"max_hp_loss":0,"event_name":"SensoryStone","floor":45,"gold_loss":0}],"is_beta":false,"boss_relics":[{"not_picked":["Runic Pyramid","Black Star"],"picked":"Black Blood"},{"not_picked":["Coffee Dripper","Astrolabe"],"picked":"Busted Crown"}],"items_purged_floors":[3,22],"is_endless":false,"potions_floor_spawned":[5,11,16,19,30,37,39],"killed_by":"Giant Head","ascension_level":8}