{"gold_per_floor":[119,138,138,150,6,20,38,38,38,69,69,22,41,70,70,70],"floor_reached":16,"playtime":637,"items_purged":["Regret"],"score":134,"play_id":"07df3455-63ba-4738-ade3-8f227eebd734","local_time":"20190502205523","is_ascension_mode":true,"campfire_choices":[{"floor":11,"key":"REST"},{"floor":15,"key":"REST"}],"neow_cost":"CURSE","seed_source_timestamp":1287680220008500,"circlet_count":0,"master_deck":["Defend_G+1","Defend_G","Defend_G","Defend_G+1","Defend_G","Strike_G","Strike_G","Strike_G","Strike_G","Strike_G","Survivor","Neutralize","Clumsy","Crippling Poison","Quick Slash","Heel Hook","Footwork","Choke","Flechettes","Acrobatics","Poisoned Stab","Blade Dance","Slice"],"relics":["Ring of the Snake","Girya","War Paint","Orichalcum","Letter Opener","Ornamental Fan"],"potions_floor_usage":[7],"damage_taken":[{"damage":2,"enemies":"Cultist","floor":1,"turns":4},{"damage":8,"enemies":"Jaw Worm","floor":2,"turns":5},{"damage":9,"enemies":"2 Louse","floor":4,"turns":3},{"damage":0,"enemies":"2 Fungi Beasts","floor":6,"turns":4},{"damage":0,"enemies":"Exordium Wildlife","floor":7,"turns":2},{"damage":32,"enemies":"Lagavulin","floor":10,"turns":11},{"damage":0,"enemies":"Red Slaver","floor":13,"turns":4},{"damage":28,"enemies":"Gremlin Nob","floor":14,"turns":5},{"damage":33,"enemies":"Hexaghost","floor":16,"turns":9}],"seed_played":"-4890524628451257529","potions_obtained":[{"floor":4,"key":"SpeedPotion"},{"floor":6,"key":"AttackPotion"},{"floor":10,"key":"Dexterity Potion"}],"is_trial":false,"path_per_floor":["M","M","?","M","$","M","M","$","T","E","R","$","M","E","R","B"],"character_chosen":"THE_SILENT","items_purchased":["Footwork","Poisoned Stab"],"campfire_rested":2,"item_purchase_floors":[5,12],"current_hp_per_floor":[68,60,60,51,51,51,51,51,51,19,40,40,40,12,33,0],"gold":70,"neow_bonus":"ONE_RARE_RELIC","is_prod":false,"is_daily":false,"chose_seed":false,"campfire_upgraded":0,"win_rate":0,"timestamp":1556823323,"path_taken":["M","?","?","M","$","M","M","?","T","E","R","$","?","E","R","BOSS"],"build_version":"2019-01-23","purchased_purges":1,"victory":false,"max_hp_per_floor":[70,70,70,70,70,70,70,70,70,70,70,70,70,70,70,70],"card_choices":[{"not_picked":["Bane","Backflip"],"picked":"Crippling Poison","floor":1},{"not_picked":["Acrobatics","Riddle With Holes"],"picked":"Quick Slash","floor":2},{"not_picked":["Backflip","Dagger Throw"],"picked":"Heel Hook","floor":4},{"not_picked":["Terror","Endless Agony"],"picked":"Choke","floor":6},{"not_picked":["Quick Slash","Outmaneuver"],"picked":"Flechettes","floor":7},{"not_picked":["Dagger Spray","Finisher"],"picked":"Acrobatics","floor":10},{"not_picked":["Outmaneuver","Flying Knee"],"picked":"Blade Dance","floor":13},{"not_picked":["Wraith Form v2","Masterful Stab"],"picked":"Slice","floor":14}],"player_experience":315063,"relics_obtained":[{"floor":9,"key":"Orichalcum"},{"floor":10,"key":"Letter Opener"},{"floor":14,"key":"Ornamental Fan"}],"event_choices":[{"damage_healed":0,"gold_gain":0,"player_choice":"Box","damage_taken":0,"relics_obtained":["War Paint"],"max_hp_gain":0,"max_hp_loss":0,"event_name":"Big Fish","floor":3,"gold_loss":0,"cards_obtained":["Regret"]}],"is_beta":false,"boss_relics":[],"items_purged_floors":[5],"is_endless":false,"potions_floor_spawned":[4,6,10],"killed_by":"Hexaghost","ascension_level":4}