{"gold_per_floor":[112,112,126,51,51,51,79,79,79,89,121,121,148,166,166,270,270,289,289,303,253,353,353,367,402,402,402,97,110,128,138,138,236,236,251,47,60,73,73,73,86,86,86,36,54,73,23,43,43,43],"floor_reached":51,"playtime":1797,"items_purged":["Strike_R","Strike_R","Defend_R","Defend_R","Strike_R","Parasite"],"score":1055,"play_id":"62f85136-b243-4e62-a8ed-c93a70877dfb","local_time":"20191016035145","is_ascension_mode":true,"campfire_choices":[{"data":"Rampage","floor":6,"key":"SMITH"},{"data":"Bash","floor":8,"key":"SMITH"},{"data":"Clothesline","floor":15,"key":"SMITH"},{"data":"Ghostly","floor":23,"key":"SMITH"},{"data":"Ghostly","floor":27,"key":"SMITH"},{"data":"Ghostly","floor":32,"key":"SMITH"},{"floor":40,"key":"REST"},{"data":"Ghostly","floor":42,"key":"SMITH"},{"data":"Ghostly","floor":49,"key":"SMITH"}],"neow_cost":"NONE","seed_source_timestamp":312424449918000,"circlet_count":0,"master_deck":["Strike_R","Defend_R","Defend_R","Bash+1","Rampage+1","Cleave+1","Clothesline+1","Ghostly+1","Ghostly+1","Ghostly+1","Ghostly+1","Ghostly+1","Shockwave+1","Infernal Blade+1","Pommel Strike+1"],"relics":["Black Blood","NeowsBlessing","Centennial Puzzle","Smiling Mask","Kunai","Red Skull","Orichalcum","Lizard Tail","Mercury Hourglass","Dodecahedron","Pear","Happy Flower","Vajra"],"potions_floor_usage":[11,16,31,33,50,50,50],"damage_taken":[{"damage":0,"enemies":"Small Slimes","floor":1,"turns":1},{"damage":0,"enemies":"Jaw Worm","floor":3,"turns":1},{"damage":0,"enemies":"Gremlin Nob","floor":7,"turns":1},{"damage":5,"enemies":"2 Louse","floor":10,"turns":2},{"damage":40,"enemies":"Lagavulin","floor":11,"turns":4},{"damage":30,"enemies":"3 Sentries","floor":13,"turns":4},{"damage":5,"enemies":"Looter","floor":14,"turns":2},{"damage":15,"enemies":"Slime Boss","floor":16,"turns":6},{"damage":34,"enemies":"3 Byrds","floor":18,"turns":6},{"damage":16,"enemies":"Spheric Guardian","floor":20,"turns":6},{"damage":9,"enemies":"Shelled Parasite and Fungi","floor":24,"turns":7},{"damage":0,"enemies":"Gremlin Leader","floor":25,"turns":7},{"damage":1,"enemies":"Snecko","floor":29,"turns":5},{"damage":0,"enemies":"Centurion and Healer","floor":30,"turns":7},{"damage":2,"enemies":"Cultist and Chosen","floor":31,"turns":6},{"damage":48,"enemies":"Champ","floor":33,"turns":13},{"damage":0,"enemies":"3 Darklings","floor":35,"turns":5},{"damage":24,"enemies":"3 Shapes","floor":37,"turns":3},{"damage":22,"enemies":"Spire Growth","floor":38,"turns":6},{"damage":9,"enemies":"Writhing Mass","floor":41,"turns":7},{"damage":4,"enemies":"4 Shapes","floor":45,"turns":4},{"damage":0,"enemies":"3 Darklings","floor":46,"turns":6},{"damage":0,"enemies":"Jaw Worm Horde","floor":48,"turns":4},{"damage":70,"enemies":"Awakened One","floor":50,"turns":12}],"seed_played":"-2556795735589530917","potions_obtained":[{"floor":1,"key":"Poison Potion"},{"floor":13,"key":"GamblersBrew"},{"floor":18,"key":"GamblersBrew"},{"floor":31,"key":"Energy Potion"},{"floor":33,"key":"Ancient Potion"},{"floor":35,"key":"Ancient Potion"},{"floor":37,"key":"Weak Potion"},{"floor":46,"key":"PowerPotion"}],"is_trial":false,"path_per_floor":["M","?","M","$","?","R","E","R","T","M","E","?","E","M","R","B",null,"M","?","M","$","?","R","M","E","T","R","$","M","M","M","R","B",null,"M","$","M","M","?","R","M","R","T","$","M","M","$","M","R","B",null],"character_chosen":"IRONCLAD","items_purchased":["Pear","Happy Flower"],"campfire_rested":1,"item_purchase_floors":[28,36],"current_hp_per_floor":[78,71,77,77,74,74,80,80,80,80,46,46,22,23,23,14,64,36,36,26,26,26,26,23,29,29,29,39,44,50,50,50,8,40,50,50,36,24,19,34,35,35,35,35,41,50,47,47,47,18],"gold":43,"neow_bonus":"THREE_ENEMY_KILL","is_prod":false,"is_daily":false,"chose_seed":false,"campfire_upgraded":8,"win_rate":0,"timestamp":1571215905,"path_taken":["M","?","M","$","?","R","E","R","T","M","E","?","E","M","R","BOSS","M","?","M","$","?","R","M","E","T","R","$","M","M","?","R","BOSS","M","$","M","M","?","R","M","R","T","?","M","M","$","M","R","BOSS"],"build_version":"2019-07-17","purchased_purges":6,"victory":true,"max_hp_per_floor":[80,80,80,80,80,80,80,80,80,80,80,80,80,80,80,80,80,80,40,40,40,40,40,40,40,40,40,50,50,50,50,50,50,50,50,50,50,50,50,50,50,50,50,50,50,50,47,47,47,47],"card_choices":[{"not_picked":["Warcry","Flex"],"picked":"Rampage","floor":1},{"not_picked":["Perfected Strike","Twin Strike"],"picked":"Cleave","floor":3},{"not_picked":["Headbutt","Heavy Blade","Shrug It Off"],"picked":"SKIP","floor":7},{"not_picked":["Twin Strike","Disarm","Metallicize"],"picked":"SKIP","floor":10},{"not_picked":["Body Slam","Disarm","Seeing Red"],"picked":"SKIP","floor":11},{"not_picked":["Headbutt","Flex","Offering"],"picked":"SKIP","floor":13},{"not_picked":["Pommel Strike","Infernal Blade"],"picked":"Clothesline","floor":14},{"not_picked":["True Grit","Corruption","Spot Weakness"],"picked":"SKIP","floor":18},{"not_picked":["Ghostly Armor","Corruption"],"picked":"Shockwave+1","floor":20},{"not_picked":["Warcry","Spot Weakness","Perfected Strike"],"picked":"SKIP","floor":24},{"not_picked":["Perfected Strike","Wild Strike","Entrench+1"],"picked":"SKIP","floor":25},{"not_picked":["Rupture","Clash","Perfected Strike+1"],"picked":"SKIP","floor":29},{"not_picked":["Power Through","True Grit","Wild Strike"],"picked":"SKIP","floor":30},{"not_picked":["Rampage","Offering","Headbutt"],"picked":"SKIP","floor":31},{"not_picked":["Heavy Blade","Combust+1"],"picked":"Infernal Blade+1","floor":35},{"not_picked":["Rampage","Havoc+1","True Grit+1"],"picked":"SKIP","floor":37},{"not_picked":["Havoc+1","Anger","Perfected Strike+1"],"picked":"SKIP","floor":38},{"not_picked":["Rupture+1","Flex","Sword Boomerang+1"],"picked":"SKIP","floor":41},{"not_picked":["Sword Boomerang","Dual Wield+1","Wild Strike"],"picked":"SKIP","floor":45},{"not_picked":["Clothesline+1","Infernal Blade","Anger+1"],"picked":"SKIP","floor":46},{"not_picked":["Sword Boomerang","Impervious"],"picked":"Pommel Strike+1","floor":48}],"player_experience":314599,"relics_obtained":[{"floor":7,"key":"Smiling Mask"},{"floor":9,"key":"Kunai"},{"floor":11,"key":"Red Skull"},{"floor":13,"key":"Orichalcum"},{"floor":25,"key":"Mercury Hourglass"},{"floor":26,"key":"Dodecahedron"},{"floor":43,"key":"Vajra"}],"event_choices":[{"cards_removed":["Strike_R"],"damage_healed":0,"gold_gain":0,"player_choice":"Card Removal","damage_taken":7,"max_hp_gain":0,"max_hp_loss":0,"event_name":"Golden Wing","floor":2,"gold_loss":0},{"damage_healed":0,"gold_gain":0,"player_choice":"Success","damage_taken":3,"relics_obtained":["Centennial Puzzle"],"max_hp_gain":0,"max_hp_loss":0,"event_name":"Scrap Ooze","floor":5,"gold_loss":0},{"damage_healed":0,"gold_gain":0,"player_choice":"Grow","damage_taken":0,"max_hp_gain":0,"max_hp_loss":0,"event_name":"Living Wall","floor":12,"gold_loss":0,"cards_upgraded":["Cleave"]},{"damage_healed":0,"gold_gain":0,"player_choice":"Became a Ghost","damage_taken":0,"max_hp_gain":0,"max_hp_loss":40,"event_name":"Ghosts","floor":19,"gold_loss":0,"cards_obtained":["Ghostly","Ghostly","Ghostly","Ghostly","Ghostly"]},{"damage_healed":0,"gold_gain":100,"player_choice":"Pray","damage_taken":0,"max_hp_gain":0,"max_hp_loss":0,"event_name":"Golden Shrine","floor":22,"gold_loss":0},{"damage_healed":0,"gold_gain":0,"player_choice":"Damaged","damage_taken":5,"max_hp_gain":0,"max_hp_loss":0,"event_name":"Wheel of Change","floor":39,"gold_loss":0}],"is_beta":false,"boss_relics":[{"not_picked":["Philosopher\u0027s Stone","Velvet Choker"],"picked":"Lizard Tail"},{"not_picked":["Black Star","Astrolabe"],"picked":"Black Blood"}],"items_purged_floors":[4,21,28,36,44,47],"is_endless":false,"potions_floor_spawned":[1,13,18,31,33,35,37,46,48],"ascension_level":7}