{"gold_per_floor":[116,116,116,130,140,140,172,183,228,228,245,245,256,270,270,270],"floor_reached":16,"playtime":771,"items_purged":[],"score":104,"play_id":"50f83b10-0892-4f09-9b2b-1624dbb736bb","local_time":"20191019211658","is_ascension_mode":false,"campfire_choices":[{"data":"Skewer","floor":6,"key":"SMITH"},{"data":"Footwork","floor":10,"key":"SMITH"},{"data":"Neutralize","floor":12,"key":"SMITH"},{"data":"Heel Hook","floor":15,"key":"SMITH"}],"neow_cost":"NONE","seed_source_timestamp":2070079079796542,"circlet_count":0,"master_deck":["Strike_G","Strike_G","Strike_G","Strike_G","Strike_G","Defend_G","Defend_G","Defend_G","Defend_G","Defend_G","Survivor","Neutralize+1","Flying Knee","Sucker Punch","Skewer+1","Riddle With Holes","Footwork+1","Heel Hook+1","Heel Hook","Masterful Stab"],"relics":["Ring of the Snake","Letter Opener","PreservedInsect","Lantern"],"potions_floor_usage":[7,7,16],"damage_taken":[{"damage":0,"enemies":"2 Louse","floor":1,"turns":3},{"damage":3,"enemies":"Jaw Worm","floor":4,"turns":5},{"damage":0,"enemies":"Small Slimes","floor":5,"turns":4},{"damage":24,"enemies":"Lagavulin","floor":7,"turns":7},{"damage":1,"enemies":"Red Slaver","floor":8,"turns":4},{"damage":0,"enemies":"Looter","floor":11,"turns":3},{"damage":0,"enemies":"Exordium Wildlife","floor":13,"turns":3},{"damage":4,"enemies":"Blue Slaver","floor":14,"turns":3},{"damage":44,"enemies":"Hexaghost","floor":16,"turns":11}],"seed_played":"8436718161472496178","potions_obtained":[{"floor":1,"key":"Swift Potion"},{"floor":5,"key":"Swift Potion"},{"floor":11,"key":"Weak Potion"}],"is_trial":false,"path_per_floor":["M","?","?","M","M","R","E","M","T","R","M","R","M","M","R","B"],"character_chosen":"THE_SILENT","items_purchased":[],"campfire_rested":0,"item_purchase_floors":[],"current_hp_per_floor":[77,65,70,67,67,67,43,42,42,42,42,42,42,38,38,0],"gold":270,"neow_bonus":"TEN_PERCENT_HP_BONUS","is_prod":false,"is_daily":false,"chose_seed":false,"campfire_upgraded":4,"win_rate":0.0,"timestamp":1571534218,"path_taken":["M","?","?","M","M","R","E","M","T","R","M","R","M","M","R","BOSS"],"build_version":"2019-07-17","purchased_purges":0,"victory":false,"max_hp_per_floor":[77,77,82,82,82,82,82,82,82,82,82,82,82,82,82,82],"card_choices":[{"not_picked":["Reflex","Slice"],"picked":"Flying Knee","floor":1},{"not_picked":["Poisoned Stab","Flechettes"],"picked":"Sucker Punch","floor":4},{"not_picked":["Outmaneuver","Terror"],"picked":"Skewer","floor":5},{"not_picked":["Acrobatics","Outmaneuver"],"picked":"Riddle With Holes","floor":7},{"not_picked":["Blur","Deflect"],"picked":"Footwork","floor":8},{"not_picked":["Flying Knee","Flechettes"],"picked":"Heel Hook","floor":11},{"not_picked":["Tactician","Skewer"],"picked":"Heel Hook","floor":13},{"not_picked":["Prepared","Underhanded Strike"],"picked":"Masterful Stab","floor":14}],"player_experience":14388,"relics_obtained":[{"floor":7,"key":"PreservedInsect"},{"floor":9,"key":"Lantern"}],"event_choices":[{"damage_healed":0,"gold_gain":0,"player_choice":"Success","damage_taken":12,"relics_obtained":["Letter Opener"],"max_hp_gain":0,"max_hp_loss":0,"event_name":"Scrap Ooze","floor":2,"gold_loss":0},{"damage_healed":0,"gold_gain":0,"player_choice":"Donut","damage_taken":0,"max_hp_gain":5,"max_hp_loss":0,"event_name":"Big Fish","floor":3,"gold_loss":0}],"is_beta":false,"boss_relics":[],"items_purged_floors":[],"is_endless":false,"potions_floor_spawned":[1,5,11],"killed_by":"Hexaghost","ascension_level":0}