{"gold_per_floor":[109,109,31,45,70,105,123,140,166,77,102,102,132,142,142,142],"floor_reached":16,"playtime":379,"items_purged":["Strike_R"],"score":207,"play_id":"aa563624-e749-4bc2-be5e-111954914ff5","local_time":"20191016032054","is_ascension_mode":true,"campfire_choices":[{"data":"Rampage","floor":12,"key":"SMITH"},{"data":"Shrug It Off","floor":15,"key":"SMITH"}],"neow_cost":"NONE","seed_source_timestamp":312003062181300,"circlet_count":0,"master_deck":["Strike_R","Strike_R","Strike_R","Strike_R","Defend_R","Defend_R","Defend_R","Defend_R","Bash","Rampage+1","Barricade","Cleave","Shrug It Off+1"],"relics":["Burning Blood","NeowsBlessing","Lantern","Mango","MawBank","Odd Mushroom","Pear"],"potions_floor_usage":[8,13,16,16,16],"damage_taken":[{"damage":0,"enemies":"2 Louse","floor":1,"turns":1},{"damage":0,"enemies":"Cultist","floor":4,"turns":1},{"damage":0,"enemies":"Lagavulin","floor":6,"turns":1},{"damage":12,"enemies":"Jaw Worm","floor":7,"turns":2},{"damage":0,"enemies":"Large Slime","floor":8,"turns":4},{"damage":33,"enemies":"The Mushroom Lair","floor":11,"turns":4},{"damage":13,"enemies":"Gremlin Nob","floor":13,"turns":4},{"damage":11,"enemies":"Looter","floor":14,"turns":2},{"damage":65,"enemies":"Hexaghost","floor":16,"turns":9}],"seed_played":"8071212732396613535","potions_obtained":[{"floor":2,"key":"Fire Potion"},{"floor":2,"key":"EntropicBrew"},{"floor":2,"key":"SmokeBomb"},{"floor":8,"key":"Energy Potion"}],"is_trial":false,"path_per_floor":["M","?","$","M","T","E","M","M","T","$","?","R","E","M","R","B"],"character_chosen":"IRONCLAD","items_purchased":["Rampage","Cleave"],"campfire_rested":0,"item_purchase_floors":[3,10],"current_hp_per_floor":[78,78,78,80,80,94,88,94,94,94,67,67,70,65,65,0],"gold":142,"neow_bonus":"THREE_ENEMY_KILL","is_prod":false,"is_daily":false,"chose_seed":false,"campfire_upgraded":2,"win_rate":0,"timestamp":1571214054,"path_taken":["M","?","?","?","?","E","M","M","T","$","?","R","E","M","R","BOSS"],"build_version":"2019-07-17","purchased_purges":1,"victory":false,"max_hp_per_floor":[80,80,80,80,80,94,94,94,94,94,94,94,104,104,104,104],"card_choices":[{"not_picked":["Thunderclap","Power Through","Shrug It Off"],"picked":"SKIP","floor":1},{"not_picked":["Carnage","Shrug It Off","Clash"],"picked":"SKIP","floor":4},{"not_picked":["Whirlwind","Body Slam"],"picked":"Barricade","floor":6},{"not_picked":["Inflame","Sword Boomerang","Rupture"],"picked":"SKIP","floor":7},{"not_picked":["Blood for Blood","Thunderclap","Searing Blow"],"picked":"SKIP","floor":8},{"not_picked":["Feel No Pain","Shrug It Off","Anger"],"picked":"SKIP","floor":13},{"not_picked":["Barricade","Wild Strike"],"picked":"Shrug It Off","floor":14}],"player_experience":314196,"relics_obtained":[{"floor":5,"key":"Lantern"},{"floor":6,"key":"Mango"},{"floor":9,"key":"MawBank"},{"floor":11,"key":"Odd Mushroom"},{"floor":13,"key":"Pear"}],"event_choices":[{"damage_healed":0,"gold_gain":0,"player_choice":"Got Potions","damage_taken":0,"max_hp_gain":0,"max_hp_loss":0,"event_name":"Lab","floor":2,"gold_loss":0},{"damage_healed":0,"gold_gain":0,"player_choice":"Fought Mushrooms","damage_taken":0,"max_hp_gain":0,"max_hp_loss":0,"event_name":"Mushrooms","floor":11,"gold_loss":0}],"is_beta":false,"boss_relics":[],"items_purged_floors":[10],"is_endless":false,"potions_floor_spawned":[4,6,8],"killed_by":"Hexaghost","ascension_level":7}