{"gold_per_floor":[114,114,125,200,375,404,72,99,122,134,146,158,170,198,210,318,330,356,381,174,174,174,174,189,189,213,213,228,228,228],"floor_reached":30,"playtime":754,"items_purged":["Doubt","Strike_R"],"score":350,"play_id":"9c1fbeec-61e9-47d0-a578-4b31b26a7580","local_time":"20190813231016","is_ascension_mode":true,"campfire_choices":[{"floor":10,"key":"REST"},{"data":"Bash","floor":15,"key":"SMITH"},{"data":"Heavy Blade","floor":23,"key":"SMITH"},{"floor":25,"key":"REST"},{"floor":27,"key":"REST"},{"data":"Demon Form","floor":29,"key":"SMITH"}],"neow_cost":"NONE","seed_source_timestamp":245942602645617,"circlet_count":0,"master_deck":["Strike_R","Strike_R","Strike_R","Strike_R","Defend_R","Defend_R","Defend_R","Defend_R","Bash+1","Pommel Strike+1","Demon Form+1","Limit Break","Heavy Blade+1","Doubt","Parasite"],"relics":["Burning Blood","NeowsBlessing","Strawberry","Matryoshka","Orichalcum","MawBank","Bag of Preparation","Cursed Key","Mercury Hourglass","Gremlin Horn","Vajra"],"potions_floor_usage":[16,16,18,24,30,30],"damage_taken":[{"damage":0,"enemies":"Jaw Worm","floor":1,"turns":1},{"damage":0,"enemies":"Cultist","floor":3,"turns":1},{"damage":0,"enemies":"3 Sentries","floor":6,"turns":1},{"damage":60,"enemies":"Lagavulin","floor":8,"turns":6},{"damage":1,"enemies":"2 Louse","floor":14,"turns":3},{"damage":52,"enemies":"Hexaghost","floor":16,"turns":11},{"damage":7,"enemies":"Chosen","floor":18,"turns":3},{"damage":17,"enemies":"Spheric Guardian","floor":19,"turns":4},{"damage":27,"enemies":"Chosen and Byrds","floor":24,"turns":7},{"damage":6,"enemies":"Cultist and Chosen","floor":28,"turns":4},{"damage":76,"enemies":"Gremlin Leader","floor":30,"turns":5}],"seed_played":"1033991507923712100","potions_obtained":[{"floor":1,"key":"SpeedPotion"},{"floor":3,"key":"Swift Potion"},{"floor":8,"key":"SpeedPotion"},{"floor":16,"key":"AttackPotion"},{"floor":18,"key":"Weak Potion"},{"floor":24,"key":"Dexterity Potion"}],"is_trial":false,"path_per_floor":["M","?","M","?","?","E","$","E","T","R","$","?","?","M","R","B",null,"M","M","$","T","?","R","M","R","T","R","M","R","E"],"character_chosen":"IRONCLAD","items_purchased":["Matryoshka","Limit Break","Heavy Blade"],"campfire_rested":3,"item_purchase_floors":[7,20,20],"current_hp_per_floor":[78,80,80,69,69,82,82,28,28,54,54,54,59,64,64,18,70,69,58,58,58,41,41,20,47,47,74,74,74,0],"gold":228,"neow_bonus":"THREE_ENEMY_KILL","is_prod":false,"is_daily":false,"chose_seed":false,"campfire_upgraded":3,"win_rate":0,"timestamp":1565755816,"path_taken":["M","?","?","?","?","E","$","E","T","R","$","?","?","M","R","BOSS","M","M","$","?","?","R","M","R","T","R","M","R","E"],"build_version":"2019-07-17","purchased_purges":2,"victory":false,"max_hp_per_floor":[80,80,80,80,80,87,87,87,87,87,87,87,87,87,87,87,87,87,87,87,87,92,92,92,92,92,92,92,92,92],"card_choices":[{"not_picked":["Corruption","Whirlwind","Feel No Pain"],"picked":"SKIP","floor":1},{"not_picked":["Evolve","Clothesline","Intimidate"],"picked":"SKIP","floor":3},{"not_picked":["Rupture","Sword Boomerang"],"picked":"Pommel Strike","floor":6},{"not_picked":["Second Wind","Body Slam"],"picked":"Clash","floor":8},{"not_picked":["Flex","Clash","Warcry"],"picked":"SKIP","floor":14},{"not_picked":["Impervious","Barricade"],"picked":"Demon Form","floor":16},{"not_picked":["Iron Wave","Sword Boomerang","Warcry"],"picked":"SKIP","floor":18},{"not_picked":["Power Through","Sword Boomerang","Armaments"],"picked":"SKIP","floor":19},{"not_picked":["Shrug It Off","Rage","Dropkick"],"picked":"SKIP","floor":24},{"not_picked":["Entrench","Seeing Red","Hemokinesis"],"picked":"SKIP","floor":28}],"player_experience":296345,"relics_obtained":[{"floor":6,"key":"Strawberry"},{"floor":8,"key":"Orichalcum"},{"floor":9,"key":"MawBank"},{"floor":9,"key":"Bag of Preparation"},{"floor":21,"key":"Mercury Hourglass"},{"floor":21,"key":"Gremlin Horn"},{"floor":26,"key":"Vajra"}],"event_choices":[{"damage_healed":2,"gold_gain":0,"player_choice":"Full Heal","damage_taken":0,"max_hp_gain":0,"max_hp_loss":0,"event_name":"Wheel of Change","floor":2,"gold_loss":0},{"damage_healed":0,"gold_gain":75,"player_choice":"Gather Gold","damage_taken":11,"max_hp_gain":0,"max_hp_loss":0,"event_name":"World of Goop","floor":4,"gold_loss":0},{"damage_healed":0,"gold_gain":175,"player_choice":"AGREE","damage_taken":0,"max_hp_gain":0,"max_hp_loss":0,"event_name":"Liars Game","floor":5,"gold_loss":0,"cards_obtained":["Doubt"]},{"damage_healed":0,"gold_gain":0,"player_choice":"Grow","damage_taken":0,"max_hp_gain":0,"max_hp_loss":0,"event_name":"Living Wall","floor":12,"gold_loss":0,"cards_upgraded":["Pommel Strike"]},{"cards_removed":["Clash"],"damage_healed":5,"gold_gain":0,"player_choice":"Offered Common","damage_taken":0,"max_hp_gain":0,"max_hp_loss":0,"event_name":"Bonfire Elementals","floor":13,"gold_loss":0},{"cards_removed":["Clash"],"damage_healed":5,"gold_gain":0,"player_choice":"Offered Special","damage_taken":0,"max_hp_gain":0,"max_hp_loss":0,"event_name":"Bonfire Elementals","floor":13,"gold_loss":0},{"damage_healed":0,"gold_gain":0,"player_choice":"Shed Blood","damage_taken":22,"max_hp_gain":5,"max_hp_loss":0,"event_name":"Forgotten Altar","floor":22,"gold_loss":0}],"is_beta":false,"boss_relics":[{"not_picked":["Astrolabe","Eternal Feather"],"picked":"Cursed Key"}],"items_purged_floors":[7,20],"is_endless":false,"potions_floor_spawned":[1,3,8,16,18,24],"killed_by":"Gremlin Leader","ascension_level":7}