{"gold_per_floor":[115,115,290,302,302,328,96,123,123,123,134,134,163,128,128,224,224,238,238,250,175,175],"floor_reached":22,"playtime":453,"items_purged":["Doubt"],"score":315,"play_id":"55e68927-2951-4e2b-99f5-950d0135902e","local_time":"20191020215108","is_ascension_mode":true,"campfire_choices":[{"floor":10,"key":"REST"},{"floor":15,"key":"REST"}],"neow_cost":"NONE","seed_source_timestamp":724154908978600,"circlet_count":0,"master_deck":["Strike_R","Strike_R","Strike_R","Defend_R","Defend_R+1","Defend_R+1","Bash","Carnage","Rampage","Double Tap"],"relics":["Burning Blood","NeowsBlessing","Shuriken","Omamori","Pantograph","PreservedInsect","Red Skull","Bronze Scales","Empty Cage","Letter Opener"],"potions_floor_usage":[8,8,13,16],"damage_taken":[{"damage":0,"enemies":"Jaw Worm","floor":1,"turns":1},{"damage":0,"enemies":"Small Slimes","floor":4,"turns":1},{"damage":0,"enemies":"Lagavulin","floor":6,"turns":1},{"damage":64,"enemies":"3 Sentries","floor":8,"turns":9},{"damage":6,"enemies":"2 Louse","floor":11,"turns":2},{"damage":30,"enemies":"Lagavulin","floor":13,"turns":4},{"damage":70,"enemies":"Hexaghost","floor":16,"turns":8},{"damage":38,"enemies":"Shell Parasite","floor":18,"turns":4},{"damage":3,"enemies":"3 Byrds","floor":20,"turns":3},{"damage":43,"enemies":"Shelled Parasite and Fungi","floor":22,"turns":2}],"seed_played":"8561495011614309411","potions_obtained":[{"floor":1,"key":"FearPotion"},{"floor":4,"key":"Poison Potion"},{"floor":6,"key":"BloodPotion"},{"floor":13,"key":"SteroidPotion"}],"is_trial":false,"path_per_floor":["M","?","?","M","?","E","$","E","T","R","M","?","E","?","R","B",null,"M","?","M","?","M"],"character_chosen":"IRONCLAD","items_purchased":["Omamori"],"campfire_rested":2,"item_purchase_floors":[7],"current_hp_per_floor":[78,62,62,68,80,80,80,42,42,66,66,54,30,30,54,15,64,32,32,35,35,0],"gold":175,"neow_bonus":"THREE_ENEMY_KILL","is_prod":false,"is_daily":false,"chose_seed":false,"campfire_upgraded":0,"win_rate":0,"timestamp":1571626268,"path_taken":["M","?","?","M","?","E","$","E","T","R","?","?","E","?","R","BOSS","M","?","M","?","M"],"build_version":"2019-07-17","purchased_purges":1,"victory":false,"max_hp_per_floor":[80,80,80,80,80,80,80,80,80,80,80,80,80,80,80,80,80,80,80,80,80,80],"card_choices":[{"not_picked":["Body Slam","Reckless Charge"],"picked":"Carnage","floor":1},{"not_picked":["Armaments","Heavy Blade","Anger"],"picked":"SKIP","floor":4},{"not_picked":["Sentinel","Seeing Red","Sword Boomerang"],"picked":"SKIP","floor":6},{"not_picked":["Wild Strike","Bloodletting","Sever Soul"],"picked":"SKIP","floor":8},{"not_picked":["Headbutt","Evolve"],"picked":"Rampage","floor":11},{"not_picked":["Warcry","Anger","Pommel Strike"],"picked":"SKIP","floor":13},{"not_picked":["Impervious","Dark Embrace"],"picked":"Double Tap","floor":16},{"not_picked":["Clothesline","Uppercut+1","Shrug It Off"],"picked":"SKIP","floor":18},{"not_picked":["Sword Boomerang+1","Havoc","Flex+1"],"picked":"SKIP","floor":20}],"player_experience":328442,"relics_obtained":[{"floor":6,"key":"Shuriken"},{"floor":8,"key":"Pantograph"},{"floor":9,"key":"PreservedInsect"},{"floor":13,"key":"Bronze Scales"}],"event_choices":[{"damage_healed":0,"gold_gain":0,"player_choice":"Entered Light","damage_taken":16,"max_hp_gain":0,"max_hp_loss":0,"event_name":"Shining Light","floor":2,"gold_loss":0,"cards_upgraded":["Defend_R","Defend_R"]},{"damage_healed":0,"gold_gain":175,"player_choice":"AGREE","damage_taken":0,"max_hp_gain":0,"max_hp_loss":0,"event_name":"Liars Game","floor":3,"gold_loss":0,"cards_obtained":["Doubt"]},{"damage_healed":12,"gold_gain":0,"player_choice":"Full Heal","damage_taken":0,"max_hp_gain":0,"max_hp_loss":0,"event_name":"Wheel of Change","floor":5,"gold_loss":0},{"damage_healed":0,"gold_gain":0,"player_choice":"Success","damage_taken":12,"relics_obtained":["Red Skull"],"max_hp_gain":0,"max_hp_loss":0,"event_name":"Scrap Ooze","floor":12,"gold_loss":0},{"damage_healed":0,"gold_gain":0,"player_choice":"Left Gold","damage_taken":0,"max_hp_gain":0,"max_hp_loss":0,"event_name":"World of Goop","floor":14,"gold_loss":35},{"damage_healed":0,"gold_gain":0,"player_choice":"Opened","damage_taken":0,"relics_obtained":["Letter Opener"],"max_hp_gain":0,"max_hp_loss":0,"event_name":"The Mausoleum","floor":19,"gold_loss":0},{"cards_removed":["Defend_R"],"damage_healed":0,"gold_gain":0,"player_choice":"Gave Gold","damage_taken":0,"max_hp_gain":0,"max_hp_loss":0,"event_name":"Beggar","floor":21,"gold_loss":75}],"is_beta":false,"boss_relics":[{"not_picked":["Runic Cube","Philosopher\u0027s Stone"],"picked":"Empty Cage"}],"items_purged_floors":[7],"is_endless":false,"potions_floor_spawned":[1,4,6,13],"killed_by":"Shelled Parasite and Fungi","ascension_level":8}