{"gold_per_floor":[117,128,53,70,90,90,125,125,194,225,238,83,83,83,83,187,187,206,221,238,238,249,249],"floor_reached":23,"playtime":1370,"items_purged":["Strike_B"],"score":233,"play_id":"fb59ef33-a140-4a64-b8c2-27f0d4fe2790","local_time":"20190419211336","is_ascension_mode":true,"campfire_choices":[{"data":"Chaos","floor":6,"key":"SMITH"},{"floor":15,"key":"REST"}],"neow_cost":"NONE","seed_source_timestamp":164839445181900,"circlet_count":0,"master_deck":["Strike_B","Strike_B","Defend_B","Defend_B","Defend_B","Defend_B","Zap","Dualcast","Tempest","Heatsinks","Chaos+1","Leap+1","Conserve Battery+1","Echo Form","Coolheaded","Seek","Tempest","Double Energy","Reboot","Fission","Storm","Defragment","Hologram","Loop","Fusion","Leap+1","Electrodynamics","Static Discharge","Decay","Defragment"],"relics":["Cracked Core","Thread and Needle","Symbiotic Virus","Regal Pillow","Orrery"],"potions_floor_usage":[7,7,10,23],"damage_taken":[{"damage":1,"enemies":"Cultist","floor":1,"turns":3},{"damage":3,"enemies":"2 Louse","floor":2,"turns":2},{"damage":2,"enemies":"Jaw Worm","floor":4,"turns":3},{"damage":0,"enemies":"Exordium Wildlife","floor":5,"turns":5},{"damage":9,"enemies":"3 Sentries","floor":7,"turns":9},{"damage":7,"enemies":"Lagavulin","floor":10,"turns":6},{"damage":18,"enemies":"Lots of Slimes","floor":11,"turns":3},{"damage":9,"enemies":"Slime Boss","floor":16,"turns":11},{"damage":19,"enemies":"2 Thieves","floor":18,"turns":4},{"damage":5,"enemies":"Shell Parasite","floor":19,"turns":4},{"damage":26,"enemies":"Snake Plant","floor":20,"turns":6},{"damage":16,"enemies":"3 Cultists","floor":22,"turns":4},{"damage":14,"enemies":"Gremlin Leader","floor":23,"turns":1}],"seed_played":"162966347676309893","potions_obtained":[{"floor":2,"key":"SteroidPotion"},{"floor":4,"key":"FocusPotion"},{"floor":5,"key":"EssenceOfSteel"},{"floor":18,"key":"SkillPotion"},{"floor":20,"key":"LiquidBronze"}],"is_trial":false,"path_per_floor":["M","M","$","M","M","R","E","?","T","E","M","$","?","?","R","B",null,"M","M","M","?","M","E"],"character_chosen":"DEFECT","items_purchased":["Chaos","Reboot"],"campfire_rested":1,"item_purchase_floors":[3,12],"current_hp_per_floor":[74,71,71,69,69,69,60,60,60,53,35,35,20,20,57,48,75,56,51,25,25,9,0],"gold":249,"neow_bonus":"REMOVE_CARD","is_prod":false,"is_daily":false,"chose_seed":false,"campfire_upgraded":1,"win_rate":0,"timestamp":1555701216,"path_taken":["M","M","$","M","M","R","E","?","T","E","?","$","?","?","R","BOSS","M","M","M","?","M","E"],"build_version":"2019-01-23","purchased_purges":1,"victory":false,"max_hp_per_floor":[75,75,75,75,75,75,75,75,75,75,75,75,75,75,75,75,75,75,75,75,75,75,75],"card_choices":[{"not_picked":["Leap","Conserve Battery"],"picked":"Tempest","floor":1},{"not_picked":["Turbo","Scrape"],"picked":"Heatsinks","floor":2},{"not_picked":["Rebound","Redo"],"picked":"Leap","floor":4},{"not_picked":["Recycle","Aggregate"],"picked":"Conserve Battery","floor":5},{"not_picked":["Hologram","Compile Driver"],"picked":"Echo Form","floor":7},{"not_picked":["Gash","Coolheaded"],"picked":"Tempest","floor":10},{"not_picked":["Hello World","Beam Cell"],"picked":"Double Energy","floor":11},{"not_picked":["Amplify","Creative AI"],"picked":"Fission","floor":16},{"not_picked":["Redo","Steam Power"],"picked":"Storm","floor":17},{"not_picked":["Rebound","Redo"],"picked":"Defragment","floor":17},{"not_picked":["Recycle","Turbo"],"picked":"Hologram","floor":17},{"not_picked":["Gash","Go for the Eyes"],"picked":"Loop","floor":17},{"not_picked":["Gash","Cold Snap"],"picked":"Fusion","floor":17},{"not_picked":["Ball Lightning","Cold Snap+1"],"picked":"Leap+1","floor":18},{"not_picked":["Sweeping Beam","Sunder+1"],"picked":"Electrodynamics","floor":19},{"not_picked":["Steam","Recycle+1"],"picked":"Static Discharge","floor":20},{"not_picked":["Force Field","Gash"],"picked":"Defragment","floor":22}],"player_experience":281454,"relics_obtained":[{"floor":7,"key":"Thread and Needle"},{"floor":9,"key":"Symbiotic Virus"},{"floor":10,"key":"Regal Pillow"}],"event_choices":[{"damage_healed":0,"gold_gain":0,"player_choice":"2 cards matched","damage_taken":0,"max_hp_gain":0,"max_hp_loss":0,"event_name":"Match and Keep!","floor":8,"gold_loss":0,"cards_obtained":["Coolheaded","Seek"]},{"damage_healed":0,"gold_gain":0,"player_choice":"Entered Light","damage_taken":15,"max_hp_gain":0,"max_hp_loss":0,"event_name":"Shining Light","floor":13,"gold_loss":0,"cards_upgraded":["Conserve Battery","Leap"]},{"damage_healed":0,"gold_gain":0,"player_choice":"Ignored","damage_taken":0,"max_hp_gain":0,"max_hp_loss":0,"event_name":"Liars Game","floor":14,"gold_loss":0},{"damage_healed":0,"gold_gain":0,"player_choice":"Smashed Altar","damage_taken":0,"max_hp_gain":0,"max_hp_loss":0,"event_name":"Forgotten Altar","floor":21,"gold_loss":0,"cards_obtained":["Decay"]}],"is_beta":false,"boss_relics":[{"not_picked":["White Beast Statue","Runic Dome"],"picked":"Orrery"}],"items_purged_floors":[12],"is_endless":false,"potions_floor_spawned":[2,4,5,18,20],"killed_by":"Gremlin Leader","ascension_level":3}