{"gold_per_floor":[116,180,180,191,60,60,72,82,82,113,113,142,23,49,49,144,144,162,162,262,277,289,320,320,347,347,347,375,375,392,491,491,586,586,598,433,449,4,14,14,29,62,139,139,150,182,142,102,102,102],"floor_reached":51,"playtime":2906,"items_purged":["Strike_G"],"score":893,"play_id":"a4f1ac3d-db11-4577-b96a-05bba694cf66","local_time":"20190616232908","is_ascension_mode":true,"campfire_choices":[{"data":"Neutralize","floor":6,"key":"SMITH"},{"floor":11,"key":"REST"},{"floor":15,"key":"REST"},{"floor":24,"key":"REST"},{"data":"Cloak And Dagger","floor":27,"key":"SMITH"},{"data":"After Image","floor":32,"key":"SMITH"},{"data":"Night Terror","floor":40,"key":"SMITH"},{"floor":49,"key":"REST"}],"neow_cost":"NONE","seed_source_timestamp":2349608250298800,"circlet_count":0,"master_deck":["Strike_G+1","Strike_G","Strike_G","Defend_G","Defend_G","Defend_G","Defend_G","Defend_G+1","Survivor","Neutralize+1","Unload+1","Expertise","Slice","Dash+1","After Image+1","Underhanded Strike+1","Finisher+1","Choke+1","Flash of Steel+1","Cloak And Dagger+1","Bullet Time+1","Cloak And Dagger+1","Accuracy+1","PiercingWail+1","Well Laid Plans+1","Prepared+1","Prepared+1","Blade Dance+1","Night Terror+1","Well Laid Plans+1","Endless Agony+1","Flechettes+1","Noxious Fumes+1","After Image+1","Die Die Die+1","Dash+1","Flechettes+1","Footwork+1"],"relics":["Ring of the Snake","Molten Egg 2","Centennial Puzzle","Smiling Mask","Bag of Marbles","Frozen Egg 2","WristBlade","Meat on the Bone","Strawberry","PreservedInsect","Red Mask","Busted Crown","War Paint","Thread and Needle","Bottled Lightning","Bottled Flame","Art of War"],"potions_floor_usage":[10,14,25,50],"damage_taken":[{"damage":4,"enemies":"Jaw Worm","floor":1,"turns":4},{"damage":4,"enemies":"2 Louse","floor":4,"turns":2},{"damage":0,"enemies":"Small Slimes","floor":7,"turns":3},{"damage":14,"enemies":"Gremlin Gang","floor":8,"turns":5},{"damage":7,"enemies":"3 Sentries","floor":10,"turns":9},{"damage":27,"enemies":"Gremlin Nob","floor":12,"turns":4},{"damage":15,"enemies":"Lagavulin","floor":14,"turns":5},{"damage":24,"enemies":"The Guardian","floor":16,"turns":14},{"damage":1,"enemies":"Shell Parasite","floor":18,"turns":2},{"damage":3,"enemies":"3 Byrds","floor":21,"turns":4},{"damage":20,"enemies":"Sentry and Sphere","floor":22,"turns":5},{"damage":9,"enemies":"Slavers","floor":23,"turns":5},{"damage":11,"enemies":"Gremlin Leader","floor":25,"turns":8},{"damage":0,"enemies":"Masked Bandits","floor":28,"turns":3},{"damage":2,"enemies":"Centurion and Healer","floor":30,"turns":4},{"damage":43,"enemies":"Collector","floor":33,"turns":10},{"damage":0,"enemies":"3 Shapes","floor":35,"turns":2},{"damage":0,"enemies":"3 Darklings","floor":37,"turns":4},{"damage":7,"enemies":"Jaw Worm Horde","floor":39,"turns":3},{"damage":0,"enemies":"Writhing Mass","floor":41,"turns":4},{"damage":17,"enemies":"Reptomancer","floor":42,"turns":5},{"damage":0,"enemies":"Spire Growth","floor":45,"turns":3},{"damage":2,"enemies":"Giant Head","floor":46,"turns":6},{"damage":40,"enemies":"Awakened One","floor":50,"turns":16}],"seed_played":"-4056297239831167592","potions_obtained":[{"floor":8,"key":"Poison Potion"},{"floor":10,"key":"EssenceOfSteel"},{"floor":12,"key":"GhostInAJar"},{"floor":16,"key":"SteroidPotion"},{"floor":18,"key":"SpeedPotion"},{"floor":23,"key":"LiquidBronze"},{"floor":33,"key":"Swift Potion"},{"floor":42,"key":"Regen Potion"},{"floor":48,"key":"Poison Potion"}],"is_trial":false,"path_per_floor":["M","?","?","M","?","R","M","M","T","E","R","E","$","E","R","B",null,"M","?","?","M","M","E","R","E","T","R","?","?","M","?","R","B",null,"M","$","M","$","M","R","M","E","T","?","M","E","$","?","R","B",null],"character_chosen":"THE_SILENT","items_purchased":["Choke+1","Flash of Steel+1","Endless Agony+1","Flechettes+1","War Paint","Thread and Needle","Footwork+1"],"campfire_rested":4,"item_purchase_floors":[13,13,36,36,38,38,47],"current_hp_per_floor":[66,66,52,48,48,48,48,34,34,27,48,21,21,6,27,3,70,69,69,69,66,46,37,58,54,54,54,54,40,50,50,50,19,82,82,82,82,82,75,75,75,58,58,58,58,56,56,56,80,52],"gold":102,"neow_bonus":"ONE_RANDOM_RARE_CARD","is_prod":false,"is_daily":false,"chose_seed":false,"campfire_upgraded":4,"win_rate":0,"timestamp":1560720548,"path_taken":["M","?","?","?","?","R","?","M","T","E","R","E","?","E","R","BOSS","M","?","?","M","?","E","R","E","T","R","?","?","M","?","R","BOSS","M","$","M","$","M","R","M","E","T","?","?","E","$","?","R","BOSS"],"build_version":"2019-06-13","purchased_purges":1,"victory":true,"max_hp_per_floor":[70,70,70,70,70,70,70,70,70,70,70,70,70,70,70,70,70,70,70,70,70,70,70,70,77,77,77,77,82,82,82,82,82,82,82,82,82,82,82,82,82,82,82,82,82,82,82,82,82,82],"card_choices":[{"not_picked":["Outmaneuver","Dagger Throw"],"picked":"Expertise","floor":1},{"not_picked":["Sucker Punch","Dagger Throw"],"picked":"Slice","floor":4},{"not_picked":["Setup","Bane+1"],"picked":"Dash+1","floor":7},{"not_picked":["Acrobatics","Reflex"],"picked":"After Image","floor":8},{"not_picked":["Caltrops","Catalyst"],"picked":"Underhanded Strike+1","floor":10},{"not_picked":["Prepared","Setup"],"picked":"Finisher+1","floor":12},{"not_picked":["Escape Plan","Reflex"],"picked":"Cloak And Dagger","floor":14},{"not_picked":["Adrenaline","Die Die Die+1"],"picked":"Bullet Time","floor":16},{"not_picked":["Deflect","Heel Hook+1"],"picked":"Cloak And Dagger+1","floor":18},{"not_picked":["Tactician+1","Masterful Stab+1"],"picked":"Accuracy+1","floor":21},{"not_picked":["Sucker Punch+1","Leg Sweep"],"picked":"PiercingWail+1","floor":22},{"not_picked":["Acrobatics","Flying Knee+1"],"picked":"Well Laid Plans+1","floor":23},{"not_picked":["Grand Finale+1","Blade Dance"],"picked":"Prepared+1","floor":25},{"not_picked":["Deflect","Dagger Spray+1"],"picked":"Prepared+1","floor":28},{"not_picked":["Backflip","PiercingWail"],"picked":"Blade Dance+1","floor":30},{"not_picked":["Doppelganger","Bullet Time"],"picked":"Night Terror","floor":33},{"not_picked":[],"picked":"Well Laid Plans+1","floor":35},{"not_picked":["Bane+1"],"picked":"SKIP","floor":37},{"not_picked":["Flying Knee+1"],"picked":"SKIP","floor":39},{"not_picked":[],"picked":"Noxious Fumes+1","floor":41},{"not_picked":[],"picked":"After Image+1","floor":42},{"not_picked":[],"picked":"Dash+1","floor":45},{"not_picked":[],"picked":"Flechettes+1","floor":46}],"player_experience":102357,"relics_obtained":[{"floor":9,"key":"Centennial Puzzle"},{"floor":10,"key":"Smiling Mask"},{"floor":12,"key":"Bag of Marbles"},{"floor":14,"key":"Frozen Egg 2"},{"floor":23,"key":"Meat on the Bone"},{"floor":25,"key":"Strawberry"},{"floor":26,"key":"PreservedInsect"},{"floor":28,"key":"Red Mask"},{"floor":42,"key":"Bottled Lightning"},{"floor":43,"key":"Bottled Flame"},{"floor":46,"key":"Art of War"}],"event_choices":[{"damage_healed":0,"gold_gain":64,"player_choice":"Gained Gold","damage_taken":0,"max_hp_gain":0,"max_hp_loss":0,"event_name":"Golden Wing","floor":2,"gold_loss":0},{"damage_healed":0,"gold_gain":0,"player_choice":"Entered Light","damage_taken":14,"max_hp_gain":0,"max_hp_loss":0,"event_name":"Shining Light","floor":3,"gold_loss":0,"cards_upgraded":["Unload","Strike_G"]},{"damage_healed":0,"gold_gain":0,"player_choice":"Paid Gold","damage_taken":0,"relics_obtained":["Molten Egg 2"],"max_hp_gain":0,"max_hp_loss":0,"event_name":"WeMeetAgain","floor":5,"gold_loss":131},{"damage_healed":0,"gold_gain":0,"player_choice":"Ignored","damage_taken":0,"max_hp_gain":0,"max_hp_loss":0,"event_name":"Ghosts","floor":19,"gold_loss":0},{"damage_healed":0,"gold_gain":100,"player_choice":"Pray","damage_taken":0,"max_hp_gain":0,"max_hp_loss":0,"event_name":"Golden Shrine","floor":20,"gold_loss":0},{"damage_healed":0,"gold_gain":0,"player_choice":"Fought Bandits","damage_taken":0,"max_hp_gain":0,"max_hp_loss":0,"event_name":"Masked Bandits","floor":28,"gold_loss":0},{"damage_healed":0,"gold_gain":0,"player_choice":"Shed Blood","damage_taken":19,"max_hp_gain":5,"max_hp_loss":0,"event_name":"Forgotten Altar","floor":29,"gold_loss":0},{"damage_healed":0,"gold_gain":99,"player_choice":"Stole From Cult","damage_taken":0,"max_hp_gain":0,"max_hp_loss":0,"event_name":"Nest","floor":31,"gold_loss":0},{"damage_healed":0,"gold_gain":0,"cards_transformed":["Strike_G"],"player_choice":"Transformed","damage_taken":0,"max_hp_gain":0,"max_hp_loss":0,"event_name":"Transmorgrifier","floor":44,"gold_loss":0,"cards_obtained":["Die Die Die"]},{"damage_healed":0,"gold_gain":0,"player_choice":"Bought 3 Potions","damage_taken":0,"max_hp_gain":0,"max_hp_loss":0,"event_name":"The Woman in Blue","floor":48,"gold_loss":0}],"is_beta":true,"boss_relics":[{"not_picked":["HoveringKite","Runic Dome"],"picked":"WristBlade"},{"not_picked":["Coffee Dripper","Ring of the Serpent"],"picked":"Busted Crown"}],"items_purged_floors":[36],"is_endless":false,"potions_floor_spawned":[8,10,12,16,18,21,23,33,41,42,46],"ascension_level":3}