{"gold_per_floor":[14,14,89,89,8,8,27,27,27,27,52,127,145,188,188,307,307,307],"floor_reached":18,"playtime":536,"items_purged":[],"score":195,"play_id":"0ed15bd8-e843-4bd1-a0b1-bba82653b571","local_time":"20190825102807","is_ascension_mode":true,"campfire_choices":[{"data":"Corruption","floor":6.0,"key":"SMITH"},{"data":"Feed","floor":8.0,"key":"SMITH"},{"data":"Bash","floor":10.0,"key":"SMITH"},{"floor":15.0,"key":"REST"}],"neow_cost":"NO_GOLD","seed_source_timestamp":1620075786700,"circlet_count":0,"master_deck":["Strike_R","Strike_R","Strike_R","Strike_R","Defend_R","Defend_R","Defend_R","Bash+1","Feed+1","Inflame","Infernal Blade","Inflame","Shrug It Off","Dual Wield","Bludgeon"],"special_seed":0,"relics":["Burning Blood","Golden Idol","Bottled Flame","Odd Mushroom","Dodecahedron","Red Skull","Empty Cage"],"potions_floor_usage":[],"damage_taken":[{"damage":10.0,"enemies":"2 Louse","floor":1.0,"turns":4.0},{"damage":6.0,"enemies":"Jaw Worm","floor":7.0,"turns":4.0},{"damage":34.0,"enemies":"The Mushroom Lair","floor":11.0,"turns":5.0},{"damage":0.0,"enemies":"Small Slimes","floor":13.0,"turns":3.0},{"damage":32.0,"enemies":"Gremlin Nob","floor":14.0,"turns":4.0},{"damage":51.0,"enemies":"Hexaghost","floor":16.0,"turns":9.0},{"damage":62,"enemies":"Shell Parasite","floor":18,"turns":6}],"seed_played":"-1808384398311490236","potions_obtained":[{"floor":7.0,"key":"GamblersBrew"},{"floor":13.0,"key":"Dexterity Potion"},{"floor":14.0,"key":"SpeedPotion"}],"is_trial":false,"path_per_floor":["M","?","?","?","$","R","M","R","T","R","?","T","M","E","R","B",null,"M"],"character_chosen":"IRONCLAD","items_purchased":["Inflame"],"campfire_rested":1,"item_purchase_floors":[5],"current_hp_per_floor":[79,77,66,71,71,71,74,74,74,74,50,50,60,34,61,16,74,12],"gold":307,"neow_bonus":"TRANSFORM_TWO_CARDS","is_prod":false,"is_daily":false,"chose_seed":false,"campfire_upgraded":3,"win_rate":0,"timestamp":1566743287,"path_taken":["M","?","?","?","?","R","M","R","T","R","?","?","M","E","R","BOSS","M"],"build_version":"2019-07-17","purchased_purges":0,"victory":false,"max_hp_per_floor":[83,77,77,82,82,82,85,85,85,85,89,89,93,93,93,93,93,93],"card_choices":[{"not_picked":["Twin Strike","Anger"],"picked":"Havoc","floor":1.0},{"not_picked":["Flex","Havoc"],"picked":"Infernal Blade","floor":7.0},{"not_picked":["Warcry","Pommel Strike"],"picked":"Inflame","floor":11.0},{"not_picked":["Brutality","Clothesline"],"picked":"Shrug It Off","floor":13.0},{"not_picked":["Perfected Strike","Clothesline"],"picked":"Dual Wield","floor":14.0},{"not_picked":["Impervious","Double Tap"],"picked":"Bludgeon","floor":16.0}],"player_experience":641949,"relics_obtained":[{"floor":9.0,"key":"Bottled Flame"},{"floor":11.0,"key":"Odd Mushroom"},{"floor":12.0,"key":"Dodecahedron"},{"floor":14.0,"key":"Red Skull"}],"event_choices":[{"damage_healed":0.0,"max_hp_gain":0.0,"max_hp_loss":6.0,"gold_gain":0.0,"event_name":"Golden Idol","player_choice":"Lose Max HP","floor":2.0,"gold_loss":0.0,"damage_taken":0.0,"relics_obtained":["Golden Idol"]},{"damage_healed":0.0,"max_hp_gain":0.0,"max_hp_loss":0.0,"gold_gain":75.0,"event_name":"World of Goop","player_choice":"Gather Gold","floor":3.0,"gold_loss":0.0,"damage_taken":11.0},{"damage_healed":0.0,"max_hp_gain":5.0,"max_hp_loss":0.0,"gold_gain":0.0,"event_name":"Big Fish","player_choice":"Donut","floor":4.0,"gold_loss":0.0,"damage_taken":0.0},{"damage_healed":0.0,"max_hp_gain":0.0,"max_hp_loss":0.0,"gold_gain":0.0,"event_name":"Mushrooms","player_choice":"Fought Mushrooms","floor":11.0,"gold_loss":0.0,"damage_taken":0.0}],"is_beta":false,"boss_relics":[{"not_picked":["Ectoplasm","Calling Bell"],"picked":"Empty Cage"}],"items_purged_floors":[],"is_endless":false,"potions_floor_spawned":[7,13,14],"killed_by":"Shell Parasite","ascension_level":5}