{"gold_per_floor":[114,114,39,57,10,44,44,61,61,80,80,80,91,103,103,103],"floor_reached":16,"playtime":305,"items_purged":["Defend_R"],"score":130,"play_id":"061d4668-e952-4105-b79d-9afb4779080b","local_time":"20190811170628","is_ascension_mode":true,"campfire_choices":[{"floor":7,"key":"REST"},{"floor":11,"key":"REST"},{"floor":15,"key":"REST"}],"neow_cost":"NONE","seed_source_timestamp":51753428100580,"circlet_count":0,"master_deck":["Strike_R","Strike_R","Strike_R","Strike_R","Strike_R","Defend_R","Defend_R","Defend_R","Bash","Shrug It Off","Clash"],"relics":["Mark of Pain","Unceasing Top","Dodecahedron"],"potions_floor_usage":[12,13],"damage_taken":[{"damage":7,"enemies":"2 Louse","floor":1,"turns":3},{"damage":6,"enemies":"Cultist","floor":4,"turns":3},{"damage":57,"enemies":"Gremlin Nob","floor":6,"turns":6},{"damage":15,"enemies":"Jaw Worm","floor":8,"turns":4},{"damage":14,"enemies":"Red Slaver","floor":10,"turns":3},{"damage":0,"enemies":"Exordium Wildlife","floor":12,"turns":1},{"damage":0,"enemies":"2 Fungi Beasts","floor":13,"turns":3},{"damage":27,"enemies":"Exordium Thugs","floor":14,"turns":5},{"damage":31,"enemies":"The Guardian","floor":16,"turns":2}],"seed_played":"1577884194731211374","potions_obtained":[{"floor":1,"key":"SmokeBomb"},{"floor":10,"key":"FearPotion"}],"is_trial":false,"path_per_floor":["M","?","$","M","$","E","R","M","T","M","R","M","M","M","R","B"],"character_chosen":"IRONCLAD","items_purchased":["Shrug It Off"],"campfire_rested":3,"item_purchase_floors":[5],"current_hp_per_floor":[73,73,73,67,67,10,34,19,19,5,29,29,29,2,26,0],"gold":103,"neow_bonus":"BOSS_RELIC","is_prod":false,"is_daily":false,"chose_seed":false,"campfire_upgraded":0,"win_rate":0,"timestamp":1565561188,"path_taken":["M","?","$","?","?","E","R","M","T","M","R","M","M","M","R","BOSS"],"build_version":"2019-07-17","purchased_purges":1,"victory":false,"max_hp_per_floor":[80,80,80,80,80,80,80,80,80,80,80,80,80,80,80,80],"card_choices":[{"not_picked":["Disarm","Thunderclap","Power Through"],"picked":"SKIP","floor":1},{"not_picked":["Pommel Strike","Cleave","Clothesline"],"picked":"SKIP","floor":4},{"not_picked":["Juggernaut","True Grit","Power Through"],"picked":"SKIP","floor":6},{"not_picked":["Blood for Blood","Thunderclap","Pommel Strike"],"picked":"SKIP","floor":8},{"not_picked":["Headbutt","Perfected Strike"],"picked":"Clash","floor":10},{"not_picked":["Flex","Havoc","True Grit"],"picked":"SKIP","floor":13},{"not_picked":["Burning Pact","Clothesline","Rage"],"picked":"SKIP","floor":14}],"player_experience":274111,"relics_obtained":[{"floor":6,"key":"Unceasing Top"},{"floor":9,"key":"Dodecahedron"}],"event_choices":[{"damage_healed":0,"gold_gain":0,"player_choice":"0 cards matched","damage_taken":0,"max_hp_gain":0,"max_hp_loss":0,"event_name":"Match and Keep!","floor":2,"gold_loss":0,"cards_obtained":[]}],"is_beta":false,"boss_relics":[],"items_purged_floors":[3],"is_endless":false,"potions_floor_spawned":[1,10,12],"killed_by":"The Guardian","ascension_level":5}