{"gold_per_floor":[115,125,125,135,160,160,160,160,186,186,204,224,224,45,45,142,142,158,170,170,170,170,170,269,285,285,285,285,138,158,192,192,296,296,308,308,183,183,33,33,46,46,46,57,0,10,10,10],"floor_reached":48,"playtime":1270,"items_purged":["Defend_R","Defend_R+1","Defend_R+1","Bite"],"score":570,"play_id":"3866429a-6f96-441e-8dd8-bb5082cf9bb5","local_time":"20190811164131","is_ascension_mode":true,"campfire_choices":[{"data":"Dropkick","floor":6,"key":"SMITH"},{"data":"Bash","floor":8,"key":"SMITH"},{"data":"Strike_R","floor":10,"key":"SMITH"},{"floor":15,"key":"REST"},{"data":"Dropkick","floor":23,"key":"SMITH"},{"floor":27,"key":"REST"},{"data":"Clash","floor":32,"key":"SMITH"},{"floor":40,"key":"REST"}],"neow_cost":"PERCENT_DAMAGE","seed_source_timestamp":49289380263109,"circlet_count":0,"master_deck":["Bash+1","Dropkick+1","Dropkick+1","Bite","Bite","Clash+1","Bandage Up"],"relics":["Black Blood","Calipers","War Paint","Regal Pillow","Cursed Key","Pen Nib","Red Mask"],"potions_floor_usage":[4,11,14,19,31,33,46],"damage_taken":[{"damage":7,"enemies":"Small Slimes","floor":1,"turns":3},{"damage":0,"enemies":"Cultist","floor":2,"turns":2},{"damage":0,"enemies":"Jaw Worm","floor":4,"turns":3},{"damage":4,"enemies":"Lots of Slimes","floor":11,"turns":4},{"damage":13,"enemies":"Blue Slaver","floor":12,"turns":3},{"damage":66,"enemies":"Slime Boss","floor":16,"turns":13},{"damage":15,"enemies":"3 Byrds","floor":18,"turns":5},{"damage":22,"enemies":"Spheric Guardian","floor":19,"turns":4},{"damage":18,"enemies":"Chosen and Byrds","floor":25,"turns":5},{"damage":10,"enemies":"Snecko","floor":30,"turns":3},{"damage":15,"enemies":"Gremlin Leader","floor":31,"turns":4},{"damage":79,"enemies":"Collector","floor":33,"turns":6},{"damage":50,"enemies":"3 Shapes","floor":35,"turns":4},{"damage":11,"enemies":"Orb Walker","floor":41,"turns":2},{"damage":0,"enemies":"Transient","floor":44,"turns":5},{"damage":51,"enemies":"Maw","floor":46,"turns":5},{"damage":66,"enemies":"Writhing Mass","floor":48,"turns":2}],"seed_played":"-7620212700991811531","potions_obtained":[{"floor":1,"key":"Fire Potion"},{"floor":2,"key":"Block Potion"},{"floor":18,"key":"BloodPotion"},{"floor":25,"key":"Ancient Potion"},{"floor":30,"key":"LiquidBronze"},{"floor":31,"key":"AttackPotion"},{"floor":41,"key":"Block Potion"}],"is_trial":false,"path_per_floor":["M","M","?","M","T","R","?","R","T","R","M","M","?","$","R","B",null,"M","M","?","?","?","R","?","M","T","R","?","$","M","E","R","B",null,"M","?","$","?","$","R","M","?","T","M","?","M","?","M"],"character_chosen":"IRONCLAD","items_purchased":["Fruit Juice","Clash"],"campfire_rested":3,"item_purchase_floors":[14,29],"current_hp_per_floor":[55,61,61,67,67,67,60,60,60,60,64,59,59,64,85,25,70,63,70,70,70,70,70,70,72,72,85,85,85,85,85,85,26,70,38,38,38,38,38,78,85,81,81,81,81,52,52,0],"gold":10,"neow_bonus":"ONE_RARE_RELIC","is_prod":false,"is_daily":false,"chose_seed":false,"campfire_upgraded":5,"win_rate":0,"timestamp":1565559691,"path_taken":["M","M","?","?","?","R","?","R","T","R","M","M","?","?","R","BOSS","M","?","?","?","?","R","?","M","T","R","?","$","M","E","R","BOSS","M","?","$","?","$","R","M","?","T","M","?","?","?","?"],"build_version":"2019-07-17","purchased_purges":4,"victory":false,"max_hp_per_floor":[80,80,80,80,80,80,80,80,80,80,80,80,80,85,85,85,85,85,85,85,85,85,85,85,85,85,85,85,85,85,85,85,85,85,85,85,85,85,85,85,85,81,81,81,81,81,81,81],"card_choices":[{"not_picked":["Infernal Blade","Feel No Pain"],"picked":"Dropkick","floor":1},{"not_picked":["True Grit","Havoc","Power Through"],"picked":"SKIP","floor":2},{"not_picked":["Perfected Strike","Cleave","Rupture"],"picked":"SKIP","floor":4},{"not_picked":["Sword Boomerang","Thunderclap","Body Slam"],"picked":"SKIP","floor":11},{"not_picked":["Metallicize","Spot Weakness","Flex"],"picked":"SKIP","floor":12},{"not_picked":["Combust+1","Armaments","Iron Wave"],"picked":"SKIP","floor":18},{"not_picked":["Havoc","Ghostly Armor+1","True Grit"],"picked":"SKIP","floor":19},{"not_picked":["Flex","Anger","Warcry+1"],"picked":"SKIP","floor":25},{"not_picked":["Warcry","Barricade","Sentinel"],"picked":"SKIP","floor":30},{"not_picked":["Clash+1","Havoc","Whirlwind"],"picked":"SKIP","floor":31},{"not_picked":["Heavy Blade","Perfected Strike+1","Flex"],"picked":"SKIP","floor":35},{"not_picked":["Master of Strategy","Enlightenment"],"picked":"Bandage Up","floor":38},{"not_picked":["Sword Boomerang+1","Heavy Blade","Uppercut+1"],"picked":"SKIP","floor":41},{"not_picked":["Sword Boomerang+1","Heavy Blade","Uppercut+1"],"picked":"SKIP","floor":41},{"not_picked":["Perfected Strike+1","Reckless Charge+1","Armaments"],"picked":"SKIP","floor":44},{"not_picked":["Sever Soul+1","Iron Wave","Pommel Strike+1"],"picked":"SKIP","floor":46}],"player_experience":271687,"relics_obtained":[{"floor":5,"key":"War Paint"},{"floor":9,"key":"Regal Pillow"},{"floor":31,"key":"Pen Nib"}],"event_choices":[{"cards_removed":["Defend_R"],"damage_healed":0,"gold_gain":0,"player_choice":"Purged","damage_taken":0,"max_hp_gain":0,"max_hp_loss":0,"event_name":"Purifier","floor":3,"gold_loss":0},{"damage_healed":0,"gold_gain":0,"player_choice":"Success","damage_taken":7,"relics_obtained":["Blood Vial"],"max_hp_gain":0,"max_hp_loss":0,"event_name":"Scrap Ooze","floor":7,"gold_loss":0},{"cards_removed":["Strike_R"],"damage_healed":0,"gold_gain":0,"player_choice":"Forget","damage_taken":0,"max_hp_gain":0,"max_hp_loss":0,"event_name":"Living Wall","floor":13,"gold_loss":0},{"damage_healed":0,"gold_gain":0,"player_choice":"Read","damage_taken":0,"max_hp_gain":0,"max_hp_loss":0,"event_name":"The Library","floor":20,"gold_loss":0,"cards_obtained":["Dropkick"]},{"damage_healed":0,"gold_gain":0,"player_choice":"Became a vampire (Vial)","damage_taken":0,"max_hp_gain":0,"max_hp_loss":0,"event_name":"Vampires","floor":21,"relics_lost":["Blood Vial"],"gold_loss":0,"cards_obtained":["Bite","Bite","Bite","Bite","Bite"]},{"cards_removed":["Bite"],"damage_healed":0,"gold_gain":0,"player_choice":"Elegance","damage_taken":0,"max_hp_gain":0,"max_hp_loss":0,"event_name":"Back to Basics","floor":22,"gold_loss":0},{"damage_healed":0,"gold_gain":99,"player_choice":"Stole From Cult","damage_taken":0,"max_hp_gain":0,"max_hp_loss":0,"event_name":"Nest","floor":24,"gold_loss":0},{"damage_healed":0,"gold_gain":0,"player_choice":"Ignored","damage_taken":0,"max_hp_gain":0,"max_hp_loss":0,"event_name":"Ghosts","floor":28,"gold_loss":0},{"damage_healed":0,"gold_gain":0,"player_choice":"Ignored","damage_taken":0,"max_hp_gain":0,"max_hp_loss":0,"event_name":"Mysterious Sphere","floor":36,"gold_loss":0},{"damage_healed":0,"gold_gain":0,"player_choice":"Memory 1","damage_taken":0,"max_hp_gain":0,"max_hp_loss":0,"event_name":"SensoryStone","floor":38,"gold_loss":0},{"damage_healed":0,"gold_gain":0,"player_choice":"Max HP","damage_taken":0,"max_hp_gain":0,"max_hp_loss":4,"event_name":"Winding Halls","floor":42,"gold_loss":0},{"damage_healed":0,"gold_gain":0,"player_choice":"Paid","damage_taken":0,"relics_obtained":["Red Mask"],"max_hp_gain":0,"max_hp_loss":0,"event_name":"Tomb of Lord Red Mask","floor":45,"gold_loss":57},{"cards_removed":["Bite"],"damage_healed":0,"gold_gain":0,"player_choice":"Purged","damage_taken":0,"max_hp_gain":0,"max_hp_loss":0,"event_name":"Purifier","floor":47,"gold_loss":0}],"is_beta":false,"boss_relics":[{"not_picked":["Eternal Feather","Pandora\u0027s Box"],"picked":"Cursed Key"},{"not_picked":["Astrolabe","Velvet Choker"],"picked":"Black Blood"}],"items_purged_floors":[14,29,37,39],"is_endless":false,"potions_floor_spawned":[1,2,18,25,30,31,41],"killed_by":"Writhing Mass","ascension_level":5}