{"gold_per_floor":[111,111,286,298,398,398,414,414,439,464,464,483,145,145,145,247,247,260,280,87,87,87,113,133,161,186,186,186],"floor_reached":28,"playtime":1889,"items_purged":["Doubt","Defend_P"],"score":309,"play_id":"6739639b-f2b6-434f-908b-7cf75cab07ef","local_time":"20190928112854","is_ascension_mode":false,"campfire_choices":[{"data":"Eruption","floor":6.0,"key":"SMITH"},{"data":"Consecrate","floor":8.0,"key":"SMITH"},{"floor":11.0,"key":"REST"},{"data":"CarveReality","floor":15.0,"key":"SMITH"}],"neow_cost":"NONE","seed_source_timestamp":0,"circlet_count":0,"master_deck":["Defend_P","Defend_P","Defend_P","Eruption+1","Vigilance","FlowState","Crescendo","ForeignInfluence","Consecrate+1","ThirdEye","Protect","MasterReality","CarveReality+1","DevaForm","WreathOfFlame+1","Perseverance+1","Unraveling","EmptyBody+1","FollowUp+1","Vengeance","Bite","Bite","Bite","Bite","Bite"],"special_seed":0,"relics":["PureWater","NeowsBlessing","Toy Ornithopter","Bottled Flame","Omamori","Calling Bell","Anchor","The Courier","CaptainsWheel","Lantern","Nilry\u0027s Codex","Ornamental Fan","Red Mask","Art of War"],"potions_floor_usage":[19,23,25],"damage_taken":[{"damage":0.0,"enemies":"Cultist","floor":1.0,"turns":1.0},{"damage":0.0,"enemies":"Small Slimes","floor":4.0,"turns":1.0},{"damage":0.0,"enemies":"2 Louse","floor":7.0,"turns":1.0},{"damage":62.0,"enemies":"Gremlin Nob","floor":10.0,"turns":6.0},{"damage":0.0,"enemies":"Blue Slaver","floor":12.0,"turns":3.0},{"damage":0.0,"enemies":"Slime Boss","floor":16.0,"turns":4.0},{"damage":16,"enemies":"Spheric Guardian","floor":18,"turns":6},{"damage":0,"enemies":"Chosen","floor":19,"turns":3},{"damage":40,"enemies":"Gremlin Leader","floor":23,"turns":6},{"damage":6,"enemies":"Snecko","floor":24,"turns":5},{"damage":6,"enemies":"Masked Bandits","floor":25,"turns":4},{"damage":26,"enemies":"Centurion and Healer","floor":28,"turns":4}],"seed_played":"-6957016811655792824","potions_obtained":[{"floor":4.0,"key":"FearPotion"},{"floor":10.0,"key":"LiquidBronze"},{"floor":16.0,"key":"GamblersBrew"},{"floor":18,"key":"Ambrosia"}],"is_trial":false,"path_per_floor":["M","?","?","M","?","R","M","R","T","E","R","M","$","?","R","B",null,"M","M","$","?","?","E","M","?","T","?","M"],"character_chosen":"WATCHER","items_purchased":["MasterReality","CarveReality","Omamori","Unraveling"],"campfire_rested":1,"item_purchase_floors":[13,13,13,20],"current_hp_per_floor":[72,72,72,72,72,72,72,72,72,10,31,31,31,36,36,36,77,61,66,66,66,50,15,9,8,8,8,0],"gold":186,"neow_bonus":"THREE_ENEMY_KILL","is_prod":false,"is_daily":false,"chose_seed":false,"campfire_upgraded":3,"win_rate":0.0,"timestamp":1569662934,"path_taken":["M","?","?","M","?","R","?","R","T","E","R","M","$","?","R","BOSS","M","M","$","?","?","E","M","?","T","?","M"],"build_version":"2019-09-27","purchased_purges":2,"victory":false,"max_hp_per_floor":[72,72,72,72,72,72,72,72,72,72,72,72,72,77,77,77,77,77,77,77,77,77,77,77,77,77,53,53],"card_choices":[{"not_picked":["FlyingSleeves","Weave"],"picked":"FlowState","floor":1.0},{"not_picked":["BowlingBash","EmptyBody"],"picked":"ForeignInfluence","floor":4.0},{"not_picked":["ClearTheMind","Crescendo"],"picked":"Consecrate","floor":7.0},{"not_picked":["FlyingSleeves","InnerPeace"],"picked":"ThirdEye","floor":10.0},{"not_picked":["EmptyBody","FlowState"],"picked":"Protect","floor":12.0},{"not_picked":["Judgement","Pray"],"picked":"DevaForm","floor":16.0},{"not_picked":["Fasting","BowlingBash+1"],"picked":"WreathOfFlame+1","floor":18},{"not_picked":["Swivel","Halt+1"],"picked":"Perseverance+1","floor":19},{"not_picked":["WreathOfFlame","Protect"],"picked":"EmptyBody+1","floor":23},{"not_picked":["Wallop","CutThroughFate"],"picked":"FollowUp+1","floor":24},{"not_picked":["WheelKick","Tantrum"],"picked":"Vengeance","floor":25}],"player_experience":150665,"relics_obtained":[{"floor":9.0,"key":"Toy Ornithopter"},{"floor":10.0,"key":"Bottled Flame"},{"floor":17,"key":"Anchor"},{"floor":17,"key":"The Courier"},{"floor":17,"key":"CaptainsWheel"},{"floor":22,"key":"Nilry\u0027s Codex"},{"floor":23,"key":"Ornamental Fan"},{"floor":25,"key":"Red Mask"},{"floor":26,"key":"Art of War"}],"event_choices":[{"damage_healed":0.0,"max_hp_gain":0.0,"max_hp_loss":0.0,"gold_gain":0.0,"cards_transformed":["Strike_P"],"event_name":"Living Wall","player_choice":"Change","floor":2.0,"gold_loss":0.0,"damage_taken":0.0,"cards_obtained":["Crescendo"]},{"damage_healed":0.0,"max_hp_gain":0.0,"max_hp_loss":0.0,"gold_gain":175.0,"event_name":"Liars Game","player_choice":"AGREE","floor":3.0,"gold_loss":0.0,"damage_taken":0.0,"cards_obtained":["Doubt"]},{"damage_healed":0.0,"max_hp_gain":0.0,"max_hp_loss":0.0,"gold_gain":100.0,"event_name":"Wheel of Change","player_choice":"Gold","floor":5.0,"gold_loss":0.0,"damage_taken":0.0},{"damage_healed":0.0,"max_hp_gain":5.0,"max_hp_loss":0.0,"gold_gain":0.0,"event_name":"Big Fish","player_choice":"Donut","floor":14.0,"gold_loss":0.0,"damage_taken":0.0},{"damage_healed":0,"gold_gain":0,"player_choice":"Opened","damage_taken":0,"relics_obtained":["Lantern"],"max_hp_gain":0,"max_hp_loss":0,"event_name":"The Mausoleum","floor":21,"gold_loss":0},{"damage_healed":0,"gold_gain":0,"player_choice":"Obtained Book","damage_taken":16,"max_hp_gain":0,"max_hp_loss":0,"event_name":"Cursed Tome","floor":22,"gold_loss":0},{"damage_healed":0,"gold_gain":0,"player_choice":"Fought Bandits","damage_taken":0,"max_hp_gain":0,"max_hp_loss":0,"event_name":"Masked Bandits","floor":25,"gold_loss":0},{"damage_healed":0,"gold_gain":0,"player_choice":"Became a vampire","damage_taken":0,"max_hp_gain":0,"max_hp_loss":24,"event_name":"Vampires","floor":27,"gold_loss":0,"cards_obtained":["Bite","Bite","Bite","Bite","Bite"]}],"is_beta":true,"boss_relics":[{"not_picked":["Black Star","Busted Crown"],"picked":"Calling Bell"}],"items_purged_floors":[13,20],"is_endless":false,"potions_floor_spawned":[4,10,16,18],"killed_by":"Centurion and Healer","ascension_level":0}