{"gold_per_floor":[116,136,136,146,157,190,200,200,270,284,284,295,306,334,334,431,431,448,448,82,93,93,125,125,125,152,152,209,219,239,256,256,256],"floor_reached":33,"playtime":1725,"items_purged":[],"score":421,"play_id":"ad947ba2-a3b1-49c7-96e2-a3b8b7f3fc88","local_time":"20190428210443","is_ascension_mode":true,"campfire_choices":[{"data":"Crippling Poison","floor":8,"key":"SMITH"},{"floor":11,"key":"REST"},{"data":"Blur","floor":15,"key":"SMITH"},{"floor":24,"key":"REST"},{"data":"Burst","floor":27,"key":"SMITH"},{"floor":32,"key":"REST"}],"neow_cost":"TEN_PERCENT_HP_LOSS","seed_source_timestamp":941548214968500,"circlet_count":0,"master_deck":["Defend_G+1","Defend_G+1","Defend_G+1","Defend_G+1","Defend_G+1","Strike_G+1","Strike_G+1","Strike_G+1","Survivor","Neutralize","Backflip","Sucker Punch+1","Crippling Poison+1","Backstab","Dagger Throw","Backflip","All Out Attack","Caltrops","Deflect","Blur+1","Heel Hook","Sucker Punch","Corpse Explosion","Dodge and Roll","Crippling Poison","Leg Sweep","Dagger Throw+1","Caltrops+1","Burst+1","Caltrops+1","Backstab+1","Backflip+1","Dagger Spray+1"],"relics":["Ring of the Snake","Sundial","Frozen Egg 2","Thread and Needle","Black Star","Bottled Lightning","Enchiridion","Bronze Scales","Shuriken","Oddly Smooth Stone","Potion Belt","Tiny Chest"],"potions_floor_usage":[6,23,23,28,28],"damage_taken":[{"damage":2,"enemies":"Cultist","floor":1,"turns":5},{"damage":0,"enemies":"2 Louse","floor":2,"turns":2},{"damage":0,"enemies":"Jaw Worm","floor":4,"turns":3},{"damage":1,"enemies":"Blue Slaver","floor":5,"turns":4},{"damage":23,"enemies":"Lagavulin","floor":6,"turns":8},{"damage":6,"enemies":"2 Fungi Beasts","floor":7,"turns":2},{"damage":2,"enemies":"Red Slaver","floor":10,"turns":4},{"damage":2,"enemies":"Exordium Thugs","floor":12,"turns":4},{"damage":0,"enemies":"Large Slime","floor":13,"turns":4},{"damage":23,"enemies":"3 Sentries","floor":14,"turns":8},{"damage":0,"enemies":"The Guardian","floor":16,"turns":13},{"damage":20,"enemies":"2 Thieves","floor":18,"turns":3},{"damage":0,"enemies":"3 Byrds","floor":21,"turns":3},{"damage":15,"enemies":"Slavers","floor":23,"turns":4},{"damage":10,"enemies":"Gremlin Leader","floor":28,"turns":6},{"damage":7,"enemies":"Snecko","floor":29,"turns":5},{"damage":0,"enemies":"Snake Plant","floor":30,"turns":3},{"damage":3,"enemies":"Shelled Parasite and Fungi","floor":31,"turns":4},{"damage":31,"enemies":"Collector","floor":33,"turns":6}],"seed_played":"-3187677977314503661","potions_obtained":[{"floor":1,"key":"FearPotion"},{"floor":4,"key":"Poison Potion"},{"floor":7,"key":"AttackPotion"},{"floor":10,"key":"Energy Potion"},{"floor":13,"key":"EssenceOfSteel"},{"floor":21,"key":"AttackPotion"},{"floor":23,"key":"LiquidBronze"},{"floor":28,"key":"GamblersBrew"}],"is_trial":false,"path_per_floor":["M","M","?","M","M","E","M","R","T","M","R","M","M","E","R","B",null,"M","?","$","M","?","E","R","?","T","R","E","M","M","M","R","B"],"character_chosen":"THE_SILENT","items_purchased":["Bottled Lightning","Crippling Poison","Leg Sweep"],"campfire_rested":3,"item_purchase_floors":[20,20,20],"current_hp_per_floor":[61,61,61,61,60,37,31,31,31,29,47,45,45,22,22,22,63,43,43,43,43,27,12,30,30,30,30,20,13,13,10,28,0],"gold":256,"neow_bonus":"TRANSFORM_TWO_CARDS","is_prod":false,"is_daily":false,"chose_seed":false,"campfire_upgraded":3,"win_rate":0,"timestamp":1556478283,"path_taken":["M","M","?","?","M","E","M","R","T","M","R","M","M","E","R","BOSS","M","?","$","M","?","E","R","?","T","R","E","M","M","M","R","BOSS"],"build_version":"2019-01-23","purchased_purges":0,"victory":false,"max_hp_per_floor":[63,63,63,63,63,63,63,63,63,63,63,63,63,63,63,63,63,63,63,63,63,63,63,63,63,63,63,63,63,63,63,63,63],"card_choices":[{"not_picked":["Riddle With Holes","Slice"],"picked":"Crippling Poison","floor":1},{"not_picked":["PiercingWail","Tactician"],"picked":"Backstab","floor":2},{"not_picked":["Dagger Spray","Masterful Stab"],"picked":"Dagger Throw","floor":4},{"not_picked":["Sucker Punch","Flying Knee"],"picked":"Backflip","floor":5},{"not_picked":["Endless Agony","Backflip"],"picked":"All Out Attack","floor":6},{"not_picked":["Sucker Punch","Storm of Steel"],"picked":"Caltrops","floor":7},{"not_picked":["Backflip","Flying Knee"],"picked":"Deflect","floor":10},{"not_picked":["Blade Dance","Predator"],"picked":"Blur","floor":12},{"not_picked":["Acrobatics","Terror"],"picked":"Heel Hook","floor":13},{"not_picked":["Blade Dance","Accuracy+1"],"picked":"Sucker Punch","floor":14},{"not_picked":["Venomology","Grand Finale"],"picked":"Corpse Explosion","floor":16},{"not_picked":["Underhanded Strike","Outmaneuver+1"],"picked":"Dodge and Roll","floor":18},{"not_picked":["Slice","Tactician"],"picked":"Dagger Throw+1","floor":21},{"not_picked":["Underhanded Strike","Calculated Gamble"],"picked":"Caltrops+1","floor":23},{"not_picked":["Poisoned Stab+1","Dodge and Roll"],"picked":"Caltrops+1","floor":28},{"not_picked":["Quick Slash+1","Masterful Stab"],"picked":"Backstab+1","floor":29},{"not_picked":["Cloak And Dagger","Tactician"],"picked":"Backflip+1","floor":30},{"not_picked":["Catalyst","Blade Dance"],"picked":"Dagger Spray+1","floor":31}],"player_experience":310058,"relics_obtained":[{"floor":6,"key":"Sundial"},{"floor":9,"key":"Frozen Egg 2"},{"floor":14,"key":"Thread and Needle"},{"floor":22,"key":"Enchiridion"},{"floor":23,"key":"Bronze Scales"},{"floor":23,"key":"Shuriken"},{"floor":26,"key":"Oddly Smooth Stone"},{"floor":28,"key":"Potion Belt"},{"floor":28,"key":"Tiny Chest"}],"event_choices":[{"damage_healed":0,"gold_gain":0,"player_choice":"Upgraded","damage_taken":0,"max_hp_gain":0,"max_hp_loss":0,"event_name":"Upgrade Shrine","floor":3,"gold_loss":0,"cards_upgraded":["Sucker Punch"]},{"damage_healed":0,"gold_gain":0,"player_choice":"Simplicity","damage_taken":0,"max_hp_gain":0,"max_hp_loss":0,"event_name":"Back to Basics","floor":19,"gold_loss":0,"cards_upgraded":["Defend_G","Defend_G","Defend_G","Defend_G","Defend_G","Strike_G","Strike_G","Strike_G"]},{"damage_healed":0,"gold_gain":0,"player_choice":"Obtained Book","damage_taken":16,"max_hp_gain":0,"max_hp_loss":0,"event_name":"Cursed Tome","floor":22,"gold_loss":0},{"damage_healed":0,"gold_gain":0,"player_choice":"Read","damage_taken":0,"max_hp_gain":0,"max_hp_loss":0,"event_name":"The Library","floor":25,"gold_loss":0,"cards_obtained":["Burst"]}],"is_beta":false,"boss_relics":[{"not_picked":["Calling Bell","Busted Crown"],"picked":"Black Star"}],"items_purged_floors":[],"is_endless":false,"potions_floor_spawned":[1,4,7,10,13,16,21,23,28],"killed_by":"Collector","ascension_level":4}