{"gold_per_floor":[115,131,56,56,56,56,89,112,192,192,212,66,101,101,101,220,220,240,155,55,55,154,154,154,154,181,181,29,70,70,89,89,89],"floor_reached":33,"playtime":611,"items_purged":["Strike_R","Strike_R"],"score":421,"play_id":"4d7227de-e8af-4d0a-8d3f-789f02c9e616","local_time":"20190813015335","is_ascension_mode":true,"campfire_choices":[{"data":"Cleave","floor":6,"key":"SMITH"},{"data":"Rampage","floor":15,"key":"SMITH"},{"floor":23,"key":"REST"},{"data":"Infernal Blade","floor":27,"key":"SMITH"},{"floor":32,"key":"REST"}],"neow_cost":"NONE","seed_source_timestamp":169480625061763,"circlet_count":0,"master_deck":["Strike_R+1","Strike_R+1","Defend_R+1","Defend_R+1","Defend_R+1","Defend_R+1","Bash","Cleave+1","Rampage+1","Feed","Infernal Blade+1","Limit Break"],"relics":["Burning Blood","NeowsBlessing","Golden Idol","Lantern","Letter Opener","Question Card","Sundial","Sozu","Happy Flower","Red Skull","Bag of Marbles","Turnip"],"potions_floor_usage":[11,13,24],"damage_taken":[{"damage":0,"enemies":"Small Slimes","floor":1,"turns":1},{"damage":0,"enemies":"2 Louse","floor":2,"turns":1},{"damage":0,"enemies":"Gremlin Nob","floor":7,"turns":1},{"damage":12,"enemies":"Jaw Worm","floor":8,"turns":2},{"damage":11,"enemies":"Exordium Thugs","floor":11,"turns":4},{"damage":40,"enemies":"Lagavulin","floor":13,"turns":4},{"damage":35,"enemies":"Slime Boss","floor":16,"turns":9},{"damage":52,"enemies":"2 Thieves","floor":18,"turns":4},{"damage":0,"enemies":"Book of Stabbing","floor":24,"turns":1},{"damage":27,"enemies":"Slavers","floor":29,"turns":4},{"damage":16,"enemies":"3 Byrds","floor":31,"turns":4},{"damage":82,"enemies":"Automaton","floor":33,"turns":6}],"seed_played":"-4237923597358312678","potions_obtained":[{"floor":1,"key":"SmokeBomb"},{"floor":8,"key":"Swift Potion"},{"floor":11,"key":"Energy Potion"}],"is_trial":false,"path_per_floor":["M","M","$","?","?","R","E","M","T","T","M","$","E","?","R","B",null,"M","?","$","?","?","R","E","$","T","R","$","E","$","M","R","B"],"character_chosen":"IRONCLAD","items_purchased":["Feed","Bag of Marbles"],"campfire_rested":2,"item_purchase_floors":[12,28],"current_hp_per_floor":[78,80,80,73,73,73,74,68,68,68,63,63,29,53,53,27,65,22,22,22,22,22,46,52,52,52,52,52,31,31,24,48,0],"gold":89,"neow_bonus":"THREE_ENEMY_KILL","is_prod":false,"is_daily":false,"chose_seed":false,"campfire_upgraded":3,"win_rate":0,"timestamp":1565679215,"path_taken":["M","M","$","?","?","R","E","M","T","?","?","?","E","?","R","BOSS","M","?","$","?","?","R","E","?","T","R","?","E","$","?","R","BOSS"],"build_version":"2019-07-17","purchased_purges":2,"victory":false,"max_hp_per_floor":[80,80,80,80,74,74,74,74,74,74,74,74,74,74,74,77,77,80,80,80,80,80,80,80,80,80,80,80,80,80,83,83,83],"card_choices":[{"not_picked":["Intimidate","Perfected Strike"],"picked":"Cleave","floor":1},{"not_picked":["Body Slam","Flex"],"picked":"Rampage","floor":2},{"not_picked":["Power Through","Anger","Warcry"],"picked":"SKIP","floor":7},{"not_picked":["Armaments","Shrug It Off","Second Wind"],"picked":"SKIP","floor":8},{"not_picked":["Anger","Armaments","Havoc","Headbutt"],"picked":"SKIP","floor":11},{"not_picked":["Iron Wave","Offering","Battle Trance"],"picked":"Infernal Blade","floor":13},{"not_picked":["Impervious","Demon Form","Feed"],"picked":"Limit Break","floor":16},{"not_picked":["Headbutt","Shrug It Off","Burning Pact","Wild Strike"],"picked":"SKIP","floor":18},{"not_picked":["Sever Soul","Pommel Strike","Flame Barrier","Reaper"],"picked":"SKIP","floor":29},{"not_picked":["Sentinel","Pummel","Evolve+1","Flame Barrier"],"picked":"SKIP","floor":31}],"player_experience":289883,"relics_obtained":[{"floor":7,"key":"Lantern"},{"floor":9,"key":"Letter Opener"},{"floor":10,"key":"Question Card"},{"floor":13,"key":"Sundial"},{"floor":26,"key":"Red Skull"},{"floor":29,"key":"Turnip"}],"event_choices":[{"cards_removed":["Strike_R"],"damage_healed":0,"gold_gain":0,"player_choice":"Card Removal","damage_taken":7,"max_hp_gain":0,"max_hp_loss":0,"event_name":"Golden Wing","floor":4,"gold_loss":0},{"damage_healed":0,"gold_gain":0,"player_choice":"Lose Max HP","damage_taken":0,"relics_obtained":["Golden Idol"],"max_hp_gain":0,"max_hp_loss":6,"event_name":"Golden Idol","floor":5,"gold_loss":0},{"damage_healed":24,"gold_gain":0,"player_choice":"Banana","damage_taken":0,"max_hp_gain":0,"max_hp_loss":0,"event_name":"Big Fish","floor":14,"gold_loss":0},{"damage_healed":0,"gold_gain":0,"player_choice":"Obtained Relic","damage_taken":0,"relics_obtained":["Happy Flower"],"max_hp_gain":0,"max_hp_loss":0,"event_name":"Addict","floor":19,"gold_loss":85},{"damage_healed":0,"gold_gain":0,"player_choice":"Simplicity","damage_taken":0,"max_hp_gain":0,"max_hp_loss":0,"event_name":"Back to Basics","floor":21,"gold_loss":0,"cards_upgraded":["Strike_R","Strike_R","Defend_R","Defend_R","Defend_R","Defend_R"]},{"damage_healed":0,"gold_gain":99,"player_choice":"Stole From Cult","damage_taken":0,"max_hp_gain":0,"max_hp_loss":0,"event_name":"Nest","floor":22,"gold_loss":0}],"is_beta":false,"boss_relics":[{"not_picked":["Snecko Eye","Mark of Pain"],"picked":"Sozu"}],"items_purged_floors":[3,20],"is_endless":false,"potions_floor_spawned":[1,8,11,24,31],"killed_by":"Automaton","ascension_level":7}