{"gold_per_floor":[114,124,177,192,142,167,167,178,205,222,252,268,188,206,206,304,304,318,328,341,23,43,43,43,43],"floor_reached":25,"playtime":1495,"items_purged":[],"score":250,"play_id":"8f463ac9-423d-4c55-a832-65051f368ca1","local_time":"20190528001234","is_ascension_mode":true,"campfire_choices":[{"data":"Burst","floor":7,"key":"SMITH"},{"floor":15,"key":"REST"},{"floor":23,"key":"REST"}],"neow_cost":"CURSE","seed_source_timestamp":625755735869800,"circlet_count":0,"master_deck":["Strike_G","Strike_G","Strike_G","Strike_G","Strike_G","Defend_G","Defend_G","Defend_G","Defend_G","Defend_G","Survivor","Neutralize","Burst+1","Choke","Backflip","Escape Plan","Infinite Blades","Glass Knife","Prepared","Cloak And Dagger","Calculated Gamble","Finisher","Slice","Adrenaline","Cloak And Dagger","Backstab","Dagger Spray","Escape Plan","Backflip","Envenom","Prepared","Deflect+1"],"relics":["Ring of the Snake","Boot","Lantern","Oddly Smooth Stone","Orrery","Membership Card","Ninja Scroll"],"potions_floor_usage":[6,11,11,16,22,22],"damage_taken":[{"damage":0,"enemies":"Cultist","floor":1,"turns":4},{"damage":0,"enemies":"Small Slimes","floor":2,"turns":3},{"damage":0,"enemies":"2 Louse","floor":4,"turns":5},{"damage":41,"enemies":"Lagavulin","floor":6,"turns":8},{"damage":1,"enemies":"Blue Slaver","floor":8,"turns":4},{"damage":2,"enemies":"Large Slime","floor":10,"turns":5},{"damage":2,"enemies":"Gremlin Nob","floor":11,"turns":3},{"damage":0,"enemies":"Red Slaver","floor":12,"turns":2},{"damage":0,"enemies":"2 Fungi Beasts","floor":14,"turns":2},{"damage":33,"enemies":"Hexaghost","floor":16,"turns":16},{"damage":0,"enemies":"3 Byrds","floor":18,"turns":4},{"damage":0,"enemies":"Chosen","floor":19,"turns":4},{"damage":35,"enemies":"Shelled Parasite and Fungi","floor":20,"turns":7},{"damage":37,"enemies":"Sentry and Sphere","floor":22,"turns":10},{"damage":42,"enemies":"Slavers","floor":25,"turns":3}],"seed_played":"610165165300717071","potions_obtained":[{"floor":2,"key":"Energy Potion"},{"floor":4,"key":"Dexterity Potion"},{"floor":8,"key":"Ancient Potion"},{"floor":10,"key":"FearPotion"},{"floor":12,"key":"Fire Potion"},{"floor":14,"key":"Weak Potion"},{"floor":20,"key":"Regen Potion"},{"floor":22,"key":"Weak Potion"}],"is_trial":false,"path_per_floor":["M","M","?","M","?","E","R","M","T","M","E","M","$","M","R","B",null,"M","M","M","$","M","R","?","E"],"character_chosen":"THE_SILENT","items_purchased":["Finisher","Membership Card","Ninja Scroll"],"campfire_rested":2,"item_purchase_floors":[13,21,21],"current_hp_per_floor":[70,70,70,70,70,29,29,28,28,26,24,24,24,24,45,12,70,70,70,35,35,13,34,34,0],"gold":43,"neow_bonus":"THREE_RARE_CARDS","is_prod":false,"is_daily":false,"chose_seed":false,"campfire_upgraded":1,"win_rate":0,"timestamp":1558995154,"path_taken":["M","M","?","M","?","E","R","M","T","M","E","M","$","M","R","BOSS","M","M","M","$","M","R","?","E"],"build_version":"2019-05-26","purchased_purges":0,"victory":false,"max_hp_per_floor":[70,70,70,70,70,70,70,70,70,70,70,70,70,70,70,70,70,70,70,70,70,70,70,70,70],"card_choices":[{"not_picked":["Doppelganger","Night Terror"],"picked":"Burst","floor":0},{"not_picked":["Bane","Slice"],"picked":"Choke","floor":1},{"not_picked":["Crippling Poison","Riddle With Holes"],"picked":"Backflip","floor":2},{"not_picked":["Eviscerate","Tactician"],"picked":"Escape Plan","floor":4},{"not_picked":["Flying Knee","Backflip"],"picked":"Infinite Blades","floor":6},{"not_picked":["Flechettes","Dagger Spray"],"picked":"Glass Knife","floor":8},{"not_picked":["Sucker Punch","Flechettes"],"picked":"Prepared","floor":10},{"not_picked":["Quick Slash","Calculated Gamble"],"picked":"Cloak And Dagger","floor":11},{"not_picked":["Flying Knee","Acrobatics"],"picked":"Calculated Gamble","floor":12},{"not_picked":["Underhanded Strike","Flying Knee"],"picked":"Slice","floor":14},{"not_picked":["Burst","Die Die Die"],"picked":"Adrenaline","floor":16},{"not_picked":["Deflect","Flying Knee"],"picked":"Cloak And Dagger","floor":17},{"not_picked":["Setup","Eviscerate"],"picked":"Backstab","floor":17},{"not_picked":["Tactician","All Out Attack"],"picked":"Dagger Spray","floor":17},{"not_picked":["Expertise","Crippling Poison"],"picked":"Escape Plan","floor":17},{"not_picked":["Dagger Spray","Quick Slash"],"picked":"Backflip","floor":17},{"not_picked":["Reflex+1","Distraction","Dagger Throw"],"picked":"SKIP","floor":18},{"not_picked":["Bane","Calculated Gamble"],"picked":"Envenom","floor":19},{"not_picked":["Reflex+1","Deflect"],"picked":"Prepared","floor":20},{"not_picked":["Sucker Punch","Riddle With Holes"],"picked":"Deflect+1","floor":22}],"player_experience":85613,"relics_obtained":[{"floor":6,"key":"Boot"},{"floor":9,"key":"Lantern"},{"floor":11,"key":"Oddly Smooth Stone"}],"event_choices":[{"damage_healed":0,"gold_gain":53,"player_choice":"Gained Gold","damage_taken":0,"max_hp_gain":0,"max_hp_loss":0,"event_name":"Golden Wing","floor":3,"gold_loss":0},{"cards_removed":["Clumsy"],"damage_healed":0,"gold_gain":0,"player_choice":"Card Removal","damage_taken":0,"max_hp_gain":0,"max_hp_loss":0,"event_name":"The Cleric","floor":5,"gold_loss":50},{"damage_healed":0,"gold_gain":0,"player_choice":"Ignored","damage_taken":0,"max_hp_gain":0,"max_hp_loss":0,"event_name":"Ghosts","floor":24,"gold_loss":0}],"is_beta":true,"boss_relics":[{"not_picked":["Coffee Dripper","Runic Dome"],"picked":"Orrery"}],"items_purged_floors":[],"is_endless":false,"potions_floor_spawned":[2,4,8,10,12,14,20,22],"killed_by":"Slavers","ascension_level":3}