{"gold_per_floor":[111,3,23,33,208,208,240,263,275,305,342,354,366,391,403,515,527,551,574,292,292],"floor_reached":21,"playtime":1343,"items_purged":["Strike_G","Pain"],"score":220,"play_id":"fdbf573d-91ed-46e1-a34e-e69fbe67fad5","local_time":"20190531161235","is_ascension_mode":true,"campfire_choices":[{"data":"Cloak And Dagger","floor":6,"key":"SMITH"},{"floor":12,"key":"REST"},{"floor":15,"key":"REST"}],"neow_cost":"NONE","seed_source_timestamp":942649560182500,"circlet_count":0,"master_deck":["Strike_G","Strike_G","Strike_G","Strike_G","Defend_G","Defend_G","Defend_G","Defend_G","Defend_G","Survivor","Neutralize","Cloak And Dagger","Riddle With Holes","Footwork","Well Laid Plans","Cloak And Dagger+1","Doubt","PiercingWail","Distraction","Blade Dance+1","Accuracy","Night Terror+1","Discovery+1"],"relics":["Ring of the Snake","MawBank","Pen Nib","Toxic Egg 2","WarpedTongs","Busted Crown","Tiny Chest"],"potions_floor_usage":[11,16,21],"damage_taken":[{"damage":4,"enemies":"Cultist","floor":1,"turns":5},{"damage":0,"enemies":"Small Slimes","floor":3,"turns":4},{"damage":0,"enemies":"Jaw Worm","floor":4,"turns":4},{"damage":29,"enemies":"3 Sentries","floor":7,"turns":14},{"damage":10,"enemies":"Large Slime","floor":8,"turns":10},{"damage":5,"enemies":"Looter","floor":10,"turns":4},{"damage":15,"enemies":"Gremlin Nob","floor":11,"turns":4},{"damage":9,"enemies":"Blue Slaver","floor":14,"turns":3},{"damage":26,"enemies":"Slime Boss","floor":16,"turns":13},{"damage":23,"enemies":"Chosen","floor":18,"turns":7},{"damage":23,"enemies":"Shell Parasite","floor":19,"turns":7},{"damage":25,"enemies":"Shelled Parasite and Fungi","floor":21,"turns":6}],"seed_played":"1127445572743334803","potions_obtained":[{"floor":1,"key":"Strength Potion"},{"floor":4,"key":"Poison Potion"},{"floor":10,"key":"GhostInAJar"},{"floor":14,"key":"Block Potion"},{"floor":19,"key":"SkillPotion"}],"is_trial":false,"path_per_floor":["M","$","M","M","?","R","E","M","T","M","E","R","?","M","R","B",null,"M","M","$","M"],"character_chosen":"THE_SILENT","items_purchased":["Footwork","Tiny Chest","Discovery+1"],"campfire_rested":2,"item_purchase_floors":[2,20,20],"current_hp_per_floor":[66,66,66,66,66,66,37,27,27,22,7,28,28,19,40,14,70,47,24,24,0],"gold":292,"neow_bonus":"THREE_CARDS","is_prod":false,"is_daily":false,"chose_seed":false,"campfire_upgraded":1,"win_rate":0,"timestamp":1559311955,"path_taken":["M","$","M","M","?","R","E","M","T","M","E","R","?","?","R","BOSS","M","M","$","M"],"build_version":"2019-05-28","purchased_purges":2,"victory":false,"max_hp_per_floor":[70,70,70,70,70,70,70,70,70,70,70,70,70,70,70,70,70,70,70,70,70],"card_choices":[{"not_picked":["Prepared","Dagger Throw"],"picked":"Cloak And Dagger","floor":0},{"not_picked":["Blur","Flechettes"],"picked":"Riddle With Holes","floor":1},{"not_picked":["Quick Slash","Dagger Throw"],"picked":"Well Laid Plans","floor":3},{"not_picked":["Flechettes","Slice"],"picked":"Cloak And Dagger","floor":4},{"not_picked":["Sucker Punch","Deflect","Quick Slash"],"picked":"SKIP","floor":7},{"not_picked":["Acrobatics","Bane"],"picked":"PiercingWail","floor":8},{"not_picked":["Predator","Dagger Throw"],"picked":"Distraction","floor":10},{"not_picked":["Predator","PiercingWail"],"picked":"Blade Dance","floor":11},{"not_picked":["Cloak And Dagger+1","Noxious Fumes"],"picked":"Accuracy","floor":14},{"not_picked":["Venomology+1","Doppelganger+1"],"picked":"Night Terror+1","floor":16},{"not_picked":["Acrobatics+1"],"picked":"SKIP","floor":18},{"not_picked":["Underhanded Strike"],"picked":"SKIP","floor":19}],"player_experience":90918,"relics_obtained":[{"floor":7,"key":"MawBank"},{"floor":9,"key":"Pen Nib"},{"floor":11,"key":"Toxic Egg 2"}],"event_choices":[{"damage_healed":0,"gold_gain":175,"player_choice":"AGREE","damage_taken":0,"max_hp_gain":0,"max_hp_loss":0,"event_name":"Liars Game","floor":5,"gold_loss":0,"cards_obtained":["Doubt"]},{"damage_healed":0,"gold_gain":0,"player_choice":"Rummage","damage_taken":0,"relics_obtained":["WarpedTongs"],"max_hp_gain":0,"max_hp_loss":0,"event_name":"Accursed Blacksmith","floor":13,"gold_loss":0,"cards_obtained":["Pain"]}],"is_beta":true,"boss_relics":[{"not_picked":["Ring of the Serpent","Coffee Dripper"],"picked":"Busted Crown"}],"items_purged_floors":[2,20],"is_endless":false,"potions_floor_spawned":[1,4,10,14,19],"killed_by":"Shelled Parasite and Fungi","ascension_level":3}