{"gold_per_floor":[111,122,135,135,146,146,159,186,186,111,136,136,168,180,180,180],"floor_reached":16,"playtime":417,"items_purged":["Normality"],"score":140,"play_id":"9c5a36a0-b93e-468b-861f-63c493392b25","local_time":"20191020162546","is_ascension_mode":true,"campfire_choices":[{"data":"Hyperbeam","floor":6,"key":"SMITH"},{"data":"Hologram","floor":12,"key":"SMITH"},{"data":"Recycle","floor":15,"key":"SMITH"}],"neow_cost":"CURSE","seed_source_timestamp":331709375783300,"circlet_count":0,"master_deck":["Strike_B","Strike_B","Strike_B+1","Strike_B","Defend_B","Defend_B","Defend_B+1","Defend_B","Zap","Dualcast","Hyperbeam+1","Skim","Recycle+1","Conserve Battery","Leap","Hologram+1","Hyperbeam","Leap","Sweeping Beam","Rebound"],"relics":["Cracked Core","Bronze Scales","Darkstone Periapt","Pen Nib","Bird Faced Urn"],"potions_floor_usage":[8,11],"damage_taken":[{"damage":1,"enemies":"Cultist","floor":1,"turns":3},{"damage":0,"enemies":"2 Louse","floor":2,"turns":2},{"damage":12,"enemies":"Jaw Worm","floor":3,"turns":2},{"damage":0,"enemies":"2 Fungi Beasts","floor":5,"turns":1},{"damage":14,"enemies":"3 Louse","floor":7,"turns":2},{"damage":1,"enemies":"3 Sentries","floor":8,"turns":3},{"damage":12,"enemies":"Lagavulin","floor":11,"turns":6},{"damage":1,"enemies":"3 Sentries","floor":13,"turns":2},{"damage":0,"enemies":"Looter","floor":14,"turns":2},{"damage":21,"enemies":"The Guardian","floor":16,"turns":4}],"seed_played":"6613742356824151373","potions_obtained":[{"floor":3,"key":"SteroidPotion"},{"floor":5,"key":"DistilledChaos"},{"floor":7,"key":"SpeedPotion"}],"is_trial":false,"path_per_floor":["M","M","M","?","M","R","M","E","T","$","E","R","E","M","R","B"],"character_chosen":"DEFECT","items_purchased":[],"campfire_rested":0,"item_purchase_floors":[],"current_hp_per_floor":[74,74,62,47,47,47,33,32,32,32,20,20,19,19,19,0],"gold":180,"neow_bonus":"THREE_RARE_CARDS","is_prod":false,"is_daily":false,"chose_seed":false,"campfire_upgraded":3,"win_rate":0,"timestamp":1571581546,"path_taken":["M","M","?","?","M","R","M","E","T","$","E","R","E","M","R","BOSS"],"build_version":"2019-10-18","purchased_purges":1,"victory":false,"max_hp_per_floor":[75,75,75,75,75,75,75,75,75,75,75,75,75,75,75,75],"card_choices":[{"not_picked":["Multi-Cast","Reboot"],"picked":"Hyperbeam","floor":0},{"not_picked":["Beam Cell","Barrage"],"picked":"Skim","floor":1},{"not_picked":["Static Discharge","Turbo"],"picked":"Recycle","floor":2},{"not_picked":["Cold Snap","Leap"],"picked":"Conserve Battery","floor":3},{"not_picked":["Hologram","Chill"],"picked":"Leap","floor":5},{"not_picked":["Chaos","Stack"],"picked":"Hologram","floor":7},{"not_picked":["Compile Driver","Stack"],"picked":"Hyperbeam","floor":8},{"not_picked":["Turbo","Beam Cell"],"picked":"Leap","floor":11},{"not_picked":["Steam","Redo"],"picked":"Sweeping Beam","floor":13},{"not_picked":["Coolheaded","Steam"],"picked":"Rebound","floor":14}],"player_experience":171580,"relics_obtained":[{"floor":8,"key":"Bronze Scales"},{"floor":9,"key":"Darkstone Periapt"},{"floor":11,"key":"Pen Nib"},{"floor":13,"key":"Bird Faced Urn"}],"event_choices":[{"damage_healed":0,"gold_gain":0,"player_choice":"Entered Light","damage_taken":15,"max_hp_gain":0,"max_hp_loss":0,"event_name":"Shining Light","floor":4,"gold_loss":0,"cards_upgraded":["Strike_B","Defend_B"]}],"is_beta":true,"boss_relics":[],"items_purged_floors":[10],"is_endless":false,"potions_floor_spawned":[3,5,7],"killed_by":"The Guardian","ascension_level":3}