{"gold_per_floor":[14,61,61,80,99,99,109,109,109,109,138,138,162,192,192,287,287,306,221,2,21,36,36,64,64,64,24,34,53,53,80,80,182,182,195,244,244,264,264,264,298,298,345,345,363,14,28,60,60,60],"floor_reached":51,"playtime":2248,"items_purged":["Strike_R","Strike_R"],"score":909,"play_id":"b48f7dd2-eccc-4765-a4f6-ccb0630656c1","local_time":"20190515000602","is_ascension_mode":true,"campfire_choices":[{"data":"Searing Blow","floor":6.0,"key":"SMITH"},{"data":"Searing Blow+1","floor":8.0,"key":"SMITH"},{"data":"Searing Blow+2","floor":10.0,"key":"SMITH"},{"data":"Searing Blow+3","floor":12.0,"key":"SMITH"},{"data":"Searing Blow+4","floor":15.0,"key":"SMITH"},{"data":"Armaments","floor":23.0,"key":"SMITH"},{"data":"Searing Blow+5","floor":25.0,"key":"SMITH"},{"data":"Searing Blow+6","floor":30.0,"key":"SMITH"},{"data":"Searing Blow+7","floor":32.0,"key":"SMITH"},{"data":"Corruption","floor":40,"key":"SMITH"},{"data":"Searing Blow+8","floor":42,"key":"SMITH"},{"data":"Double Tap","floor":44,"key":"SMITH"},{"data":"Second Wind+1","floor":49,"key":"PURGE"}],"neow_cost":"NO_GOLD","seed_source_timestamp":909355112162100,"circlet_count":0,"master_deck":["Defend_R","Defend_R","Defend_R","Bash+1","Double Tap+1","Searing Blow+9","Battle Trance","Intimidate","Warcry","Disarm","Flame Barrier","Fire Breathing","Offering","Rage","Deep Breath","Shrug It Off","Disarm","Armaments+1","Anger+1","Corruption+1","Metallicize+1","Iron Wave+1","Dark Embrace","Seeing Red+1","Dual Wield+1","Headbutt+1","Rampage+1","Body Slam+1","Ghostly Armor","Disarm"],"special_seed":0,"relics":["Burning Blood","Happy Flower","Shuriken","Lantern","Vajra","Letter Opener","Runic Pyramid","Mango","Mercury Hourglass","Nunchaku","Red Mask","Astrolabe","FossilizedHelix","Peace Pipe","Whetstone","Bottled Flame","PreservedInsect"],"potions_floor_usage":[50,50],"damage_taken":[{"damage":6.0,"enemies":"Cultist","floor":1.0,"turns":3.0},{"damage":5.0,"enemies":"2 Louse","floor":4.0,"turns":3.0},{"damage":0.0,"enemies":"Small Slimes","floor":5.0,"turns":3.0},{"damage":17.0,"enemies":"2 Fungi Beasts","floor":7.0,"turns":3.0},{"damage":14.0,"enemies":"Gremlin Nob","floor":11.0,"turns":3.0},{"damage":11.0,"enemies":"Lagavulin","floor":14.0,"turns":5.0},{"damage":13.0,"enemies":"Hexaghost","floor":16.0,"turns":6.0},{"damage":20.0,"enemies":"Shell Parasite","floor":18.0,"turns":3.0},{"damage":6.0,"enemies":"Spheric Guardian","floor":21.0,"turns":3.0},{"damage":3.0,"enemies":"Cultist and Chosen","floor":22.0,"turns":6.0},{"damage":29.0,"enemies":"Slavers","floor":24.0,"turns":6.0},{"damage":3.0,"enemies":"Snake Plant","floor":28.0,"turns":4.0},{"damage":6.0,"enemies":"Centurion and Healer","floor":29.0,"turns":4.0},{"damage":2.0,"enemies":"Masked Bandits","floor":31.0,"turns":3.0},{"damage":22.0,"enemies":"Champ","floor":33.0,"turns":7.0},{"damage":10.0,"enemies":"Orb Walker","floor":35.0,"turns":3.0},{"damage":29.0,"enemies":"2 Orb Walkers","floor":36.0,"turns":5.0},{"damage":0,"enemies":"3 Darklings","floor":38,"turns":3},{"damage":4,"enemies":"Nemesis","floor":41,"turns":5},{"damage":28,"enemies":"Transient","floor":45,"turns":5},{"damage":0,"enemies":"Writhing Mass","floor":47,"turns":3},{"damage":0,"enemies":"Giant Head","floor":48,"turns":5},{"damage":6,"enemies":"Donu and Deca","floor":50,"turns":4}],"seed_played":"-5718501564142679650","potions_obtained":[{"floor":1.0,"key":"Regen Potion"},{"floor":4.0,"key":"BloodPotion"},{"floor":7.0,"key":"SteroidPotion"},{"floor":24.0,"key":"Explosive Potion"},{"floor":33.0,"key":"Energy Potion"},{"floor":38,"key":"Poison Potion"},{"floor":45,"key":"BloodPotion"},{"floor":48,"key":"EssenceOfSteel"}],"is_trial":false,"path_per_floor":["M","T","?","M","M","R","M","R","T","R","E","R","T","E","R","B",null,"M","?","$","M","M","R","E","R","T","$","M","M","R","?","R","B",null,"M","?","?","M","?","R","E","R","T","R","M","$","M","E","R","B",null],"character_chosen":"IRONCLAD","items_purchased":["Deep Breath","Shrug It Off","Corruption","Bottled Flame"],"campfire_rested":0,"item_purchase_floors":[20,20,27,46],"current_hp_per_floor":[80,80,80,80,80,80,69,69,69,69,61,61,61,56,56,49,80,66,80,80,80,83,83,60,60,60,60,63,63,63,67,67,65,94,90,67,67,73,73,73,75,75,75,75,53,53,59,65,65,73],"gold":60,"neow_bonus":"THREE_RARE_CARDS","is_prod":false,"is_daily":false,"chose_seed":false,"campfire_upgraded":12,"win_rate":0,"timestamp":1557871562,"path_taken":["M","?","?","M","?","R","M","R","T","R","E","R","?","E","R","BOSS","M","?","$","M","M","R","E","R","T","$","M","M","R","?","R","BOSS","M","?","?","M","?","R","E","R","T","R","M","$","M","E","R","BOSS"],"build_version":"2019-05-07","purchased_purges":2,"victory":true,"max_hp_per_floor":[80,80,80,80,80,80,80,80,80,80,80,80,80,80,80,80,80,80,94,94,94,94,94,94,94,94,94,94,94,94,94,94,94,94,94,94,94,94,89,89,89,89,89,89,89,89,89,89,89,89],"card_choices":[{"not_picked":["Impervious","Immolate"],"picked":"Double Tap","floor":0.0},{"not_picked":["Power Through","Hemokinesis"],"picked":"Searing Blow","floor":1.0},{"not_picked":["Corruption","Shrug It Off"],"picked":"Intimidate","floor":4.0},{"not_picked":["Clothesline","Wild Strike"],"picked":"Warcry","floor":5.0},{"not_picked":["Heavy Blade","Sword Boomerang"],"picked":"Disarm","floor":7.0},{"not_picked":["Fire Breathing","Hemokinesis"],"picked":"Flame Barrier","floor":11.0},{"not_picked":["Uppercut","Reckless Charge"],"picked":"Fire Breathing","floor":14.0},{"not_picked":["Double Tap","Fiend Fire"],"picked":"Offering","floor":16.0},{"not_picked":["Clash","Heavy Blade"],"picked":"Rage","floor":18.0},{"not_picked":["Headbutt","Body Slam"],"picked":"Disarm","floor":21.0},{"not_picked":["Iron Wave","Searing Blow+1"],"picked":"Armaments","floor":22.0},{"not_picked":["Twin Strike","Inflame"],"picked":"Anger","floor":24.0},{"not_picked":["Searing Blow","Corruption","Barricade"],"picked":"SKIP","floor":28.0},{"not_picked":["Cleave","Wild Strike+1"],"picked":"Metallicize+1","floor":29.0},{"not_picked":["Heavy Blade+1","Twin Strike"],"picked":"Iron Wave+1","floor":31.0},{"not_picked":["Fiend Fire","Brutality"],"picked":"Dark Embrace","floor":33.0},{"not_picked":["Sword Boomerang","Flex"],"picked":"Dual Wield+1","floor":35.0},{"not_picked":["Searing Blow+1","Whirlwind+1"],"picked":"Headbutt+1","floor":36.0},{"not_picked":["Corruption","Whirlwind"],"picked":"Rampage+1","floor":38},{"not_picked":["Barricade","Dual Wield","Clothesline+1"],"picked":"SKIP","floor":41},{"not_picked":["Seeing Red+1","Flame Barrier"],"picked":"Body Slam+1","floor":45},{"not_picked":["Cleave","Wild Strike+1"],"picked":"Ghostly Armor","floor":47},{"not_picked":["Dropkick","Perfected Strike+1"],"picked":"Disarm","floor":48}],"player_experience":78733,"relics_obtained":[{"floor":2.0,"key":"Happy Flower"},{"floor":9.0,"key":"Shuriken"},{"floor":11.0,"key":"Lantern"},{"floor":13.0,"key":"Vajra"},{"floor":14.0,"key":"Letter Opener"},{"floor":24.0,"key":"Mercury Hourglass"},{"floor":26.0,"key":"Nunchaku"},{"floor":31.0,"key":"Red Mask"},{"floor":36.0,"key":"FossilizedHelix"},{"floor":41,"key":"Peace Pipe"},{"floor":43,"key":"Whetstone"},{"floor":48,"key":"PreservedInsect"}],"event_choices":[{"damage_healed":0.0,"max_hp_gain":0.0,"max_hp_loss":0.0,"gold_gain":0.0,"cards_transformed":["Strike_R"],"event_name":"Transmorgrifier","player_choice":"Transformed","floor":3.0,"gold_loss":0.0,"damage_taken":0.0,"cards_obtained":["Battle Trance"]},{"damage_healed":0.0,"max_hp_gain":0.0,"max_hp_loss":0.0,"gold_gain":0.0,"event_name":"Addict","player_choice":"Obtained Relic","floor":19.0,"gold_loss":85.0,"damage_taken":0.0,"relics_obtained":["Mango"]},{"damage_healed":0.0,"max_hp_gain":0.0,"max_hp_loss":0.0,"gold_gain":0.0,"event_name":"Masked Bandits","player_choice":"Fought Bandits","floor":31.0,"gold_loss":0.0,"damage_taken":0.0},{"damage_healed":0.0,"max_hp_gain":0.0,"max_hp_loss":0.0,"gold_gain":0.0,"event_name":"Mysterious Sphere","player_choice":"Fight","floor":36.0,"gold_loss":0.0,"damage_taken":0.0},{"cards_removed":["True Grit"],"damage_healed":0,"gold_gain":0,"player_choice":"Removed Skill","damage_taken":0,"max_hp_gain":0,"max_hp_loss":0,"event_name":"Falling","floor":37,"gold_loss":0},{"damage_healed":0,"gold_gain":0,"player_choice":"Max HP","damage_taken":0,"max_hp_gain":0,"max_hp_loss":5,"event_name":"Winding Halls","floor":39,"gold_loss":0}],"is_beta":true,"boss_relics":[{"not_picked":["Snecko Eye","Fusion Hammer"],"picked":"Runic Pyramid"},{"not_picked":["Lizard Tail","Runic Cube"],"picked":"Astrolabe"}],"items_purged_floors":[20,46],"is_endless":false,"potions_floor_spawned":[1,4,7,14,24,29,33,38,45,48],"ascension_level":2}