{"gold_per_floor":[110,126,126,145,164,164,181,181,251,251,279,279,454,454,454,558,558,568,585,472,472,486,517,517,205,205,205,224,239,239,254,254,350,350,364,377,377,377,257,257,257],"floor_reached":41,"playtime":1808,"items_purged":["Doubt"],"score":436,"play_id":"b70682ed-956a-4c88-93eb-63175f59e1cf","local_time":"20190503193807","is_ascension_mode":false,"campfire_choices":[{"floor":6,"key":"REST"},{"data":"Fusion","floor":8,"key":"SMITH"},{"data":"Zap","floor":10,"key":"SMITH"},{"data":"1","floor":15,"key":"LIFT"},{"floor":24,"key":"REST"},{"data":"Storm","floor":27,"key":"SMITH"},{"floor":30,"key":"REST"},{"floor":32,"key":"REST"},{"data":"Redo","floor":40,"key":"SMITH"}],"neow_cost":"PERCENT_DAMAGE","seed_source_timestamp":1368272354483300,"circlet_count":0,"master_deck":["Strike_B+1","Defend_B","Defend_B","Zap+1","Dualcast+1","Conserve Battery","Barrage","Storm+1","Fusion+1","Self Repair","Defragment","Seek","Creative AI+1","Loop+1","Barrage+1","Ball Lightning","Conserve Battery","Well Laid Plans","Tempest","Thunder Strike","Auto Shields","Heatsinks","Ball Lightning","Undo","Hologram","Heatsinks+1","Machine Learning","Force Field","Hologram","Reboot","Self Repair+1","Ball Lightning","Conserve Battery","Undo+1","Madness","Madness","Redo+1","Bandage Up"],"relics":["Cracked Core","Pear","Girya","Boot","Astrolabe","Sundial","Bag of Marbles","Darkstone Periapt","Orrery"],"potions_floor_usage":[11,16,23,41],"damage_taken":[{"damage":0,"enemies":"Small Slimes","floor":1,"turns":3},{"damage":0,"enemies":"2 Louse","floor":2,"turns":3},{"damage":0,"enemies":"Cultist","floor":4,"turns":3},{"damage":13,"enemies":"Lots of Slimes","floor":5,"turns":4},{"damage":4,"enemies":"Red Slaver","floor":7,"turns":3},{"damage":12,"enemies":"Lagavulin","floor":11,"turns":6},{"damage":50,"enemies":"Slime Boss","floor":16,"turns":12},{"damage":40,"enemies":"2 Thieves","floor":18,"turns":4},{"damage":10,"enemies":"Spheric Guardian","floor":19,"turns":3},{"damage":13,"enemies":"Centurion and Healer","floor":22,"turns":6},{"damage":32,"enemies":"Book of Stabbing","floor":23,"turns":4},{"damage":10,"enemies":"Snake Plant","floor":28,"turns":4},{"damage":19,"enemies":"Snecko","floor":29,"turns":4},{"damage":13,"enemies":"Centurion and Healer","floor":31,"turns":6},{"damage":61,"enemies":"Collector","floor":33,"turns":10},{"damage":61,"enemies":"3 Darklings","floor":35,"turns":5},{"damage":32,"enemies":"Orb Walker","floor":36,"turns":5},{"damage":83,"enemies":"2 Orb Walkers","floor":41,"turns":4}],"seed_played":"8022895798894530588","potions_obtained":[{"floor":1,"key":"EssenceOfSteel"},{"floor":5,"key":"SpeedPotion"},{"floor":7,"key":"Fire Potion"},{"floor":16,"key":"SmokeBomb"},{"floor":22,"key":"Strength Potion"},{"floor":28,"key":"Strength Potion"},{"floor":29,"key":"LiquidBronze"},{"floor":35,"key":"SkillPotion"}],"is_trial":false,"path_per_floor":["M","M","?","M","M","R","M","R","T","R","E","?","?","?","R","B",null,"M","M","$","?","M","E","R","$","T","R","M","M","R","M","R","B",null,"M","M","?","?","$","R","?"],"character_chosen":"DEFECT","items_purchased":["Self Repair","Bag of Marbles","Auto Shields","Heatsinks","Ball Lightning","Redo","Bandage Up"],"campfire_rested":4,"item_purchase_floors":[20,25,25,25,25,39,39],"current_hp_per_floor":[54,54,39,39,26,48,44,44,54,54,49,77,77,65,65,22,85,52,49,49,49,43,18,43,43,43,43,40,28,53,47,72,18,85,41,26,74,65,65,65,0],"gold":257,"neow_bonus":"REMOVE_TWO","is_prod":false,"is_daily":false,"chose_seed":false,"campfire_upgraded":4,"win_rate":0.0,"timestamp":1556905087,"path_taken":["M","M","?","M","M","R","M","R","T","R","E","?","?","?","R","BOSS","M","M","$","?","M","E","R","?","T","R","M","?","R","M","R","BOSS","M","M","?","?","$","R","?"],"build_version":"2019-04-23","purchased_purges":1,"victory":false,"max_hp_per_floor":[75,75,75,75,75,75,75,75,85,85,85,85,85,85,85,85,85,85,85,85,85,85,85,85,85,85,85,85,85,85,85,85,85,85,85,85,74,74,74,74,74],"card_choices":[{"not_picked":["Undo","FTL"],"picked":"Conserve Battery","floor":1},{"not_picked":["Hello World","Blizzard"],"picked":"Barrage","floor":2},{"not_picked":["Beam Cell","Ball Lightning"],"picked":"Storm","floor":4},{"not_picked":["Reinforced Body","Leap"],"picked":"Fusion","floor":5},{"not_picked":["Stack","Coolheaded"],"picked":"Self Repair","floor":7},{"not_picked":["Coolheaded","Leap"],"picked":"Defragment","floor":11},{"not_picked":["Buffer","Thunder Strike"],"picked":"Seek","floor":16},{"not_picked":["Sweeping Beam","Go for the Eyes"],"picked":"Ball Lightning","floor":18},{"not_picked":["Steam Power","Redo"],"picked":"Conserve Battery","floor":19},{"not_picked":["Beam Cell","Streamline"],"picked":"Tempest","floor":22},{"not_picked":["Coolheaded","Rebound"],"picked":"Thunder Strike","floor":23},{"not_picked":["Blizzard+1","Beam Cell"],"picked":"Undo","floor":28},{"not_picked":["Coolheaded","Ball Lightning"],"picked":"Hologram","floor":29},{"not_picked":["Gash","Stack"],"picked":"Heatsinks+1","floor":31},{"not_picked":["All For One","Rainbow"],"picked":"Machine Learning","floor":33},{"not_picked":["Lockon","Tempest"],"picked":"Force Field","floor":34},{"not_picked":["Hello World","Streamline"],"picked":"Hologram","floor":34},{"not_picked":["Fusion+1","Compile Driver"],"picked":"Reboot","floor":34},{"not_picked":["Scrape","Coolheaded"],"picked":"Self Repair+1","floor":34},{"not_picked":["Hello World","Rebound"],"picked":"Ball Lightning","floor":34},{"not_picked":["Chaos+1","Aggregate"],"picked":"Conserve Battery","floor":35},{"not_picked":["Reprogram+1","Scrape"],"picked":"Undo+1","floor":36}],"player_experience":22701,"relics_obtained":[{"floor":9,"key":"Pear"},{"floor":11,"key":"Girya"},{"floor":23,"key":"Sundial"},{"floor":26,"key":"Darkstone Periapt"}],"event_choices":[{"damage_healed":0,"gold_gain":0,"player_choice":"Entered Light","damage_taken":15,"max_hp_gain":0,"max_hp_loss":0,"event_name":"Shining Light","floor":3,"gold_loss":0,"cards_upgraded":["Dualcast","Strike_B"]},{"damage_healed":28,"gold_gain":0,"player_choice":"Banana","damage_taken":0,"max_hp_gain":0,"max_hp_loss":0,"event_name":"Big Fish","floor":12,"gold_loss":0},{"damage_healed":0,"gold_gain":175,"player_choice":"AGREE","damage_taken":0,"max_hp_gain":0,"max_hp_loss":0,"event_name":"Liars Game","floor":13,"gold_loss":0,"cards_obtained":["Doubt"]},{"damage_healed":0,"gold_gain":0,"player_choice":"Success","damage_taken":12,"relics_obtained":["Boot"],"max_hp_gain":0,"max_hp_loss":0,"event_name":"Scrap Ooze","floor":14,"gold_loss":0},{"cards_removed":["Self Repair"],"damage_healed":0,"gold_gain":0,"player_choice":"Took Card","damage_taken":0,"max_hp_gain":0,"max_hp_loss":0,"event_name":"NoteForYourself","floor":21,"gold_loss":0,"cards_obtained":["Well Laid Plans"]},{"damage_healed":74,"gold_gain":0,"player_choice":"Heal","damage_taken":0,"max_hp_gain":0,"max_hp_loss":11,"event_name":"The Moai Head","floor":37,"gold_loss":0},{"damage_healed":0,"gold_gain":0,"player_choice":"Embrace Madness","damage_taken":9,"max_hp_gain":0,"max_hp_loss":0,"event_name":"Winding Halls","floor":38,"gold_loss":0,"cards_obtained":["Madness","Madness"]},{"damage_healed":0,"gold_gain":0,"player_choice":"Fight","damage_taken":0,"max_hp_gain":0,"max_hp_loss":0,"event_name":"Mysterious Sphere","floor":41,"gold_loss":0}],"is_beta":true,"boss_relics":[{"not_picked":["Black Star","Cursed Key"],"picked":"Astrolabe"},{"not_picked":["Tiny House","White Beast Statue"],"picked":"Orrery"}],"items_purged_floors":[20],"is_endless":false,"potions_floor_spawned":[1,5,7,16,22,28,29,31,33,35],"killed_by":"2 Orb Walkers","ascension_level":0}