{"gold_per_floor":[369,101,137,150,225,276,276,181,181,221,221,260,330,362,362,485,485,521,796,377,438,507,507,524,524,524,606,606,237,255,267,267,267],"floor_reached":33,"playtime":1783,"items_purged":["Strike_B","Regret"],"score":334,"play_id":"99c7a221-1115-4f98-8de7-15a91c95d1c6","local_time":"20190419214337","is_ascension_mode":true,"campfire_choices":[{"floor":7,"key":"REST"},{"floor":11,"key":"REST"},{"data":"Fusion","floor":15,"key":"SMITH"},{"data":"Dualcast","floor":23,"key":"SMITH"},{"floor":25,"key":"REST"},{"floor":28,"key":"REST"},{"data":"Self Repair","floor":32,"key":"SMITH"}],"neow_cost":"PERCENT_DAMAGE","seed_source_timestamp":166227270438900,"circlet_count":0,"master_deck":["Strike_B","Strike_B+1","Strike_B","Defend_B","Defend_B","Defend_B","Defend_B","Zap","Dualcast+1","Sunder","HandOfGreed+1","Fusion+1","Sweeping Beam","Undo+1","Blind+1","Auto Shields+1","Steam+1","Conserve Battery+1","Leap+1","Fission+1","Chaos+1","Tempest+1","Enlightenment+1","Conserve Battery+1","Glacier+1","Capacitor","Shame","Electrodynamics","Chaos+1","Amplify+1","Self Repair+1","True Grit+1","Leap+1"],"relics":["Cracked Core","Toxic Egg 2","Dream Catcher","Odd Mushroom","Cursed Key","Whetstone","Turnip","Mercury Hourglass","PrismaticShard"],"potions_floor_usage":[6,16,16,30],"damage_taken":[{"damage":6,"enemies":"Cultist","floor":1,"turns":3},{"damage":8,"enemies":"Jaw Worm","floor":3,"turns":4},{"damage":0,"enemies":"2 Louse","floor":4,"turns":1},{"damage":16,"enemies":"Gremlin Nob","floor":6,"turns":3},{"damage":6,"enemies":"Looter","floor":10,"turns":3},{"damage":3,"enemies":"Exordium Thugs","floor":12,"turns":2},{"damage":13,"enemies":"The Mushroom Lair","floor":13,"turns":6},{"damage":5,"enemies":"3 Louse","floor":14,"turns":5},{"damage":17,"enemies":"Hexaghost","floor":16,"turns":14},{"damage":4,"enemies":"Shell Parasite","floor":18,"turns":7},{"damage":28,"enemies":"3 Byrds","floor":21,"turns":7},{"damage":5,"enemies":"3 Cultists","floor":22,"turns":5},{"damage":0,"enemies":"Snecko","floor":24,"turns":5},{"damage":24,"enemies":"Slavers","floor":27,"turns":8},{"damage":21,"enemies":"Cultist and Chosen","floor":30,"turns":7},{"damage":4,"enemies":"3 Cultists","floor":31,"turns":4},{"damage":51,"enemies":"Automaton","floor":33,"turns":6}],"seed_played":"-6318786420623805998","potions_obtained":[{"floor":4,"key":"Strength Potion"},{"floor":6,"key":"Dexterity Potion"},{"floor":10,"key":"FocusPotion"},{"floor":14,"key":"FearPotion"},{"floor":22,"key":"Dexterity Potion"},{"floor":24,"key":"Ancient Potion"}],"is_trial":false,"path_per_floor":["M","$","M","M","?","E","R","$","T","M","R","M","?","M","R","B",null,"M","?","$","M","M","R","M","R","T","E","R","$","M","M","R","B"],"character_chosen":"DEFECT","items_purchased":["HandOfGreed","Blind+1","Whetstone","Tempest+1","Enlightenment+1","Amplify+1","Self Repair","PrismaticShard"],"campfire_rested":4,"item_purchase_floors":[2,8,20,20,20,29,29,29],"current_hp_per_floor":[48,48,40,40,29,13,35,35,35,29,51,48,35,30,30,13,75,71,71,71,43,38,38,38,60,60,36,58,58,44,47,47,0],"gold":267,"neow_bonus":"TWO_FIFTY_GOLD","is_prod":false,"is_daily":false,"chose_seed":false,"campfire_upgraded":3,"win_rate":0,"timestamp":1555703017,"path_taken":["M","$","?","M","?","E","R","$","T","M","R","M","?","M","R","BOSS","M","?","$","?","M","R","M","R","T","E","R","$","M","M","R","BOSS"],"build_version":"2019-01-23","purchased_purges":2,"victory":false,"max_hp_per_floor":[75,75,75,75,75,75,75,75,75,75,75,75,75,75,75,75,75,75,75,75,75,75,75,75,75,75,75,75,75,75,75,75,75],"card_choices":[{"not_picked":["Hologram","Compile Driver"],"picked":"Sunder","floor":1},{"not_picked":["Compile Driver","Barrage"],"picked":"Fusion","floor":3},{"not_picked":["Undo","Static Discharge"],"picked":"Sweeping Beam","floor":4},{"not_picked":["Rip and Tear","All For One"],"picked":"Undo","floor":6},{"not_picked":["Streamline","Beam Cell","Sweeping Beam"],"picked":"SKIP","floor":10},{"not_picked":["Cold Snap","Sweeping Beam"],"picked":"Auto Shields+1","floor":11},{"not_picked":["Streamline","Go for the Eyes"],"picked":"Steam+1","floor":12},{"not_picked":["Coolheaded+1","Gash"],"picked":"Conserve Battery+1","floor":13},{"not_picked":["Tempest+1","Gash"],"picked":"Leap+1","floor":14},{"not_picked":["Hyperbeam","Multi-Cast+1"],"picked":"Fission+1","floor":16},{"not_picked":["Redo+1","Beam Cell"],"picked":"Chaos+1","floor":18},{"not_picked":["Compile Driver+1","Aggregate+1"],"picked":"Conserve Battery+1","floor":21},{"not_picked":["Compile Driver","Storm+1"],"picked":"Glacier+1","floor":22},{"not_picked":["Scrape","Undo+1","Turbo+1"],"picked":"SKIP","floor":24},{"not_picked":["Conserve Battery+1","Doom and Gloom"],"picked":"Capacitor","floor":25},{"not_picked":["Turbo+1","Stack+1"],"picked":"Electrodynamics","floor":27},{"not_picked":["Heatsinks+1","Skim+1"],"picked":"Chaos+1","floor":28},{"not_picked":["Searing Blow","Perfected Strike"],"picked":"True Grit+1","floor":30},{"not_picked":["Infinite Blades","Underhanded Strike"],"picked":"Leap+1","floor":31}],"player_experience":282824,"relics_obtained":[{"floor":6,"key":"Toxic Egg 2"},{"floor":9,"key":"Dream Catcher"},{"floor":13,"key":"Odd Mushroom"},{"floor":26,"key":"Turnip"},{"floor":27,"key":"Mercury Hourglass"}],"event_choices":[{"damage_healed":0,"gold_gain":75,"player_choice":"Gather Gold","damage_taken":11,"max_hp_gain":0,"max_hp_loss":0,"event_name":"World of Goop","floor":5,"gold_loss":0},{"damage_healed":0,"gold_gain":0,"player_choice":"Fought Mushrooms","damage_taken":0,"max_hp_gain":0,"max_hp_loss":0,"event_name":"Mushrooms","floor":13,"gold_loss":0},{"damage_healed":0,"gold_gain":275,"player_choice":"Desecrate","damage_taken":0,"max_hp_gain":0,"max_hp_loss":0,"event_name":"Golden Shrine","floor":19,"gold_loss":0,"cards_obtained":["Regret"]}],"is_beta":false,"boss_relics":[{"not_picked":["Lizard Tail","Velvet Choker"],"picked":"Cursed Key"}],"items_purged_floors":[2,20],"is_endless":false,"potions_floor_spawned":[4,6,10,14,22,24],"killed_by":"Automaton","ascension_level":3}