{"gold_per_floor":[111,111,129,148,160,160,160,173,173,173,184,216,54,89,89,184,184,198,113,113,141,154,187,187,203,228,256,256,95,105,505,505,602,602,616,556,570,586,596,596,630,368,368,368,468,135,135,149,149,149],"floor_reached":51,"playtime":2238,"items_purged":["Writhe","Strike_B","Defend_B"],"score":775,"play_id":"b5316a73-1e4e-4c37-b762-8b540e09f40d","local_time":"20190504124717","is_ascension_mode":false,"campfire_choices":[{"data":"Hyperbeam","floor":6,"key":"SMITH"},{"data":"Strike_B","floor":10,"key":"PURGE"},{"floor":15,"key":"REST"},{"data":"Hyperbeam","floor":28,"key":"SMITH"},{"data":"Zap","floor":32,"key":"PURGE"},{"data":"Seek","floor":40,"key":"SMITH"},{"data":"Aggregate","floor":44,"key":"PURGE"},{"data":"Hologram","floor":47,"key":"SMITH"},{"floor":49,"key":"REST"}],"neow_cost":"PERCENT_DAMAGE","seed_source_timestamp":4651021488600,"circlet_count":0,"master_deck":["Defend_B","Defend_B","Defend_B","Dualcast","Leap+1","Coolheaded","Hyperbeam+1","Genetic Algorithm+1","Conserve Battery","Undo","Seek","Fusion","Hyperbeam+1","Beam Cell","Sweeping Beam+1","Leap+1","Seek+1","Hyperbeam+1","Beam Cell+1","Rebound+1","Dark Shackles","White Noise+1","Core Surge+1","Hologram+1","Double Energy","Undo+1","Hologram+1","Mayhem","Rebound+1","Meteor Strike+1","Hologram+1","Beam Cell+1"],"relics":["Cracked Core","Unceasing Top","WarpedTongs","Peace Pipe","Thread and Needle","Ginger","Philosopher\u0027s Stone","Matryoshka","Molten Egg 2","Red Mask","Torii","War Paint","Ancient Tea Set","Pear","Old Coin","Shuriken","Velvet Choker","Juzu Bracelet","Vajra","Bottled Flame","FossilizedHelix"],"potions_floor_usage":[16,18,23,23,35,41,41,50],"damage_taken":[{"damage":0,"enemies":"Small Slimes","floor":1,"turns":4},{"damage":3,"enemies":"Cultist","floor":3,"turns":3},{"damage":2,"enemies":"2 Louse","floor":4,"turns":2},{"damage":0,"enemies":"2 Fungi Beasts","floor":5,"turns":1},{"damage":4,"enemies":"3 Louse","floor":8,"turns":2},{"damage":4,"enemies":"Red Slaver","floor":11,"turns":2},{"damage":21,"enemies":"Gremlin Nob","floor":12,"turns":4},{"damage":10,"enemies":"Lagavulin","floor":14,"turns":9},{"damage":1,"enemies":"Hexaghost","floor":16,"turns":16},{"damage":0,"enemies":"Shell Parasite","floor":18,"turns":4},{"damage":0,"enemies":"Masked Bandits","floor":21,"turns":1},{"damage":0,"enemies":"Spheric Guardian","floor":22,"turns":2},{"damage":17,"enemies":"Book of Stabbing","floor":23,"turns":6},{"damage":12,"enemies":"Snecko","floor":25,"turns":3},{"damage":0,"enemies":"Slavers","floor":27,"turns":4},{"damage":0,"enemies":"Centurion and Healer","floor":30,"turns":2},{"damage":0,"enemies":"Colosseum Slavers","floor":31,"turns":1},{"damage":0,"enemies":"Colosseum Nobs","floor":31,"turns":3},{"damage":26,"enemies":"Collector","floor":33,"turns":9},{"damage":1,"enemies":"3 Darklings","floor":35,"turns":3},{"damage":0,"enemies":"3 Shapes","floor":37,"turns":3},{"damage":14,"enemies":"Transient","floor":38,"turns":5},{"damage":0,"enemies":"Spire Growth","floor":39,"turns":3},{"damage":23,"enemies":"Giant Head","floor":41,"turns":8},{"damage":1,"enemies":"Mind Bloom Boss Battle","floor":45,"turns":6},{"damage":0,"enemies":"Sphere and 2 Shapes","floor":48,"turns":1},{"damage":16,"enemies":"Time Eater","floor":50,"turns":6}],"seed_played":"5635282541452773978","potions_obtained":[{"floor":3,"key":"Fire Potion"},{"floor":14,"key":"Block Potion"},{"floor":16,"key":"Swift Potion"},{"floor":21,"key":"LiquidBronze"},{"floor":23,"key":"Dexterity Potion"},{"floor":27,"key":"Weak Potion"},{"floor":33,"key":"Explosive Potion"},{"floor":35,"key":"Swift Potion"},{"floor":37,"key":"Energy Potion"},{"floor":41,"key":"Swift Potion"}],"is_trial":false,"path_per_floor":["M","?","M","M","M","R","?","M","T","R","M","E","$","E","R","B",null,"M","?","?","?","M","E","?","M","T","E","R","$","M","?","R","B",null,"M","?","M","M","M","R","E","$","T","R","?","$","R","M","R","B",null],"character_chosen":"DEFECT","items_purchased":["Seek","Dark Shackles","Mayhem","Meteor Strike+1","Hologram"],"campfire_rested":2,"item_purchase_floors":[13,29,42,46,46],"current_hp_per_floor":[54,54,51,49,49,49,49,45,45,45,41,20,20,10,32,31,75,75,75,75,75,75,58,58,46,46,56,56,56,56,56,56,30,85,84,84,84,70,70,70,47,47,47,47,46,46,46,46,71,55],"gold":149,"neow_bonus":"ONE_RARE_RELIC","is_prod":false,"is_daily":false,"chose_seed":false,"campfire_upgraded":4,"win_rate":0.0,"timestamp":1556966837,"path_taken":["M","?","M","M","?","R","?","M","T","R","?","E","$","E","R","BOSS","M","?","?","?","M","E","?","M","T","E","R","$","?","?","R","BOSS","M","?","M","M","M","R","E","$","T","R","?","$","R","M","R","BOSS"],"build_version":"2019-04-23","purchased_purges":3,"victory":true,"max_hp_per_floor":[75,75,75,75,75,75,75,75,75,75,75,75,75,75,75,75,75,75,75,75,75,75,75,75,75,75,85,85,85,85,85,85,85,85,85,85,85,85,85,85,85,85,85,85,85,85,85,85,85,85],"card_choices":[{"not_picked":["Melter","Sweeping Beam"],"picked":"Leap","floor":1},{"not_picked":["Hologram","Stack"],"picked":"Coolheaded","floor":3},{"not_picked":["Storm","Go for the Eyes"],"picked":"Hyperbeam","floor":4},{"not_picked":["Static Discharge","Self Repair"],"picked":"Genetic Algorithm","floor":5},{"not_picked":["Streamline","Force Field","Redo"],"picked":"SKIP","floor":8},{"not_picked":["Turbo","Sweeping Beam"],"picked":"Conserve Battery","floor":11},{"not_picked":["Stack","Lockon"],"picked":"Undo","floor":12},{"not_picked":["Conserve Battery","Reprogram"],"picked":"Fusion","floor":14},{"not_picked":["Biased Cognition","Meteor Strike"],"picked":"Hyperbeam","floor":16},{"not_picked":["Rebound","Go for the Eyes"],"picked":"Beam Cell","floor":18},{"not_picked":["Conserve Battery","Lockon+1"],"picked":"Sweeping Beam+1","floor":21},{"not_picked":["Gash+1","Sweeping Beam+1"],"picked":"Leap+1","floor":22},{"not_picked":["Force Field+1","Conserve Battery+1"],"picked":"Seek","floor":23},{"not_picked":["Stack+1","Go for the Eyes+1"],"picked":"Beam Cell+1","floor":25},{"not_picked":["Ball Lightning+1","Defragment"],"picked":"Rebound+1","floor":27},{"not_picked":["FTL+1","Rebound+1"],"picked":"White Noise+1","floor":30},{"not_picked":["Fission","Creative AI"],"picked":"Core Surge+1","floor":33},{"not_picked":["Cold Snap+1","Double Energy"],"picked":"Hologram+1","floor":35},{"not_picked":["Go for the Eyes+1","Blizzard+1"],"picked":"Undo+1","floor":37},{"not_picked":["Gash+1","Multi-Cast","Force Field"],"picked":"SKIP","floor":38},{"not_picked":["Steam","Cold Snap+1"],"picked":"Hologram+1","floor":39},{"not_picked":["Turbo","Fusion","Heatsinks"],"picked":"SKIP","floor":41},{"not_picked":["Chaos","Steam Power"],"picked":"Rebound+1","floor":45},{"not_picked":["Lockon+1","Streamline+1"],"picked":"Beam Cell+1","floor":48}],"player_experience":46499,"relics_obtained":[{"floor":9,"key":"Peace Pipe"},{"floor":12,"key":"Thread and Needle"},{"floor":14,"key":"Ginger"},{"floor":21,"key":"Red Mask"},{"floor":23,"key":"Torii"},{"floor":26,"key":"War Paint"},{"floor":26,"key":"Ancient Tea Set"},{"floor":27,"key":"Pear"},{"floor":31,"key":"Old Coin"},{"floor":31,"key":"Shuriken"},{"floor":41,"key":"Juzu Bracelet"},{"floor":43,"key":"Vajra"},{"floor":43,"key":"Bottled Flame"},{"floor":45,"key":"FossilizedHelix"}],"event_choices":[{"damage_healed":0,"gold_gain":0,"player_choice":"Rummage","damage_taken":0,"relics_obtained":["WarpedTongs"],"max_hp_gain":0,"max_hp_loss":0,"event_name":"Accursed Blacksmith","floor":2,"gold_loss":0,"cards_obtained":["Pain"]},{"cards_removed":["Pain"],"damage_healed":0,"gold_gain":0,"player_choice":"Removed Curses","damage_taken":0,"max_hp_gain":0,"max_hp_loss":0,"event_name":"Fountain of Cleansing","floor":7,"gold_loss":0},{"damage_healed":0,"gold_gain":0,"player_choice":"Obtained Relic","damage_taken":0,"relics_obtained":["Matryoshka"],"max_hp_gain":0,"max_hp_loss":0,"event_name":"Addict","floor":19,"gold_loss":85},{"damage_healed":0,"gold_gain":0,"player_choice":"Opened","damage_taken":0,"relics_obtained":["Molten Egg 2"],"max_hp_gain":0,"max_hp_loss":0,"event_name":"The Mausoleum","floor":20,"gold_loss":0,"cards_obtained":["Writhe"]},{"damage_healed":0,"gold_gain":0,"player_choice":"Fought Bandits","damage_taken":0,"max_hp_gain":0,"max_hp_loss":0,"event_name":"Masked Bandits","floor":21,"gold_loss":0},{"damage_healed":0,"gold_gain":0,"player_choice":"Copied","damage_taken":0,"max_hp_gain":0,"max_hp_loss":0,"event_name":"Duplicator","floor":24,"gold_loss":0,"cards_obtained":["Hyperbeam"]},{"damage_healed":0,"gold_gain":0,"player_choice":"Fight","damage_taken":0,"max_hp_gain":0,"max_hp_loss":0,"event_name":"Colosseum","floor":31,"gold_loss":0},{"damage_healed":0,"gold_gain":0,"player_choice":"Fought Nobs","damage_taken":0,"max_hp_gain":0,"max_hp_loss":0,"event_name":"Colosseum","floor":31,"gold_loss":0},{"damage_healed":0,"gold_gain":0,"cards_transformed":["Strike_B","Strike_B"],"player_choice":"Transformed Cards","damage_taken":0,"max_hp_gain":0,"max_hp_loss":0,"event_name":"Designer","floor":36,"gold_loss":60,"cards_obtained":["Aggregate","Double Energy"]},{"damage_healed":0,"gold_gain":0,"player_choice":"Fight","damage_taken":0,"max_hp_gain":0,"max_hp_loss":0,"event_name":"MindBloom","floor":45,"gold_loss":0}],"is_beta":true,"boss_relics":[{"not_picked":["Pandora\u0027s Box","Coffee Dripper"],"picked":"Philosopher\u0027s Stone"},{"not_picked":["FrozenCore","Tiny House"],"picked":"Velvet Choker"}],"items_purged_floors":[29,42,46],"is_endless":false,"potions_floor_spawned":[3,14,16,21,23,27,31,33,35,37,39,41],"ascension_level":0}