{"gold_per_floor":[116,133,146,146,165,226,226,246,270,270,321,42,58,58,58,158,158,168,168,18,35,35,35,35,64,64,99,117,130,130,158,158,158],"floor_reached":33,"playtime":1327,"items_purged":["Strike_G"],"score":299,"play_id":"80eee7d5-c438-46ca-9b2e-113817f4eb1f","local_time":"20190504144253","is_ascension_mode":true,"campfire_choices":[{"floor":7,"key":"REST"},{"data":"Burst","floor":10,"key":"SMITH"},{"floor":15,"key":"REST"},{"floor":23,"key":"REST"},{"floor":32,"key":"REST"}],"neow_cost":"NONE","seed_source_timestamp":12508059875500,"circlet_count":0,"master_deck":["Defend_G+1","Defend_G+1","Defend_G+1","Defend_G+1","Defend_G+1","Survivor","Neutralize+1","Sucker Punch+1","Caltrops","Quick Slash","Burst+1","Dodge and Roll+1","Poisoned Stab","Corpse Explosion+1","Heel Hook+1","Bullet Time+1","All Out Attack+1","Poisoned Stab","Noxious Fumes","Backflip+1","Flying Knee","PiercingWail+1","Flechettes+1","Deadly Poison+1"],"relics":["Ring of the Snake","Tiny Chest","Snake Skull","Vajra","Toxic Egg 2","Pen Nib","Astrolabe","Centennial Puzzle","The Courier","Art of War","Red Mask"],"potions_floor_usage":[13,21,27,27,28,33],"damage_taken":[{"damage":2,"enemies":"2 Louse","floor":1,"turns":4},{"damage":0,"enemies":"Jaw Worm","floor":2,"turns":4},{"damage":7,"enemies":"Small Slimes","floor":3,"turns":5},{"damage":5,"enemies":"Exordium Wildlife","floor":5,"turns":4},{"damage":40,"enemies":"3 Sentries","floor":6,"turns":9},{"damage":1,"enemies":"Looter","floor":8,"turns":4},{"damage":6,"enemies":"Lots of Slimes","floor":13,"turns":4},{"damage":21,"enemies":"Hexaghost","floor":16,"turns":11},{"damage":0,"enemies":"Spheric Guardian","floor":18,"turns":3},{"damage":19,"enemies":"Shell Parasite","floor":21,"turns":4},{"damage":9,"enemies":"Book of Stabbing","floor":25,"turns":5},{"damage":45,"enemies":"Gremlin Leader","floor":27,"turns":5},{"damage":10,"enemies":"Centurion and Healer","floor":28,"turns":5},{"damage":8,"enemies":"3 Cultists","floor":29,"turns":3},{"damage":1,"enemies":"Masked Bandits","floor":31,"turns":4},{"damage":36,"enemies":"Collector","floor":33,"turns":7}],"seed_played":"-5650626679177124810","potions_obtained":[{"floor":3,"key":"Weak Potion"},{"floor":5,"key":"FearPotion"},{"floor":6,"key":"EssenceOfSteel"},{"floor":13,"key":"Regen Potion"},{"floor":18,"key":"Poison Potion"},{"floor":28,"key":"Fruit Juice"},{"floor":31,"key":"Explosive Potion"}],"is_trial":false,"path_per_floor":["M","M","M","?","M","E","R","M","T","R","T","$","M","?","R","B",null,"M","?","$","M","?","R","$","E","T","E","M","M","?","?","R","B"],"character_chosen":"THE_SILENT","items_purchased":["Toxic Egg 2","Dodge and Roll+1","Noxious Fumes"],"campfire_rested":4,"item_purchase_floors":[12,12,20],"current_hp_per_floor":[68,68,61,54,49,9,30,29,29,29,29,29,23,16,37,16,70,70,57,57,38,38,60,60,51,51,20,15,7,7,6,30,0],"gold":158,"neow_bonus":"UPGRADE_CARD","is_prod":false,"is_daily":false,"chose_seed":false,"campfire_upgraded":1,"win_rate":0,"timestamp":1556973773,"path_taken":["M","M","M","?","M","E","R","M","T","R","?","$","M","?","R","BOSS","M","?","$","M","?","R","$","E","T","E","?","M","?","?","R","BOSS"],"build_version":"2019-04-23","purchased_purges":1,"victory":false,"max_hp_per_floor":[70,70,70,70,70,70,70,70,70,70,70,70,70,70,70,70,70,70,75,75,75,75,75,75,75,75,75,80,80,80,80,80,80],"card_choices":[{"not_picked":["Quick Slash","Deflect"],"picked":"Sucker Punch","floor":1},{"not_picked":["Flying Knee","Sucker Punch"],"picked":"Caltrops","floor":2},{"not_picked":["Dagger Throw","Slice"],"picked":"Quick Slash","floor":3},{"not_picked":["Deflect","Bane","Prepared"],"picked":"SKIP","floor":5},{"not_picked":["Dodge and Roll","Quick Slash"],"picked":"Burst","floor":6},{"not_picked":["Acrobatics","Tactician","Distraction"],"picked":"SKIP","floor":8},{"not_picked":["Blade Dance+1","Finisher"],"picked":"Poisoned Stab","floor":13},{"not_picked":["Night Terror+1","Adrenaline+1"],"picked":"Corpse Explosion+1","floor":16},{"not_picked":["Calculated Gamble+1","Backflip+1"],"picked":"Poisoned Stab","floor":18},{"not_picked":["Escape Plan+1","Prepared+1"],"picked":"Backflip+1","floor":21},{"not_picked":["Endless Agony","Underhanded Strike"],"picked":"Flying Knee","floor":25},{"not_picked":["Heel Hook","Terror+1"],"picked":"PiercingWail+1","floor":27},{"not_picked":["Flying Knee","Slice"],"picked":"Flechettes+1","floor":28},{"not_picked":["Dagger Spray+1","Underhanded Strike"],"picked":"Deadly Poison+1","floor":29}],"player_experience":54199,"relics_obtained":[{"floor":6,"key":"Tiny Chest"},{"floor":9,"key":"Snake Skull"},{"floor":11,"key":"Vajra"},{"floor":25,"key":"Centennial Puzzle"},{"floor":26,"key":"The Courier"},{"floor":27,"key":"Art of War"},{"floor":31,"key":"Red Mask"}],"event_choices":[{"cards_removed":["Strike_G"],"damage_healed":0,"gold_gain":0,"player_choice":"Card Removal","damage_taken":7,"max_hp_gain":0,"max_hp_loss":0,"event_name":"Golden Wing","floor":4,"gold_loss":0},{"damage_healed":0,"gold_gain":0,"player_choice":"Success","damage_taken":7,"relics_obtained":["Pen Nib"],"max_hp_gain":0,"max_hp_loss":0,"event_name":"Scrap Ooze","floor":14,"gold_loss":0},{"damage_healed":0,"gold_gain":0,"player_choice":"Shed Blood","damage_taken":18,"max_hp_gain":5,"max_hp_loss":0,"event_name":"Forgotten Altar","floor":19,"gold_loss":0},{"damage_healed":0,"gold_gain":0,"player_choice":"Upgraded","damage_taken":0,"max_hp_gain":0,"max_hp_loss":0,"event_name":"Upgrade Shrine","floor":22,"gold_loss":0,"cards_upgraded":["Sucker Punch"]},{"damage_healed":0,"gold_gain":0,"player_choice":"Simplicity","damage_taken":0,"max_hp_gain":0,"max_hp_loss":0,"event_name":"Back to Basics","floor":30,"gold_loss":0,"cards_upgraded":["Defend_G","Defend_G","Defend_G","Defend_G","Defend_G"]},{"damage_healed":0,"gold_gain":0,"player_choice":"Fought Bandits","damage_taken":0,"max_hp_gain":0,"max_hp_loss":0,"event_name":"Masked Bandits","floor":31,"gold_loss":0}],"is_beta":true,"boss_relics":[{"not_picked":["Coffee Dripper","WristBlade"],"picked":"Astrolabe"}],"items_purged_floors":[20],"is_endless":false,"potions_floor_spawned":[3,5,6,13,18,28,31],"killed_by":"Collector","ascension_level":1}