{"gold_per_floor":[115,115,40,58,73,105,105,127,150,2,2],"floor_reached":11,"playtime":381,"items_purged":["Strike_R","Strike_R"],"score":85,"play_id":"7ed90441-1336-4ab0-aff3-19f8c6782e84","local_time":"20190905211407","is_ascension_mode":true,"campfire_choices":[{"data":"Limit Break","floor":7,"key":"SMITH"}],"neow_cost":"PERCENT_DAMAGE","seed_source_timestamp":1759071986123500,"circlet_count":0,"master_deck":["Strike_R","Strike_R","Defend_R","Defend_R","Defend_R","Defend_R","Bash","Limit Break+1","Heavy Blade","Dropkick","Spot Weakness","Headbutt","Flex","Heavy Blade"],"relics":["Burning Blood","Omamori","Odd Mushroom","Oddly Smooth Stone"],"potions_floor_usage":[6,8],"damage_taken":[{"damage":6,"enemies":"2 Louse","floor":1,"turns":3},{"damage":13,"enemies":"Jaw Worm","floor":4,"turns":4},{"damage":0,"enemies":"Small Slimes","floor":5,"turns":3},{"damage":25,"enemies":"3 Sentries","floor":6,"turns":6},{"damage":29,"enemies":"The Mushroom Lair","floor":8,"turns":6},{"damage":14,"enemies":"Gremlin Nob","floor":11,"turns":2}],"seed_played":"3369055286865851121","potions_obtained":[{"floor":4,"key":"PowerPotion"},{"floor":5,"key":"Energy Potion"}],"is_trial":false,"path_per_floor":["M","?","$","M","M","E","R","?","T","$","E"],"character_chosen":"IRONCLAD","items_purchased":["Heavy Blade"],"campfire_rested":0,"item_purchase_floors":[10],"current_hp_per_floor":[56,56,56,49,55,36,36,13,13,13,0],"gold":2,"neow_bonus":"THREE_RARE_CARDS","is_prod":false,"is_daily":false,"chose_seed":false,"campfire_upgraded":1,"win_rate":0,"timestamp":1567710847,"path_taken":["M","?","$","M","M","E","R","?","T","$","E"],"build_version":"2019-08-26","purchased_purges":2,"victory":false,"max_hp_per_floor":[80,80,80,80,80,80,80,80,80,80,80],"card_choices":[{"not_picked":["Immolate","Feed"],"picked":"Limit Break","floor":0},{"not_picked":["Iron Wave","Intimidate"],"picked":"Heavy Blade","floor":1},{"not_picked":["Heavy Blade","Flame Barrier"],"picked":"Spot Weakness","floor":4},{"not_picked":["Entrench","Rupture"],"picked":"Headbutt","floor":5},{"not_picked":["Twin Strike","Thunderclap","Pummel"],"picked":"SKIP","floor":6},{"not_picked":["Sword Boomerang","Flame Barrier"],"picked":"Flex","floor":8}],"player_experience":148070,"relics_obtained":[{"floor":6,"key":"Omamori"},{"floor":8,"key":"Odd Mushroom"},{"floor":9,"key":"Oddly Smooth Stone"}],"event_choices":[{"damage_healed":0,"gold_gain":0,"cards_transformed":["Strike_R"],"player_choice":"Change","damage_taken":0,"max_hp_gain":0,"max_hp_loss":0,"event_name":"Living Wall","floor":2,"gold_loss":0,"cards_obtained":["Dropkick"]},{"damage_healed":0,"gold_gain":0,"player_choice":"Fought Mushrooms","damage_taken":0,"max_hp_gain":0,"max_hp_loss":0,"event_name":"Mushrooms","floor":8,"gold_loss":0}],"is_beta":true,"boss_relics":[],"items_purged_floors":[3,10],"is_endless":false,"potions_floor_spawned":[4,5],"killed_by":"Gremlin Nob","ascension_level":4}