{"gold_per_floor":[118,192,192,36,36,71,81,114,139,151,176,208,249,277,289,396,408,437,364,365,391,403],"floor_reached":22,"playtime":946,"items_purged":[],"score":237,"play_id":"ffd2cda7-ec51-4b08-b4ff-efdfde4f7f21","local_time":"20190731181343","is_ascension_mode":true,"campfire_choices":[{"data":"Berserk","floor":15,"key":"SMITH"}],"neow_cost":"TEN_PERCENT_HP_LOSS","seed_source_timestamp":1480862217104400,"circlet_count":0,"master_deck":["Defend_R","Defend_R","Defend_R","Bash","Bludgeon","Anger","Rage","Metallicize","Cleave","Metallicize","Battle Trance","Twin Strike","Spot Weakness","Berserk+1","Twin Strike","Exhume","Sentinel+1","Intimidate+1","Clothesline+1","Metallicize","Spot Weakness+1","Iron Wave"],"relics":["Burning Blood","PreservedInsect","Strawberry","Happy Flower","MawBank","Ornamental Fan","Astrolabe","Toxic Egg 2"],"potions_floor_usage":[6,13,16,16,16,18,18,22,22],"damage_taken":[{"damage":0,"enemies":"Cultist","floor":1,"turns":2},{"damage":10,"enemies":"Lagavulin","floor":6,"turns":5},{"damage":0,"enemies":"Small Slimes","floor":7,"turns":2},{"damage":20,"enemies":"Gremlin Nob","floor":8,"turns":4},{"damage":1,"enemies":"Jaw Worm","floor":11,"turns":3},{"damage":0,"enemies":"Exordium Wildlife","floor":12,"turns":3},{"damage":14,"enemies":"Lagavulin","floor":13,"turns":7},{"damage":0,"enemies":"3 Louse","floor":14,"turns":2},{"damage":30,"enemies":"Hexaghost","floor":16,"turns":6},{"damage":8,"enemies":"Shell Parasite","floor":18,"turns":5},{"damage":15,"enemies":"2 Thieves","floor":20,"turns":4},{"damage":32,"enemies":"Chosen and Byrds","floor":21,"turns":7},{"damage":51,"enemies":"Sentry and Sphere","floor":22,"turns":7}],"seed_played":"3815193704528305468","potions_obtained":[{"floor":1,"key":"Strength Potion"},{"floor":6,"key":"Fire Potion"},{"floor":12,"key":"GamblersBrew"},{"floor":13,"key":"EntropicBrew"},{"floor":20,"key":"LiquidBronze"},{"floor":21,"key":"Dexterity Potion"}],"is_trial":false,"path_per_floor":["M","?","?","$","?","E","M","E","T","$","M","M","E","M","R","B",null,"M","?","M","M","M"],"character_chosen":"IRONCLAD","items_purchased":["PreservedInsect"],"campfire_rested":0,"item_purchase_floors":[4],"current_hp_per_floor":[72,72,72,72,72,75,79,65,65,65,70,76,68,74,74,50,79,77,77,68,42,0],"gold":403,"neow_bonus":"TRANSFORM_TWO_CARDS","is_prod":false,"is_daily":false,"chose_seed":false,"campfire_upgraded":1,"win_rate":0,"timestamp":1564589623,"path_taken":["M","?","?","$","?","E","?","E","T","$","M","M","E","M","R","BOSS","M","?","M","M","M"],"build_version":"2019-07-18","purchased_purges":0,"victory":false,"max_hp_per_floor":[72,72,72,72,72,79,79,79,79,79,79,79,79,79,79,79,79,79,79,79,79,79],"card_choices":[{"not_picked":["Sever Soul","Combust"],"picked":"Rage","floor":1},{"not_picked":["Uppercut","Pommel Strike"],"picked":"Cleave","floor":6},{"not_picked":["Armaments","Combust"],"picked":"Metallicize","floor":7},{"not_picked":["Thunderclap","Havoc"],"picked":"Battle Trance","floor":8},{"not_picked":["Flex","Searing Blow"],"picked":"Twin Strike","floor":11},{"not_picked":["Clothesline","Anger"],"picked":"Spot Weakness","floor":12},{"not_picked":["Battle Trance","Body Slam"],"picked":"Berserk","floor":13},{"not_picked":["Rampage","Perfected Strike"],"picked":"Twin Strike","floor":14},{"not_picked":["Brutality","Berserk"],"picked":"Exhume","floor":16},{"not_picked":["Iron Wave","Perfected Strike"],"picked":"Metallicize","floor":18},{"not_picked":["Twin Strike","Bloodletting+1"],"picked":"Spot Weakness+1","floor":20},{"not_picked":["Battle Trance+1","Clothesline"],"picked":"Iron Wave","floor":21}],"player_experience":126298,"relics_obtained":[{"floor":6,"key":"Strawberry"},{"floor":8,"key":"Happy Flower"},{"floor":9,"key":"MawBank"},{"floor":13,"key":"Ornamental Fan"}],"event_choices":[{"damage_healed":0,"gold_gain":74,"player_choice":"Gained Gold","damage_taken":0,"max_hp_gain":0,"max_hp_loss":0,"event_name":"Golden Wing","floor":2,"gold_loss":0},{"damage_healed":0,"gold_gain":0,"cards_transformed":["Strike_R"],"player_choice":"Change","damage_taken":0,"max_hp_gain":0,"max_hp_loss":0,"event_name":"Living Wall","floor":3,"gold_loss":0,"cards_obtained":["Metallicize"]},{"damage_healed":0,"gold_gain":0,"player_choice":"Leave","damage_taken":0,"max_hp_gain":0,"max_hp_loss":0,"event_name":"The Cleric","floor":5,"gold_loss":0},{"damage_healed":0,"gold_gain":0,"player_choice":"Obtained Relic","damage_taken":0,"relics_obtained":["Toxic Egg 2"],"max_hp_gain":0,"max_hp_loss":0,"event_name":"Addict","floor":19,"gold_loss":85}],"is_beta":true,"boss_relics":[{"not_picked":["Pandora\u0027s Box","Runic Pyramid"],"picked":"Astrolabe"}],"items_purged_floors":[],"is_endless":false,"potions_floor_spawned":[1,6,12,13,20,21],"killed_by":"Sentry and Sphere","ascension_level":3}