{"gold_per_floor":[116,134,12,26,46,46,81,93,93,124,124,151,6,18,18,18],"floor_reached":16,"playtime":904,"items_purged":[],"score":195,"play_id":"0933659a-1324-43da-b249-6b16765c684d","local_time":"20191018174938","is_ascension_mode":true,"campfire_choices":[{"data":"Armaments","floor":6.0,"key":"SMITH"},{"floor":15.0,"key":"REST"}],"neow_cost":"NONE","seed_source_timestamp":346536798800,"circlet_count":0,"master_deck":["AscendersBane","Strike_R","Strike_R","Strike_R","Strike_R","Defend_R","Defend_R","Defend_R","Defend_R","Bash","True Grit","Armaments+1","Entrench","Discovery","Cleave","Armaments","Iron Wave","Shrug It Off","Metallicize","Dual Wield","Armaments"],"special_seed":0,"relics":["Burning Blood","Anchor","Lantern","Bronze Scales","Juzu Bracelet","Mummified Hand","Bag of Preparation"],"potions_floor_usage":[16],"damage_taken":[{"damage":0.0,"enemies":"2 Louse","floor":1.0,"turns":2.0},{"damage":3.0,"enemies":"Small Slimes","floor":2.0,"turns":4.0},{"damage":0.0,"enemies":"Cultist","floor":4.0,"turns":4.0},{"damage":9.0,"enemies":"Exordium Wildlife","floor":5.0,"turns":5.0},{"damage":30.0,"enemies":"Lagavulin","floor":7.0,"turns":6.0},{"damage":12.0,"enemies":"Lots of Slimes","floor":8.0,"turns":6.0},{"damage":13.0,"enemies":"3 Sentries","floor":10.0,"turns":4.0},{"damage":43.0,"enemies":"Gremlin Nob","floor":12.0,"turns":5.0},{"damage":0.0,"enemies":"Large Slime","floor":14.0,"turns":4.0},{"damage":49,"enemies":"Slime Boss","floor":16,"turns":20}],"seed_played":"-7645721123115850463","potions_obtained":[{"floor":2.0,"key":"Weak Potion"},{"floor":4.0,"key":"AttackPotion"},{"floor":5.0,"key":"BloodPotion"},{"floor":8.0,"key":"Dexterity Potion"},{"floor":12.0,"key":"SteroidPotion"}],"is_trial":false,"path_per_floor":["M","M","$","M","M","R","E","M","T","E","?","E","$","M","R","B"],"character_chosen":"IRONCLAD","items_purchased":["Entrench","Discovery","Bag of Preparation"],"campfire_rested":1,"item_purchase_floors":[3,3,13],"current_hp_per_floor":[78,80,80,80,77,77,53,67,67,60,53,16,16,22,46,0],"gold":18,"neow_bonus":"RANDOM_COMMON_RELIC","is_prod":false,"is_daily":false,"chose_seed":false,"campfire_upgraded":1,"win_rate":0,"timestamp":1571435378,"path_taken":["M","M","$","M","M","R","E","M","T","E","?","E","$","M","R","BOSS"],"build_version":"2019-07-17","purchased_purges":0,"victory":false,"max_hp_per_floor":[80,80,80,80,80,80,80,80,80,80,80,80,80,80,80,80],"card_choices":[{"not_picked":["Combust","Clash"],"picked":"True Grit","floor":1.0},{"not_picked":["Dropkick","Pummel"],"picked":"Armaments","floor":2.0},{"not_picked":["Carnage","Wild Strike"],"picked":"Cleave","floor":4.0},{"not_picked":["Anger","Wild Strike"],"picked":"Armaments","floor":5.0},{"not_picked":["True Grit","Anger"],"picked":"Iron Wave","floor":7.0},{"not_picked":["Sword Boomerang","Cleave"],"picked":"Shrug It Off","floor":8.0},{"not_picked":["Dropkick","Whirlwind"],"picked":"Metallicize","floor":10.0},{"not_picked":["Bludgeon","Power Through"],"picked":"Dual Wield","floor":12.0},{"not_picked":["Twin Strike","Anger"],"picked":"Armaments","floor":14.0}],"player_experience":725329,"relics_obtained":[{"floor":7.0,"key":"Lantern"},{"floor":9.0,"key":"Bronze Scales"},{"floor":10.0,"key":"Juzu Bracelet"},{"floor":12.0,"key":"Mummified Hand"}],"event_choices":[{"cards_removed":["Strike_R"],"damage_healed":0.0,"max_hp_gain":0.0,"max_hp_loss":0.0,"gold_gain":0.0,"event_name":"Golden Wing","player_choice":"Card Removal","floor":11.0,"gold_loss":0.0,"damage_taken":7.0}],"is_beta":false,"boss_relics":[],"items_purged_floors":[],"is_endless":false,"potions_floor_spawned":[2,4,5,8,12],"killed_by":"Slime Boss","ascension_level":12}