{"gold_per_floor":[368,382,657,674,405,436,436,451,451,526,526,32,57,57,57,159,159,173,199,43,43,56,84,95,123,123,150,150,150,168,187,187,187],"floor_reached":33,"playtime":934,"items_purged":["Regret","Parasite"],"score":463,"play_id":"3c1fad98-92e2-4953-8755-811e37f178c5","local_time":"20191020210424","is_ascension_mode":true,"campfire_choices":[{"data":"Armaments","floor":7,"key":"SMITH"},{"data":"Immolate","floor":15,"key":"SMITH"},{"floor":28,"key":"REST"},{"floor":32,"key":"REST"}],"neow_cost":"CURSE","seed_source_timestamp":720869049661100,"circlet_count":0,"master_deck":["Strike_R","Strike_R","Strike_R","Strike_R","Strike_R","Defend_R+1","Defend_R","Defend_R+1","Defend_R","Bash+1","Clumsy","Armaments+1","Pommel Strike+1","Immolate+1","Feed+1","Blood for Blood+1","Pommel Strike+1","Dropkick+1"],"relics":["Burning Blood","Whetstone","Potion Belt","Smiling Mask","Lee\u0027s Waffle","Molten Egg 2","Dodecahedron","Juzu Bracelet","Fusion Hammer","Red Mask","War Paint","Oddly Smooth Stone","Mummified Hand","Toxic Egg 2","Happy Flower"],"potions_floor_usage":[6,16,19,24,25,31,33,33],"damage_taken":[{"damage":12,"enemies":"Jaw Worm","floor":1,"turns":3},{"damage":16,"enemies":"Cultist","floor":2,"turns":4},{"damage":6,"enemies":"2 Louse","floor":4,"turns":3},{"damage":32,"enemies":"Gremlin Nob","floor":6,"turns":4},{"damage":17,"enemies":"Looter","floor":8,"turns":3},{"damage":25,"enemies":"3 Sentries","floor":13,"turns":6},{"damage":25,"enemies":"Slime Boss","floor":16,"turns":6},{"damage":12,"enemies":"Chosen","floor":18,"turns":3},{"damage":7,"enemies":"Masked Bandits","floor":19,"turns":2},{"damage":6,"enemies":"Spheric Guardian","floor":22,"turns":3},{"damage":24,"enemies":"Slavers","floor":23,"turns":4},{"damage":2,"enemies":"Snecko","floor":24,"turns":3},{"damage":63,"enemies":"Book of Stabbing","floor":25,"turns":5},{"damage":36,"enemies":"Gremlin Leader","floor":27,"turns":4},{"damage":18,"enemies":"Snake Plant","floor":30,"turns":2},{"damage":25,"enemies":"Centurion and Healer","floor":31,"turns":4},{"damage":63,"enemies":"Champ","floor":33,"turns":6}],"seed_played":"8599606259355243410","potions_obtained":[{"floor":1,"key":"GamblersBrew"},{"floor":2,"key":"Poison Potion"},{"floor":13,"key":"AttackPotion"},{"floor":16,"key":"SpeedPotion"},{"floor":18,"key":"BloodPotion"},{"floor":19,"key":"Energy Potion"},{"floor":27,"key":"Weak Potion"},{"floor":30,"key":"LiquidBronze"},{"floor":31,"key":"SkillPotion"}],"is_trial":false,"path_per_floor":["M","M","?","M","$","E","R","M","T","?","?","$","E","T","R","B",null,"M","?","$","?","M","E","M","E","T","E","R","?","M","M","R","B"],"character_chosen":"IRONCLAD","items_purchased":["Pommel Strike","Whetstone","Lee\u0027s Waffle","Molten Egg 2","Feed+1"],"campfire_rested":2,"item_purchase_floors":[5,5,12,12,20],"current_hp_per_floor":[66,56,56,56,56,30,30,19,19,8,28,84,65,65,65,46,75,69,68,68,84,84,70,78,44,44,14,41,41,29,10,37,0],"gold":187,"neow_bonus":"TWO_FIFTY_GOLD","is_prod":false,"is_daily":false,"chose_seed":false,"campfire_upgraded":2,"win_rate":0,"timestamp":1571623464,"path_taken":["M","M","?","?","$","E","R","M","T","?","?","$","E","?","R","BOSS","M","?","$","?","M","E","M","E","T","E","R","?","M","M","R","BOSS"],"build_version":"2019-07-17","purchased_purges":2,"victory":false,"max_hp_per_floor":[80,80,80,80,80,80,80,80,80,80,80,84,84,84,84,84,84,84,84,84,84,84,88,92,92,92,92,92,92,92,92,92,92],"card_choices":[{"not_picked":["True Grit","Infernal Blade"],"picked":"Armaments","floor":1},{"not_picked":["Uppercut","True Grit","Warcry"],"picked":"SKIP","floor":2},{"not_picked":["Anger","Sword Boomerang","Perfected Strike"],"picked":"SKIP","floor":4},{"not_picked":["Power Through","Body Slam"],"picked":"Immolate","floor":6},{"not_picked":["Flex","Sword Boomerang","Combust"],"picked":"SKIP","floor":8},{"not_picked":["Perfected Strike+1","Double Tap","Intimidate"],"picked":"SKIP","floor":13},{"not_picked":["True Grit","Warcry+1","Flex"],"picked":"SKIP","floor":18},{"not_picked":["Clothesline+1","Clash+1","Battle Trance"],"picked":"SKIP","floor":22},{"not_picked":["Rage","Perfected Strike+1","Fiend Fire+1"],"picked":"SKIP","floor":23},{"not_picked":["Rampage+1","Warcry"],"picked":"Blood for Blood+1","floor":24},{"not_picked":["Impervious","Havoc"],"picked":"Pommel Strike+1","floor":25},{"not_picked":["Dual Wield+1","Headbutt+1","Reckless Charge+1"],"picked":"SKIP","floor":27},{"not_picked":["Shockwave+1","Heavy Blade+1","True Grit+1"],"picked":"SKIP","floor":30},{"not_picked":["Hemokinesis+1","Pommel Strike+1"],"picked":"Dropkick+1","floor":31}],"player_experience":325221,"relics_obtained":[{"floor":6,"key":"Potion Belt"},{"floor":9,"key":"Smiling Mask"},{"floor":13,"key":"Dodecahedron"},{"floor":14,"key":"Juzu Bracelet"},{"floor":19,"key":"Red Mask"},{"floor":23,"key":"War Paint"},{"floor":25,"key":"Oddly Smooth Stone"},{"floor":26,"key":"Mummified Hand"},{"floor":27,"key":"Toxic Egg 2"}],"event_choices":[{"damage_healed":0,"gold_gain":275,"player_choice":"Desecrate","damage_taken":0,"max_hp_gain":0,"max_hp_loss":0,"event_name":"Golden Shrine","floor":3,"gold_loss":0,"cards_obtained":["Regret"]},{"damage_healed":0,"gold_gain":75,"player_choice":"Gather Gold","damage_taken":11,"max_hp_gain":0,"max_hp_loss":0,"event_name":"World of Goop","floor":10,"gold_loss":0},{"damage_healed":20,"gold_gain":0,"player_choice":"Healed and dodged fight","damage_taken":0,"max_hp_gain":0,"max_hp_loss":0,"event_name":"Mushrooms","floor":11,"gold_loss":0,"cards_obtained":["Parasite"]},{"damage_healed":0,"gold_gain":0,"player_choice":"Fought Bandits","damage_taken":0,"max_hp_gain":0,"max_hp_loss":0,"event_name":"Masked Bandits","floor":19,"gold_loss":0},{"damage_healed":28,"gold_gain":0,"player_choice":"Heal","damage_taken":0,"max_hp_gain":0,"max_hp_loss":0,"event_name":"The Library","floor":21,"gold_loss":0},{"damage_healed":0,"gold_gain":0,"player_choice":"Gave Potion","damage_taken":0,"relics_obtained":["Happy Flower"],"max_hp_gain":0,"max_hp_loss":0,"event_name":"WeMeetAgain","floor":29,"gold_loss":0}],"is_beta":false,"boss_relics":[{"not_picked":["Velvet Choker","Runic Cube"],"picked":"Fusion Hammer"}],"items_purged_floors":[5,12],"is_endless":false,"potions_floor_spawned":[1,2,13,16,18,19,27,30,31],"killed_by":"Champ","ascension_level":8}