{"gold_per_floor":[115,115,43,62,62,62,94,121,169,186,203,234,264,24,24,121,121,140,140,20,0,0,26,26,36,36,51,65,82,97,97],"floor_reached":31,"playtime":884,"items_purged":["Regret"],"score":290,"play_id":"7ad2d4cd-9d1f-4025-b29f-3af36f3065b8","local_time":"20190503215445","is_ascension_mode":false,"campfire_choices":[{"data":"Noxious Fumes","floor":6,"key":"SMITH"},{"floor":15,"key":"REST"},{"data":"Envenom","floor":24,"key":"SMITH"}],"neow_cost":"NONE","seed_source_timestamp":1377394404686900,"circlet_count":0,"master_deck":["Defend_G","Defend_G","Defend_G","Defend_G","Defend_G","Strike_G+1","Strike_G","Strike_G","Strike_G","Survivor","Neutralize+1","Noxious Fumes+1","Bouncing Flask","Escape Plan","Deadly Poison","Predator","Sucker Punch","Leg Sweep","Envenom+1","Dagger Spray","Prepared","Corpse Explosion","Crippling Poison+1","Bouncing Flask","Enlightenment","Bane","Catalyst","Dodge and Roll+1","Deadly Poison","Bane","Poisoned Stab"],"relics":["Ring of the Snake","NeowsBlessing","Bronze Scales","Pantograph","Dream Catcher","Whetstone","Pen Nib","Sozu","Orichalcum","Question Card"],"potions_floor_usage":[10,23,30],"damage_taken":[{"damage":0,"enemies":"2 Louse","floor":1,"turns":1},{"damage":0,"enemies":"Cultist","floor":4,"turns":1},{"damage":0,"enemies":"Gremlin Nob","floor":7,"turns":1},{"damage":7,"enemies":"Jaw Worm","floor":10,"turns":3},{"damage":17,"enemies":"Exordium Wildlife","floor":11,"turns":3},{"damage":16,"enemies":"3 Sentries","floor":12,"turns":6},{"damage":12,"enemies":"Hexaghost","floor":16,"turns":9},{"damage":0,"enemies":"3 Byrds","floor":18,"turns":2},{"damage":19,"enemies":"Book of Stabbing","floor":23,"turns":5},{"damage":0,"enemies":"Spheric Guardian","floor":25,"turns":3},{"damage":0,"enemies":"Snecko","floor":27,"turns":4},{"damage":0,"enemies":"Cultist and Chosen","floor":28,"turns":3},{"damage":19,"enemies":"Shelled Parasite and Fungi","floor":29,"turns":4},{"damage":14,"enemies":"Snake Plant","floor":30,"turns":2},{"damage":19,"enemies":"Slavers","floor":31,"turns":1}],"seed_played":"6982660907531324535","potions_obtained":[{"floor":1,"key":"Energy Potion"},{"floor":4,"key":"EssenceOfSteel"},{"floor":10,"key":"FearPotion"},{"floor":12,"key":"SpeedPotion"}],"is_trial":false,"path_per_floor":["M","?","$","M","?","R","E","T","T","M","M","E","?","$","R","B",null,"M","?","$","?","$","E","R","M","T","M","M","M","M","E"],"character_chosen":"THE_SILENT","items_purchased":["Bouncing Flask","Envenom","Dagger Spray","Bouncing Flask","Enlightenment"],"campfire_rested":1,"item_purchase_floors":[3,14,14,20,20],"current_hp_per_floor":[70,70,70,70,70,70,70,70,70,63,46,30,30,30,51,58,70,70,70,70,70,70,51,51,51,51,51,51,32,18,0],"gold":97,"neow_bonus":"THREE_ENEMY_KILL","is_prod":false,"is_daily":false,"chose_seed":false,"campfire_upgraded":2,"win_rate":0.0,"timestamp":1556913285,"path_taken":["M","?","$","?","?","R","E","?","T","M","M","E","?","$","R","BOSS","M","?","$","?","?","E","R","M","T","?","M","M","M","E"],"build_version":"2019-04-23","purchased_purges":1,"victory":false,"max_hp_per_floor":[70,70,70,70,70,70,70,70,70,70,70,70,70,70,70,70,70,70,70,70,70,70,70,70,70,70,70,70,70,70,70],"card_choices":[{"not_picked":["Expertise","Acrobatics"],"picked":"Noxious Fumes","floor":1},{"not_picked":["Choke","Reflex"],"picked":"Escape Plan","floor":4},{"not_picked":["Poisoned Stab","Tactician"],"picked":"Deadly Poison","floor":7},{"not_picked":["Sucker Punch","Acrobatics"],"picked":"Predator","floor":10},{"not_picked":["Slice","Acrobatics"],"picked":"Sucker Punch","floor":11},{"not_picked":["Tools of the Trade","Backflip"],"picked":"Leg Sweep","floor":12},{"not_picked":["Sucker Punch","Flying Knee"],"picked":"Prepared","floor":15},{"not_picked":["Tools of the Trade","A Thousand Cuts"],"picked":"Corpse Explosion","floor":16},{"not_picked":["Acrobatics","Slice"],"picked":"Crippling Poison+1","floor":18},{"not_picked":["Predator","Deflect"],"picked":"Bane","floor":23},{"not_picked":["Bane","Backflip"],"picked":"Catalyst","floor":25},{"not_picked":["Deflect+1","Underhanded Strike","Prepared"],"picked":"Dodge and Roll+1","floor":27},{"not_picked":["Slice","Doppelganger","Flying Knee"],"picked":"Deadly Poison","floor":28},{"not_picked":["Flying Knee","Slice+1","Predator"],"picked":"Bane","floor":29},{"not_picked":["Escape Plan","Masterful Stab+1","Infinite Blades"],"picked":"Poisoned Stab","floor":30}],"player_experience":31147,"relics_obtained":[{"floor":7,"key":"Pantograph"},{"floor":8,"key":"Dream Catcher"},{"floor":9,"key":"Whetstone"},{"floor":12,"key":"Pen Nib"},{"floor":23,"key":"Orichalcum"},{"floor":26,"key":"Question Card"}],"event_choices":[{"cards_removed":["Strike_G"],"damage_healed":0,"gold_gain":0,"player_choice":"Purged","damage_taken":0,"max_hp_gain":0,"max_hp_loss":0,"event_name":"Purifier","floor":2,"gold_loss":0},{"damage_healed":0,"gold_gain":0,"player_choice":"Box","damage_taken":0,"relics_obtained":["Bronze Scales"],"max_hp_gain":0,"max_hp_loss":0,"event_name":"Big Fish","floor":5,"gold_loss":0,"cards_obtained":["Regret"]},{"damage_healed":0,"gold_gain":30,"player_choice":"Searched \u00272\u0027 times","damage_taken":0,"max_hp_gain":0,"max_hp_loss":0,"event_name":"Dead Adventurer","floor":13,"gold_loss":0},{"damage_healed":0,"gold_gain":0,"player_choice":"Ignored","damage_taken":0,"max_hp_gain":0,"max_hp_loss":0,"event_name":"Ghosts","floor":19,"gold_loss":0},{"damage_healed":0,"gold_gain":0,"player_choice":"Paid Fearfully","damage_taken":0,"max_hp_gain":0,"max_hp_loss":0,"event_name":"Masked Bandits","floor":21,"gold_loss":20}],"is_beta":true,"boss_relics":[{"not_picked":["Black Star","Ring of the Serpent"],"picked":"Sozu"}],"items_purged_floors":[14],"is_endless":false,"potions_floor_spawned":[1,4,10,12,18,28,29,30],"killed_by":"Slavers","ascension_level":0}