{"gold_per_floor":[109,125,50,50,70,70,70,70,94,94,128,138,138,154,154,256,256,274,22,22,22,39,39,55,55,81,81,97,108,108,108,108,209,209,228,228,228,35,35,35,52,52,79,79,79,98,131,131,131,131],"floor_reached":51,"playtime":1488,"items_purged":["Strike_R","Strike_R"],"score":876,"play_id":"1b25cf4a-4166-4654-a8bf-c38e3383c957","local_time":"20190812022335","is_ascension_mode":true,"campfire_choices":[{"data":"Bash","floor":6,"key":"SMITH"},{"data":"Defend_R","floor":8,"key":"SMITH"},{"data":"Defend_R","floor":10,"key":"SMITH"},{"floor":15,"key":"REST"},{"data":"Heavy Blade","floor":23,"key":"SMITH"},{"floor":25,"key":"REST"},{"floor":30,"key":"REST"},{"data":"Berserk","floor":32,"key":"SMITH"},{"data":"Ghostly","floor":40,"key":"SMITH"},{"data":"Ghostly","floor":42,"key":"SMITH"},{"data":"Ghostly","floor":45,"key":"SMITH"},{"floor":49,"key":"REST"}],"neow_cost":"NONE","seed_source_timestamp":83990326619905,"circlet_count":0,"master_deck":["Strike_R+1","Defend_R+1","Defend_R","Defend_R","Defend_R+1","Bash+1","Cleave+1","Heavy Blade+1","Clash+1","Clash+1","Berserk+1","Ghostly+1","Ghostly+1","Ghostly+1","Ghostly","Deep Breath","Cleave+1","Decay"],"relics":["Burning Blood","NeowsBlessing","Regal Pillow","Ornamental Fan","Runic Pyramid","Whetstone","Strawberry","Bronze Scales","Philosopher\u0027s Stone","Strange Spoon","Vajra","Orichalcum"],"potions_floor_usage":[11,14,24,33,50],"damage_taken":[{"damage":0,"enemies":"2 Louse","floor":1,"turns":1},{"damage":0,"enemies":"Jaw Worm","floor":2,"turns":1},{"damage":0,"enemies":"Cultist","floor":5,"turns":1},{"damage":19,"enemies":"3 Sentries","floor":11,"turns":8},{"damage":14,"enemies":"Lots of Slimes","floor":12,"turns":4},{"damage":4,"enemies":"Exordium Wildlife","floor":14,"turns":4},{"damage":29,"enemies":"The Guardian","floor":16,"turns":9},{"damage":24,"enemies":"2 Thieves","floor":18,"turns":3},{"damage":28,"enemies":"3 Byrds","floor":22,"turns":5},{"damage":25,"enemies":"Centurion and Healer","floor":24,"turns":5},{"damage":24,"enemies":"Shelled Parasite and Fungi","floor":28,"turns":4},{"damage":17,"enemies":"Snecko","floor":29,"turns":4},{"damage":40,"enemies":"Champ","floor":33,"turns":12},{"damage":0,"enemies":"3 Shapes","floor":35,"turns":5},{"damage":0,"enemies":"3 Darklings","floor":41,"turns":5},{"damage":1,"enemies":"Sphere and 2 Shapes","floor":46,"turns":4},{"damage":35,"enemies":"Nemesis","floor":47,"turns":7},{"damage":25,"enemies":"Time Eater","floor":50,"turns":13}],"seed_played":"-8257912271200645455","potions_obtained":[{"floor":2,"key":"SpeedPotion"},{"floor":5,"key":"Poison Potion"},{"floor":12,"key":"Fire Potion"},{"floor":18,"key":"FearPotion"},{"floor":28,"key":"GamblersBrew"},{"floor":41,"key":"Weak Potion"}],"is_trial":false,"path_per_floor":["M","M","$","?","M","R","?","R","T","R","E","M","?","M","R","B",null,"M","$","?","?","M","R","M","R","T","$","M","M","R","?","R","B",null,"M","?","?","$","?","R","M","R","T","?","R","M","E","?","R","B",null],"character_chosen":"IRONCLAD","items_purchased":["Whetstone","Strange Spoon"],"campfire_rested":4,"item_purchase_floors":[19,38],"current_hp_per_floor":[80,80,80,73,79,79,63,63,63,63,50,42,42,44,80,57,74,56,56,56,63,41,41,22,63,63,63,45,34,75,43,43,9,35,41,41,41,41,41,41,43,43,43,43,43,43,14,14,41,22],"gold":131,"neow_bonus":"THREE_ENEMY_KILL","is_prod":false,"is_daily":false,"chose_seed":false,"campfire_upgraded":8,"win_rate":0,"timestamp":1565594615,"path_taken":["M","M","$","?","M","R","?","R","T","R","E","M","?","?","R","BOSS","M","?","?","?","M","R","M","R","T","$","?","?","R","?","R","BOSS","M","?","?","$","?","R","M","R","T","?","R","M","E","?","R","BOSS"],"build_version":"2019-07-17","purchased_purges":2,"victory":true,"max_hp_per_floor":[80,80,80,80,80,80,80,80,80,80,80,80,80,80,80,80,80,80,80,80,87,87,87,87,87,87,87,87,87,87,43,43,43,43,43,43,43,43,43,43,43,43,43,43,43,43,43,43,43,43],"card_choices":[{"not_picked":["True Grit","Sword Boomerang","Twin Strike"],"picked":"SKIP","floor":1},{"not_picked":["Shrug It Off","Power Through","Rage"],"picked":"SKIP","floor":2},{"not_picked":["Bloodletting","Rage"],"picked":"Cleave","floor":5},{"not_picked":["Shockwave","Combust"],"picked":"Heavy Blade","floor":11},{"not_picked":["Rampage","Infernal Blade","Flex"],"picked":"SKIP","floor":12},{"not_picked":["True Grit","Heavy Blade"],"picked":"Clash","floor":14},{"not_picked":["Exhume","Brutality"],"picked":"Berserk","floor":16},{"not_picked":["Pommel Strike+1","Shrug It Off","Armaments"],"picked":"SKIP","floor":18},{"not_picked":["Twin Strike","Dropkick","Corruption+1"],"picked":"SKIP","floor":22},{"not_picked":["Body Slam","Rupture","Cleave"],"picked":"SKIP","floor":24},{"not_picked":["Ghostly Armor","Headbutt","Anger+1"],"picked":"SKIP","floor":28},{"not_picked":["Heavy Blade","True Grit","Pommel Strike"],"picked":"SKIP","floor":29},{"not_picked":["Cleave","Pommel Strike+1","Uppercut+1"],"picked":"SKIP","floor":35},{"not_picked":["Transmutation","The Bomb"],"picked":"Deep Breath","floor":39},{"not_picked":["Iron Wave+1","Armaments+1"],"picked":"Cleave+1","floor":41},{"not_picked":["Clothesline+1","Havoc","Dual Wield"],"picked":"SKIP","floor":46},{"not_picked":["Seeing Red+1","Armaments+1","Shockwave+1"],"picked":"SKIP","floor":47}],"player_experience":284623,"relics_obtained":[{"floor":9,"key":"Regal Pillow"},{"floor":11,"key":"Ornamental Fan"},{"floor":26,"key":"Bronze Scales"},{"floor":43,"key":"Vajra"},{"floor":47,"key":"Orichalcum"}],"event_choices":[{"cards_removed":["Strike_R"],"damage_healed":0,"gold_gain":0,"player_choice":"Card Removal","damage_taken":7,"max_hp_gain":0,"max_hp_loss":0,"event_name":"Golden Wing","floor":4,"gold_loss":0},{"damage_healed":0,"gold_gain":0,"player_choice":"Entered Light","damage_taken":16,"max_hp_gain":0,"max_hp_loss":0,"event_name":"Shining Light","floor":7,"gold_loss":0,"cards_upgraded":["Cleave","Strike_R"]},{"damage_healed":0,"gold_gain":0,"cards_transformed":["Strike_R"],"player_choice":"Transformed","damage_taken":0,"max_hp_gain":0,"max_hp_loss":0,"event_name":"Transmorgrifier","floor":13,"gold_loss":0,"cards_obtained":["Clash"]},{"damage_healed":0,"gold_gain":0,"player_choice":"Gave Potion","damage_taken":0,"relics_obtained":["Strawberry"],"max_hp_gain":0,"max_hp_loss":0,"event_name":"WeMeetAgain","floor":21,"gold_loss":0},{"damage_healed":0,"gold_gain":0,"player_choice":"Became a Ghost","damage_taken":0,"max_hp_gain":0,"max_hp_loss":44,"event_name":"Ghosts","floor":31,"gold_loss":0,"cards_obtained":["Ghostly","Ghostly","Ghostly","Ghostly","Ghostly"]},{"damage_healed":0,"gold_gain":0,"player_choice":"Ignored","damage_taken":0,"max_hp_gain":0,"max_hp_loss":0,"event_name":"Mysterious Sphere","floor":36,"gold_loss":0},{"damage_healed":0,"gold_gain":0,"player_choice":"Ignored","damage_taken":0,"max_hp_gain":0,"max_hp_loss":0,"event_name":"Tomb of Lord Red Mask","floor":37,"gold_loss":0},{"damage_healed":0,"gold_gain":0,"player_choice":"Memory 1","damage_taken":0,"max_hp_gain":0,"max_hp_loss":0,"event_name":"SensoryStone","floor":39,"gold_loss":0},{"cards_removed":["Ghostly"],"damage_healed":0,"gold_gain":0,"player_choice":"Removed Skill","damage_taken":0,"max_hp_gain":0,"max_hp_loss":0,"event_name":"Falling","floor":44,"gold_loss":0},{"damage_healed":0,"gold_gain":0,"player_choice":"Cursed","damage_taken":0,"max_hp_gain":0,"max_hp_loss":0,"event_name":"Wheel of Change","floor":48,"gold_loss":0,"cards_obtained":["Decay"]}],"is_beta":false,"boss_relics":[{"not_picked":["Calling Bell","Pandora\u0027s Box"],"picked":"Runic Pyramid"},{"not_picked":["White Beast Statue","Empty Cage"],"picked":"Philosopher\u0027s Stone"}],"items_purged_floors":[3,19],"is_endless":false,"potions_floor_spawned":[2,5,12,18,28,41],"ascension_level":5}