{"gold_per_floor":[112,39,49,59,134,164,181,181,181,181,201,201,220,238,238,337,337,348,361,48,147,71,71,98,98],"floor_reached":25,"playtime":830,"items_purged":[],"score":281,"play_id":"6d0f9a1e-84bb-4e2e-ae12-6772d13c6d13","local_time":"20190914115722","is_ascension_mode":true,"campfire_choices":[{"floor":10,"key":"REST"},{"floor":12,"key":"REST"},{"floor":15,"key":"REST"},{"data":"Evolve","floor":23,"key":"SMITH"}],"neow_cost":"NONE","seed_source_timestamp":239561263359200,"circlet_count":0,"master_deck":["Strike_R","Strike_R","Strike_R","Strike_R","Strike_R","Defend_R","Defend_R","Defend_R","Defend_R","Bash","Disarm","Combust","Perfected Strike","Fire Breathing+1","Evolve+1","Twin Strike","Clothesline","Uppercut","Fire Breathing","Demon Form","Wild Strike","Dual Wield+1","Wild Strike","Fire Breathing","Twin Strike","Fire Breathing","Havoc"],"relics":["Burning Blood","InkBottle","Bottled Flame","Charon\u0027s Ashes","Black Star","Lee\u0027s Waffle","Girya","Dream Catcher"],"potions_floor_usage":[6,9,18,25],"damage_taken":[{"damage":9,"enemies":"Small Slimes","floor":1,"turns":4},{"damage":5,"enemies":"Jaw Worm","floor":3,"turns":3},{"damage":3,"enemies":"2 Louse","floor":4,"turns":3},{"damage":33,"enemies":"3 Sentries","floor":6,"turns":5},{"damage":30,"enemies":"Blue Slaver","floor":7,"turns":5},{"damage":36,"enemies":"Exordium Wildlife","floor":11,"turns":4},{"damage":4,"enemies":"3 Louse","floor":13,"turns":4},{"damage":39,"enemies":"Gremlin Gang","floor":14,"turns":5},{"damage":42,"enemies":"Hexaghost","floor":16,"turns":11},{"damage":14,"enemies":"Chosen","floor":18,"turns":5},{"damage":58,"enemies":"Shell Parasite","floor":19,"turns":7},{"damage":75,"enemies":"Book of Stabbing","floor":24,"turns":5},{"damage":50,"enemies":"Sentry and Sphere","floor":25,"turns":4}],"seed_played":"4733273303984708206","potions_obtained":[{"floor":1,"key":"Energy Potion"},{"floor":3,"key":"BloodPotion"},{"floor":13,"key":"FearPotion"},{"floor":19,"key":"FairyPotion"},{"floor":24,"key":"Swift Potion"}],"is_trial":false,"path_per_floor":["M","$","M","M","?","E","M","?","T","R","M","R","M","M","R","B",null,"M","M","$","?","$","R","E","M"],"character_chosen":"IRONCLAD","items_purchased":["Combust","Lee\u0027s Waffle","Wild Strike","Fire Breathing","Twin Strike","Fire Breathing"],"campfire_rested":3,"item_purchase_floors":[2,20,20,20,20,22],"current_hp_per_floor":[77,77,78,80,69,42,18,18,38,62,32,56,58,25,49,13,80,72,20,87,87,87,87,18,0],"gold":98,"neow_bonus":"RANDOM_COMMON_RELIC","is_prod":false,"is_daily":false,"chose_seed":false,"campfire_upgraded":1,"win_rate":0,"timestamp":1568476642,"path_taken":["M","$","M","M","?","E","M","?","T","R","M","R","M","M","R","BOSS","M","M","$","?","$","R","E","M"],"build_version":"2019-09-12","purchased_purges":0,"victory":false,"max_hp_per_floor":[80,80,80,80,80,80,80,80,80,80,80,80,80,80,80,80,80,80,80,87,87,87,87,87,87],"card_choices":[{"not_picked":["Wild Strike","Warcry"],"picked":"Disarm","floor":1},{"not_picked":["Flex","Intimidate"],"picked":"Perfected Strike","floor":3},{"not_picked":["Anger","Sentinel"],"picked":"Fire Breathing","floor":4},{"not_picked":["Iron Wave","Wild Strike"],"picked":"Evolve","floor":6},{"not_picked":["Havoc","Intimidate"],"picked":"Twin Strike","floor":7},{"not_picked":["Rage","True Grit"],"picked":"Clothesline","floor":11},{"not_picked":["Sever Soul","Thunderclap"],"picked":"Uppercut","floor":13},{"not_picked":["Hemokinesis","Exhume"],"picked":"Fire Breathing","floor":14},{"not_picked":["Bludgeon","Fiend Fire"],"picked":"Demon Form","floor":16},{"not_picked":["Body Slam","Warcry+1"],"picked":"Wild Strike","floor":18},{"not_picked":["Blood for Blood","Clothesline"],"picked":"Dual Wield+1","floor":19},{"not_picked":["Entrench","Heavy Blade"],"picked":"Havoc","floor":24}],"player_experience":225521,"relics_obtained":[{"floor":6,"key":"Bottled Flame"},{"floor":9,"key":"Charon\u0027s Ashes"},{"floor":24,"key":"Girya"},{"floor":24,"key":"Dream Catcher"}],"event_choices":[{"damage_healed":0,"gold_gain":75,"player_choice":"Gather Gold","damage_taken":11,"max_hp_gain":0,"max_hp_loss":0,"event_name":"World of Goop","floor":5,"gold_loss":0},{"damage_healed":0,"gold_gain":0,"player_choice":"Grow","damage_taken":0,"max_hp_gain":0,"max_hp_loss":0,"event_name":"Living Wall","floor":8,"gold_loss":0,"cards_upgraded":["Fire Breathing"]},{"damage_healed":0,"gold_gain":99,"player_choice":"Stole From Cult","damage_taken":0,"max_hp_gain":0,"max_hp_loss":0,"event_name":"Nest","floor":21,"gold_loss":0}],"is_beta":true,"boss_relics":[{"not_picked":["Busted Crown","Empty Cage"],"picked":"Black Star"}],"items_purged_floors":[],"is_endless":false,"potions_floor_spawned":[1,3,13,19,24],"killed_by":"Sentry and Sphere","ascension_level":3}