{"gold_per_floor":[115,115,127,127,88,117,117,143,143,158,158,158],"floor_reached":12,"playtime":421,"items_purged":[],"score":90,"play_id":"1e2c6efe-d93a-433b-b87b-e0e2958cbc07","local_time":"20190504132945","is_ascension_mode":true,"campfire_choices":[{"floor":7.0,"key":"REST"},{"floor":11.0,"key":"REST"}],"neow_cost":"PERCENT_DAMAGE","seed_source_timestamp":8990730708400,"circlet_count":0,"master_deck":["Defend_G","Defend_G","Defend_G","Defend_G","Defend_G","Strike_G","Strike_G","Strike_G","Strike_G","Survivor","Neutralize","Corpse Explosion","Quick Slash","Accuracy","PiercingWail","Backflip","Footwork"],"special_seed":0,"relics":["Ring of the Snake","WingedGreaves","Blood Vial","Pantograph","FossilizedHelix"],"potions_floor_usage":[12,12],"damage_taken":[{"damage":8.0,"enemies":"Jaw Worm","floor":1.0,"turns":4.0},{"damage":13.0,"enemies":"Cultist","floor":3.0,"turns":5.0},{"damage":19.0,"enemies":"Lagavulin","floor":6.0,"turns":10.0},{"damage":28.0,"enemies":"3 Sentries","floor":8.0,"turns":5.0},{"damage":0.0,"enemies":"2 Louse","floor":10.0,"turns":3.0},{"damage":31,"enemies":"Gremlin Nob","floor":12,"turns":6}],"seed_played":"7575404245186558349","potions_obtained":[{"floor":6.0,"key":"SpeedPotion"},{"floor":10.0,"key":"Weak Potion"}],"is_trial":false,"path_per_floor":["M","?","M","?","$","E","R","E","T","M","R","E"],"character_chosen":"THE_SILENT","items_purchased":["Accuracy"],"campfire_rested":2,"item_purchase_floors":[5],"current_hp_per_floor":[41,41,28,28,28,9,30,4,4,6,27,0],"gold":158,"neow_bonus":"THREE_RARE_CARDS","is_prod":false,"is_daily":false,"chose_seed":false,"campfire_upgraded":0,"win_rate":0,"timestamp":1556969385,"path_taken":["M","?","?","?","$","E","R","E","T","?","R","E"],"build_version":"2019-04-23","purchased_purges":0,"victory":false,"max_hp_per_floor":[70,70,70,70,70,70,70,70,70,70,70,70],"card_choices":[{"not_picked":["After Image","Unload"],"picked":"Corpse Explosion","floor":0.0},{"not_picked":["Slice","Heel Hook","Flying Knee"],"picked":"SKIP","floor":1.0},{"not_picked":["Riddle With Holes","Slice"],"picked":"Quick Slash","floor":3.0},{"not_picked":["Sucker Punch","Acrobatics"],"picked":"PiercingWail","floor":6.0},{"not_picked":["Outmaneuver","Dash"],"picked":"Backflip","floor":8.0},{"not_picked":["Calculated Gamble","Escape Plan"],"picked":"Footwork","floor":10.0}],"player_experience":50774,"relics_obtained":[{"floor":4.0,"key":"WingedGreaves"},{"floor":6.0,"key":"Blood Vial"},{"floor":8.0,"key":"Pantograph"},{"floor":9.0,"key":"FossilizedHelix"}],"event_choices":[{"cards_removed":["Strike_G"],"damage_healed":0.0,"max_hp_gain":0.0,"max_hp_loss":0.0,"gold_gain":0.0,"event_name":"Bonfire Elementals","player_choice":"Offered Basic","floor":2.0,"gold_loss":0.0,"damage_taken":0.0},{"damage_healed":0.0,"max_hp_gain":0.0,"max_hp_loss":0.0,"gold_gain":0.0,"event_name":"Wheel of Change","player_choice":"Relic","floor":4.0,"gold_loss":0.0,"damage_taken":0.0}],"is_beta":true,"boss_relics":[],"items_purged_floors":[],"is_endless":false,"potions_floor_spawned":[6,10],"killed_by":"Gremlin Nob","ascension_level":1}