{"gold_per_floor":[217,167,183,202,218,250,20,49,49,49,71,71,99,110,110,208,208,226,226,226,226,226,226,257,101,101,129,154,166,188,200,212,329,341,368,380,406,418,6,6,18,18,99,99,0,15,115,128,128,128],"floor_reached":50,"playtime":2453,"items_purged":["Entrench","Strike_R+1"],"score":574,"play_id":"6f0340df-96a3-4cd7-80a8-685e17c86f97","local_time":"20191019222808","is_ascension_mode":true,"campfire_choices":[{"data":"Juggernaut","floor":10,"key":"SMITH"},{"floor":12,"key":"REST"},{"data":"Twin Strike","floor":15,"key":"SMITH"},{"data":"Shrug It Off","floor":23,"key":"SMITH"},{"data":"Whirlwind","floor":29,"key":"SMITH"},{"data":"Inflame","floor":32,"key":"SMITH"},{"data":"Twin Strike","floor":40,"key":"SMITH"},{"data":"Rage","floor":42,"key":"SMITH"},{"data":"Twin Strike","floor":44,"key":"SMITH"},{"floor":49,"key":"REST"}],"neow_cost":"NONE","seed_source_timestamp":2072664199822234,"circlet_count":0,"master_deck":["Strike_R+1","Strike_R+1","Strike_R+1","Defend_R+1","Defend_R+1","Defend_R+1","Defend_R+1","Bash","Pommel Strike","Evolve","Iron Wave","Headbutt","Twin Strike+1","Juggernaut+1","Twin Strike+1","Armaments","Cleave","Reaper","Cleave+1","Shrug It Off+1","Offering","Inflame+1","Parasite","Seeing Red+1","Whirlwind+1","Shrug It Off+1","Shrug It Off+1","Feed","Twin Strike+1","Iron Wave","Reckless Charge","Rage+1","Normality","Wild Strike","Ghostly Armor+1"],"relics":["Burning Blood","Orichalcum","PreservedInsect","Anchor","Red Skull","Odd Mushroom","Kunai","Cursed Key","MutagenicStrength","Bronze Scales","Meat on the Bone","MawBank","Philosopher\u0027s Stone","Dodecahedron","Darkstone Periapt","Red Mask","Girya"],"potions_floor_usage":[5,16,28,33,33,33,46,47,50],"damage_taken":[{"damage":0,"enemies":"2 Louse","floor":1,"turns":3},{"damage":5,"enemies":"Small Slimes","floor":3,"turns":5},{"damage":9,"enemies":"Jaw Worm","floor":4,"turns":6},{"damage":23,"enemies":"Large Slime","floor":5,"turns":7},{"damage":13,"enemies":"3 Sentries","floor":6,"turns":10},{"damage":26,"enemies":"Lagavulin","floor":8,"turns":5},{"damage":24,"enemies":"The Mushroom Lair","floor":11,"turns":5},{"damage":0,"enemies":"3 Sentries","floor":13,"turns":6},{"damage":0,"enemies":"2 Fungi Beasts","floor":14,"turns":3},{"damage":19,"enemies":"Slime Boss","floor":16,"turns":10},{"damage":0,"enemies":"Chosen","floor":18,"turns":4},{"damage":10,"enemies":"Slavers","floor":24,"turns":5},{"damage":21,"enemies":"Gremlin Leader","floor":27,"turns":5},{"damage":0,"enemies":"3 Byrds","floor":28,"turns":3},{"damage":11,"enemies":"Centurion and Healer","floor":30,"turns":4},{"damage":15,"enemies":"Snake Plant","floor":31,"turns":3},{"damage":37,"enemies":"Champ","floor":33,"turns":10},{"damage":6,"enemies":"3 Shapes","floor":35,"turns":5},{"damage":0,"enemies":"3 Darklings","floor":37,"turns":1},{"damage":10,"enemies":"Maw","floor":41,"turns":6},{"damage":18,"enemies":"Jaw Worm Horde","floor":46,"turns":4},{"damage":23,"enemies":"Mind Bloom Boss Battle","floor":47,"turns":8},{"damage":22,"enemies":"4 Shapes","floor":48,"turns":3},{"damage":82,"enemies":"Time Eater","floor":50,"turns":8}],"seed_played":"-6432325572505639348","potions_obtained":[{"floor":3,"key":"Regen Potion"},{"floor":4,"key":"AttackPotion"},{"floor":5,"key":"Block Potion"},{"floor":14,"key":"Poison Potion"},{"floor":27,"key":"SkillPotion"},{"floor":28,"key":"AttackPotion"},{"floor":33,"key":"Fire Potion"},{"floor":41,"key":"Explosive Potion"},{"floor":47,"key":"Swift Potion"}],"is_trial":false,"path_per_floor":["M","?","M","M","M","E","$","E","T","R","?","R","E","M","R","B",null,"M","?","?","?","?","R","E","$","T","E","M","R","M","M","R","B",null,"M","?","M","?","$","R","M","R","T","R","?","M","?","M","R","B"],"character_chosen":"IRONCLAD","items_purchased":["PreservedInsect","Juggernaut","Inflame","Reckless Charge","Dodecahedron"],"campfire_rested":2,"item_purchase_floors":[7,7,25,39,39],"current_hp_per_floor":[80,80,80,77,60,53,53,33,33,33,15,39,45,51,51,38,80,80,80,80,80,80,80,80,80,80,80,80,80,75,66,66,57,80,83,83,83,79,79,79,79,79,79,79,79,68,58,54,77,0],"gold":128,"neow_bonus":"HUNDRED_GOLD","is_prod":false,"is_daily":false,"chose_seed":false,"campfire_upgraded":8,"win_rate":0,"timestamp":1571538488,"path_taken":["M","?","M","M","M","E","$","E","T","R","?","R","E","M","R","BOSS","M","?","?","?","?","R","E","$","T","E","M","R","M","M","R","BOSS","M","?","M","?","$","R","M","R","T","R","?","M","?","M","R","BOSS"],"build_version":"2019-07-17","purchased_purges":2,"victory":false,"max_hp_per_floor":[80,80,80,80,80,80,80,80,80,80,80,80,80,80,80,80,80,80,80,80,80,80,80,80,80,80,80,80,80,80,80,80,80,80,83,83,83,79,79,79,79,79,79,79,79,79,79,79,79,79],"card_choices":[{"not_picked":["Armaments","Heavy Blade"],"picked":"Pommel Strike","floor":1},{"not_picked":["Thunderclap","Body Slam"],"picked":"Evolve","floor":3},{"not_picked":["Fiend Fire","Entrench"],"picked":"Iron Wave","floor":4},{"not_picked":["Warcry","Dual Wield"],"picked":"Headbutt","floor":5},{"not_picked":["Iron Wave","Dual Wield"],"picked":"Twin Strike","floor":6},{"not_picked":["Bludgeon","True Grit"],"picked":"Twin Strike","floor":8},{"not_picked":["Ghostly Armor","Clothesline"],"picked":"Armaments","floor":11},{"not_picked":["Bludgeon","Iron Wave"],"picked":"Cleave","floor":13},{"not_picked":["Hemokinesis","Thunderclap"],"picked":"Entrench","floor":14},{"not_picked":["Double Tap","Demon Form"],"picked":"Reaper","floor":16},{"not_picked":["Corruption","Heavy Blade"],"picked":"Cleave+1","floor":18},{"not_picked":["Clash","Rupture+1"],"picked":"Offering","floor":24},{"not_picked":["Sever Soul+1","Burning Pact+1"],"picked":"Seeing Red+1","floor":27},{"not_picked":["Pummel","Reckless Charge+1"],"picked":"Whirlwind","floor":28},{"not_picked":["Thunderclap+1","Whirlwind"],"picked":"Shrug It Off+1","floor":30},{"not_picked":["Iron Wave","Perfected Strike"],"picked":"Shrug It Off+1","floor":31},{"not_picked":["Dark Embrace","Limit Break"],"picked":"Feed","floor":33},{"not_picked":["Headbutt","Rupture+1"],"picked":"Twin Strike","floor":35},{"not_picked":["Intimidate+1","Warcry"],"picked":"Iron Wave","floor":37},{"not_picked":["Body Slam","Clash+1"],"picked":"Rage","floor":41},{"not_picked":["Intimidate+1","Flex+1","Clash"],"picked":"SKIP","floor":46},{"not_picked":["Dual Wield+1","Shockwave"],"picked":"Wild Strike","floor":47},{"not_picked":["Armaments+1","Second Wind+1"],"picked":"Ghostly Armor+1","floor":48}],"player_experience":21525,"relics_obtained":[{"floor":6,"key":"Orichalcum"},{"floor":8,"key":"Anchor"},{"floor":9,"key":"Red Skull"},{"floor":11,"key":"Odd Mushroom"},{"floor":13,"key":"Kunai"},{"floor":24,"key":"Bronze Scales"},{"floor":26,"key":"Meat on the Bone"},{"floor":27,"key":"MawBank"},{"floor":43,"key":"Darkstone Periapt"},{"floor":47,"key":"Girya"}],"event_choices":[{"cards_removed":["Strike_R"],"damage_healed":0,"gold_gain":0,"player_choice":"Card Removal","damage_taken":0,"max_hp_gain":0,"max_hp_loss":0,"event_name":"The Cleric","floor":2,"gold_loss":50},{"damage_healed":0,"gold_gain":0,"player_choice":"Fought Mushrooms","damage_taken":0,"max_hp_gain":0,"max_hp_loss":0,"event_name":"Mushrooms","floor":11,"gold_loss":0},{"damage_healed":0,"gold_gain":0,"player_choice":"Ignored","damage_taken":0,"max_hp_gain":0,"max_hp_loss":0,"event_name":"Ghosts","floor":19,"gold_loss":0},{"damage_healed":0,"gold_gain":0,"player_choice":"Inject Mutagens","damage_taken":0,"relics_obtained":["MutagenicStrength"],"max_hp_gain":0,"max_hp_loss":0,"event_name":"Drug Dealer","floor":20,"gold_loss":0},{"damage_healed":0,"gold_gain":0,"player_choice":"Read","damage_taken":0,"max_hp_gain":0,"max_hp_loss":0,"event_name":"The Library","floor":21,"gold_loss":0,"cards_obtained":["Shrug It Off"]},{"damage_healed":0,"gold_gain":0,"player_choice":"Simplicity","damage_taken":0,"max_hp_gain":0,"max_hp_loss":0,"event_name":"Back to Basics","floor":22,"gold_loss":0,"cards_upgraded":["Strike_R","Strike_R","Strike_R","Strike_R","Defend_R","Defend_R","Defend_R","Defend_R"]},{"damage_healed":0,"gold_gain":0,"player_choice":"Memory 1","damage_taken":0,"max_hp_gain":0,"max_hp_loss":0,"event_name":"SensoryStone","floor":36,"gold_loss":0},{"damage_healed":0,"gold_gain":0,"player_choice":"Max HP","damage_taken":0,"max_hp_gain":0,"max_hp_loss":4,"event_name":"Winding Halls","floor":38,"gold_loss":0},{"damage_healed":0,"gold_gain":0,"player_choice":"Paid","damage_taken":0,"relics_obtained":["Red Mask"],"max_hp_gain":0,"max_hp_loss":0,"event_name":"Tomb of Lord Red Mask","floor":45,"gold_loss":99},{"damage_healed":0,"gold_gain":0,"player_choice":"Fight","damage_taken":0,"max_hp_gain":0,"max_hp_loss":0,"event_name":"MindBloom","floor":47,"gold_loss":0}],"is_beta":false,"boss_relics":[{"not_picked":["Calling Bell","Snecko Eye"],"picked":"Cursed Key"},{"not_picked":["Fusion Hammer","Eternal Feather"],"picked":"Philosopher\u0027s Stone"}],"items_purged_floors":[25,39],"is_endless":false,"potions_floor_spawned":[3,4,5,14,27,28,30,33,41,47],"killed_by":"Time Eater","ascension_level":1}