{"gold_per_floor":[10,27,42,58,58,93,103,118,418,158,158,158,173,193,193,193],"floor_reached":16,"playtime":546,"items_purged":[],"score":117,"play_id":"4545d621-eeee-422e-ae51-2197d14f04e8","local_time":"20190217110507","is_ascension_mode":true,"campfire_choices":[{"floor":11,"key":"REST"},{"floor":15,"key":"REST"}],"neow_cost":"NO_GOLD","seed_source_timestamp":57284106765600,"circlet_count":0,"master_deck":["Strike_B","Strike_B","Strike_B","Defend_B","Defend_B","Defend_B","Defend_B","Zap","Dualcast","Metamorphosis","Dramatic Entrance","FTL","Gash","Sunder","Go for the Eyes","Lockon","Core Surge","Go for the Eyes","Genetic Algorithm","Genetic Algorithm","Beam Cell"],"relics":["Cracked Core","Smiling Mask","Old Coin","Symbiotic Virus","Ancient Tea Set"],"potions_floor_usage":[6,16,16,16],"damage_taken":[{"damage":1,"enemies":"Cultist","floor":1,"turns":3},{"damage":7,"enemies":"Jaw Worm","floor":2,"turns":2},{"damage":6,"enemies":"2 Louse","floor":3,"turns":2},{"damage":8,"enemies":"Blue Slaver","floor":4,"turns":2},{"damage":31,"enemies":"3 Sentries","floor":6,"turns":7},{"damage":1,"enemies":"Exordium Thugs","floor":7,"turns":3},{"damage":6,"enemies":"Looter","floor":8,"turns":2},{"damage":4,"enemies":"Red Slaver","floor":13,"turns":2},{"damage":19,"enemies":"Exordium Wildlife","floor":14,"turns":4},{"damage":33,"enemies":"The Guardian","floor":16,"turns":6}],"seed_played":"3840195829442118413","potions_obtained":[{"floor":2,"key":"FocusPotion"},{"floor":6,"key":"FearPotion"},{"floor":8,"key":"Ancient Potion"},{"floor":14,"key":"Block Potion"}],"is_trial":false,"path_per_floor":["M","M","M","M","?","E","M","M","T","$","R","?","M","M","R","B"],"character_chosen":"DEFECT","items_purchased":["Symbiotic Virus"],"campfire_rested":2,"item_purchase_floors":[10],"current_hp_per_floor":[74,67,61,53,53,22,21,15,15,15,37,34,30,11,33,0],"gold":193,"neow_bonus":"RANDOM_COLORLESS_2","is_prod":false,"is_daily":false,"chose_seed":false,"campfire_upgraded":0,"win_rate":0,"timestamp":1550397907,"path_taken":["M","?","M","M","?","E","M","M","T","$","R","?","M","M","R","BOSS"],"build_version":"2019-01-23","purchased_purges":0,"victory":false,"max_hp_per_floor":[75,75,75,75,75,75,75,75,75,75,75,75,75,75,75,75],"card_choices":[{"not_picked":["Leap","Turbo"],"picked":"FTL","floor":1},{"not_picked":["Leap","Conserve Battery"],"picked":"Gash","floor":2},{"not_picked":["Echo Form","Compile Driver"],"picked":"Sunder","floor":3},{"not_picked":["Stack","Hologram"],"picked":"Go for the Eyes","floor":4},{"not_picked":["Turbo","Compile Driver"],"picked":"Core Surge","floor":6},{"not_picked":["Barrage","Sunder"],"picked":"Go for the Eyes","floor":7},{"not_picked":["Hologram","Hello World"],"picked":"Genetic Algorithm","floor":8},{"not_picked":["FTL","Beam Cell"],"picked":"Genetic Algorithm","floor":13},{"not_picked":["Skim","Compile Driver"],"picked":"Beam Cell","floor":14}],"player_experience":274756,"relics_obtained":[{"floor":6,"key":"Smiling Mask"},{"floor":9,"key":"Old Coin"}],"event_choices":[{"damage_healed":0,"gold_gain":0,"cards_transformed":["Strike_B"],"player_choice":"Change","damage_taken":0,"max_hp_gain":0,"max_hp_loss":0,"event_name":"Living Wall","floor":5,"gold_loss":0,"cards_obtained":["Lockon"]},{"damage_healed":0,"gold_gain":0,"player_choice":"Success","damage_taken":3,"relics_obtained":["Ancient Tea Set"],"max_hp_gain":0,"max_hp_loss":0,"event_name":"Scrap Ooze","floor":12,"gold_loss":0}],"is_beta":false,"boss_relics":[],"items_purged_floors":[],"is_endless":false,"potions_floor_spawned":[2,6,8,14],"killed_by":"The Guardian","ascension_level":2}