{"gold_per_floor":[109,34,34,50,60,93,107,107,153,153,103,135,155,169,169,169],"floor_reached":16,"playtime":514,"items_purged":["Strike_R"],"score":154,"play_id":"873388ab-45d4-41df-a238-930785687d60","local_time":"20190531154001","is_ascension_mode":true,"campfire_choices":[{"data":"Rampage","floor":8,"key":"SMITH"},{"data":"Feed","floor":10,"key":"SMITH"},{"data":"Flame Barrier","floor":15,"key":"SMITH"}],"neow_cost":"NONE","seed_source_timestamp":941525042053800,"circlet_count":0,"master_deck":["Strike_R","Strike_R","Strike_R","Defend_R","Defend_R","Defend_R","Defend_R","Bash","Rampage+1","Dual Wield","Feed+1","Flame Barrier+1","Headbutt","Armaments"],"relics":["Burning Blood","Frozen Egg 2","PreservedInsect","Omamori"],"potions_floor_usage":[13],"damage_taken":[{"damage":3,"enemies":"2 Louse","floor":1,"turns":3},{"damage":0,"enemies":"Small Slimes","floor":4,"turns":3},{"damage":8,"enemies":"Jaw Worm","floor":5,"turns":4},{"damage":48,"enemies":"Lagavulin","floor":6,"turns":8},{"damage":15,"enemies":"3 Louse","floor":7,"turns":4},{"damage":16,"enemies":"Gremlin Nob","floor":12,"turns":3},{"damage":13,"enemies":"Lots of Slimes","floor":13,"turns":3},{"damage":7,"enemies":"Red Slaver","floor":14,"turns":5},{"damage":25,"enemies":"Slime Boss","floor":16,"turns":3}],"seed_played":"1515888274253602484","potions_obtained":[{"floor":6,"key":"PowerPotion"},{"floor":14,"key":"Poison Potion"}],"is_trial":false,"path_per_floor":["M","$","?","M","M","E","M","R","T","R","?","E","M","M","R","B"],"character_chosen":"IRONCLAD","items_purchased":[],"campfire_rested":0,"item_purchase_floors":[],"current_hp_per_floor":[88,88,88,88,86,44,38,38,38,38,38,28,25,24,24,0],"gold":169,"neow_bonus":"TEN_PERCENT_HP_BONUS","is_prod":false,"is_daily":false,"chose_seed":false,"campfire_upgraded":3,"win_rate":0,"timestamp":1559310001,"path_taken":["M","$","?","M","M","E","M","R","T","R","?","E","M","M","R","BOSS"],"build_version":"2019-05-28","purchased_purges":1,"victory":false,"max_hp_per_floor":[88,88,88,88,88,88,91,91,91,91,91,91,95,95,95,95],"card_choices":[{"not_picked":["Thunderclap","Searing Blow"],"picked":"Rampage","floor":1},{"not_picked":["Thunderclap","Sentinel","Twin Strike"],"picked":"SKIP","floor":4},{"not_picked":["Havoc","Bloodletting"],"picked":"Dual Wield","floor":5},{"not_picked":["Cleave","Pommel Strike"],"picked":"Feed","floor":6},{"not_picked":["Cleave","Clothesline","Clash"],"picked":"SKIP","floor":7},{"not_picked":["Perfected Strike","Cleave"],"picked":"Flame Barrier","floor":12},{"not_picked":["Rampage","Sever Soul"],"picked":"Headbutt","floor":13},{"not_picked":["Whirlwind","Wild Strike"],"picked":"Armaments","floor":14}],"player_experience":89811,"relics_obtained":[{"floor":6,"key":"Frozen Egg 2"},{"floor":9,"key":"PreservedInsect"},{"floor":12,"key":"Omamori"}],"event_choices":[{"damage_healed":0,"gold_gain":0,"player_choice":"Ignored","damage_taken":0,"max_hp_gain":0,"max_hp_loss":0,"event_name":"Liars Game","floor":3,"gold_loss":0},{"cards_removed":["Strike_R"],"damage_healed":0,"gold_gain":0,"player_choice":"Card Removal","damage_taken":0,"max_hp_gain":0,"max_hp_loss":0,"event_name":"The Cleric","floor":11,"gold_loss":50}],"is_beta":true,"boss_relics":[],"items_purged_floors":[2],"is_endless":false,"potions_floor_spawned":[6,14],"killed_by":"Slime Boss","ascension_level":3}