{"gold_per_floor":[117,67,82,93,105,105,105,122,122,132,132,132,146,157,157,256,306,325,340,340,317,330,330,361,165,190,216,216,616,616,627,627,723,723,737,747,504,464,474,504,504,520,545,2,29,47,57,73,73,73],"floor_reached":50,"playtime":2987,"items_purged":["Strike_G+1"],"score":640,"play_id":"0cebacd4-01ca-422d-8a6f-7b3284fc1a3c","local_time":"20190505161649","is_ascension_mode":true,"campfire_choices":[{"data":"A Thousand Cuts","floor":11,"key":"SMITH"},{"data":"Envenom","floor":15,"key":"SMITH"},{"floor":23,"key":"REST"},{"floor":28,"key":"REST"},{"floor":32,"key":"REST"},{"data":"A Thousand Cuts","floor":41,"key":"SMITH"},{"floor":49,"key":"REST"}],"neow_cost":"NONE","seed_source_timestamp":102886349887100,"circlet_count":0,"master_deck":["Defend_G","Defend_G","Defend_G","Defend_G","Defend_G","Strike_G+1","Strike_G","Strike_G","Survivor","Neutralize+1","Choke+1","Cloak And Dagger","Blade Dance","Prepared","PiercingWail","A Thousand Cuts+1","Envenom+1","Escape Plan","Leg Sweep+1","Infinite Blades+1","Corpse Explosion","Accuracy","Slice+1","PiercingWail+1","Blade Dance","PiercingWail","Bullet Time","Footwork","Distraction+1","Dash+1","Blade Dance","Dagger Spray+1","A Thousand Cuts+1","Blade Dance+1","Blade Dance+1","Storm of Steel+1","Dark Shackles","Cloak And Dagger+1","Dodge and Roll+1","Blade Dance+1","Infinite Blades","Footwork+1","Prepared","Backflip+1"],"relics":["Ring of the Snake","Oddly Smooth Stone","Ginger","Tiny House","Turnip","PreservedInsect","Regal Pillow","Tough Bandages","Old Coin","Mercury Hourglass","Sozu","Whetstone","Bag of Preparation","Gambling Chip","Ancient Tea Set","Nunchaku"],"potions_floor_usage":[16,27,29,31,46,50],"damage_taken":[{"damage":0,"enemies":"Small Slimes","floor":1,"turns":4},{"damage":0,"enemies":"2 Louse","floor":3,"turns":2},{"damage":0,"enemies":"Cultist","floor":4,"turns":3},{"damage":6,"enemies":"Lots of Slimes","floor":5,"turns":8},{"damage":0,"enemies":"2 Fungi Beasts","floor":8,"turns":3},{"damage":0,"enemies":"Exordium Thugs","floor":10,"turns":4},{"damage":0,"enemies":"Red Slaver","floor":13,"turns":4},{"damage":4,"enemies":"Exordium Wildlife","floor":14,"turns":4},{"damage":4,"enemies":"Slime Boss","floor":16,"turns":9},{"damage":1,"enemies":"Shell Parasite","floor":18,"turns":8},{"damage":35,"enemies":"3 Byrds","floor":19,"turns":5},{"damage":18,"enemies":"3 Cultists","floor":22,"turns":3},{"damage":6,"enemies":"Gremlin Leader","floor":24,"turns":6},{"damage":19,"enemies":"Slavers","floor":27,"turns":7},{"damage":4,"enemies":"Colosseum Slavers","floor":29,"turns":5},{"damage":28,"enemies":"Colosseum Nobs","floor":29,"turns":4},{"damage":7,"enemies":"Shelled Parasite and Fungi","floor":31,"turns":6},{"damage":54,"enemies":"Champ","floor":33,"turns":12},{"damage":2,"enemies":"Orb Walker","floor":35,"turns":4},{"damage":21,"enemies":"3 Darklings","floor":36,"turns":3},{"damage":0,"enemies":"Maw","floor":39,"turns":6},{"damage":6,"enemies":"Reptomancer","floor":40,"turns":4},{"damage":11,"enemies":"Transient","floor":42,"turns":5},{"damage":23,"enemies":"Nemesis","floor":45,"turns":5},{"damage":8,"enemies":"3 Darklings","floor":46,"turns":3},{"damage":0,"enemies":"Jaw Worm Horde","floor":47,"turns":2},{"damage":0,"enemies":"Transient","floor":48,"turns":5},{"damage":49,"enemies":"Time Eater","floor":50,"turns":5}],"seed_played":"463314166368682914","potions_obtained":[{"floor":1,"key":"Regen Potion"},{"floor":4,"key":"GhostInAJar"},{"floor":5,"key":"Ancient Potion"},{"floor":16,"key":"FearPotion"},{"floor":22,"key":"Swift Potion"},{"floor":29,"key":"SpeedPotion"},{"floor":31,"key":"Strength Potion"}],"is_trial":false,"path_per_floor":["M","?","M","M","M","?","?","M","T","M","R","?","M","M","R","B",null,"M","M","?","$","M","R","E","$","T","E","R","?","?","M","R","B",null,"M","M","$","?","M","E","R","M","T","$","E","M","M","M","R","B"],"character_chosen":"THE_SILENT","items_purchased":["Blade Dance","PreservedInsect","Footwork","Storm of Steel","Dark Shackles","Gambling Chip","Ancient Tea Set","Infinite Blades"],"campfire_rested":4,"item_purchase_floors":[21,25,25,37,37,44,44,44],"current_hp_per_floor":[70,70,70,70,64,50,43,43,43,43,43,43,43,39,39,35,75,74,39,39,39,21,43,37,37,37,32,69,37,37,30,67,13,75,73,52,52,52,52,46,46,35,35,35,12,4,4,4,41,0],"gold":73,"neow_bonus":"RANDOM_COMMON_RELIC","is_prod":false,"is_daily":false,"chose_seed":false,"campfire_upgraded":3,"win_rate":0,"timestamp":1557065809,"path_taken":["M","?","M","M","M","?","?","?","T","?","R","?","M","M","R","BOSS","M","M","?","$","?","R","E","$","T","E","R","?","?","M","R","BOSS","M","M","$","?","M","E","R","M","T","$","E","?","M","M","R","BOSS"],"build_version":"2019-04-23","purchased_purges":1,"victory":false,"max_hp_per_floor":[70,70,70,70,70,70,70,70,70,70,70,70,70,70,70,70,75,75,75,75,75,75,75,75,75,75,75,75,75,75,75,75,75,75,75,75,75,75,75,75,75,75,75,75,75,75,75,75,75,75],"card_choices":[{"not_picked":["Acrobatics","All Out Attack"],"picked":"Choke","floor":1},{"not_picked":["Backstab","Underhanded Strike"],"picked":"Cloak And Dagger","floor":3},{"not_picked":["Outmaneuver","Choke"],"picked":"Blade Dance","floor":4},{"not_picked":["Sucker Punch","Tactician"],"picked":"Prepared","floor":5},{"not_picked":["Underhanded Strike","Poisoned Stab"],"picked":"PiercingWail","floor":8},{"not_picked":["Flechettes","Quick Slash"],"picked":"A Thousand Cuts","floor":10},{"not_picked":["Bane","Heel Hook"],"picked":"Leg Sweep","floor":13},{"not_picked":["Bane","Sucker Punch"],"picked":"Infinite Blades","floor":14},{"not_picked":["Night Terror","A Thousand Cuts"],"picked":"Corpse Explosion","floor":16},{"not_picked":["Prepared","Poisoned Stab"],"picked":"Accuracy","floor":17},{"not_picked":["Choke","Backflip"],"picked":"Slice+1","floor":18},{"not_picked":["Dodge and Roll","Predator"],"picked":"PiercingWail+1","floor":19},{"not_picked":["All Out Attack","Dagger Throw"],"picked":"PiercingWail","floor":22},{"not_picked":["All Out Attack","Acrobatics"],"picked":"Bullet Time","floor":24},{"not_picked":["Acrobatics+1","Predator"],"picked":"Distraction+1","floor":27},{"not_picked":["Backflip","PiercingWail+1"],"picked":"Dash+1","floor":29},{"not_picked":["Masterful Stab","Reflex"],"picked":"Dagger Spray+1","floor":31},{"not_picked":["Malaise","Wraith Form v2"],"picked":"A Thousand Cuts","floor":33},{"not_picked":["Noxious Fumes+1","Flying Knee"],"picked":"Blade Dance+1","floor":35},{"not_picked":["Prepared+1","Deadly Poison+1"],"picked":"Blade Dance+1","floor":36},{"not_picked":["Underhanded Strike","Blade Dance+1"],"picked":"Cloak And Dagger+1","floor":39},{"not_picked":["Crippling Poison","PiercingWail+1"],"picked":"Dodge and Roll+1","floor":40},{"not_picked":["PiercingWail","Prepared"],"picked":"Blade Dance+1","floor":42},{"not_picked":["Prepared","Endless Agony","Tactician+1"],"picked":"SKIP","floor":45},{"not_picked":["Catalyst","Leg Sweep+1"],"picked":"Footwork+1","floor":46},{"not_picked":["Deadly Poison+1","Well Laid Plans"],"picked":"Prepared","floor":47},{"not_picked":["Unload","Outmaneuver"],"picked":"Backflip+1","floor":48}],"player_experience":63574,"relics_obtained":[{"floor":9,"key":"Ginger"},{"floor":24,"key":"Turnip"},{"floor":26,"key":"Regal Pillow"},{"floor":27,"key":"Tough Bandages"},{"floor":29,"key":"Old Coin"},{"floor":29,"key":"Mercury Hourglass"},{"floor":40,"key":"Whetstone"},{"floor":43,"key":"Bag of Preparation"},{"floor":45,"key":"Nunchaku"}],"event_choices":[{"cards_removed":["Strike_G"],"damage_healed":0,"gold_gain":0,"player_choice":"Card Removal","damage_taken":0,"max_hp_gain":0,"max_hp_loss":0,"event_name":"The Cleric","floor":2,"gold_loss":50},{"damage_healed":0,"gold_gain":0,"player_choice":"Entered Light","damage_taken":14,"max_hp_gain":0,"max_hp_loss":0,"event_name":"Shining Light","floor":6,"gold_loss":0,"cards_upgraded":["Strike_G","Strike_G"]},{"damage_healed":0,"gold_gain":0,"player_choice":"Damaged","damage_taken":7,"max_hp_gain":0,"max_hp_loss":0,"event_name":"Wheel of Change","floor":7,"gold_loss":0},{"damage_healed":0,"gold_gain":0,"player_choice":"2 cards matched","damage_taken":0,"max_hp_gain":0,"max_hp_loss":0,"event_name":"Match and Keep!","floor":12,"gold_loss":0,"cards_obtained":["Envenom","Escape Plan"]},{"damage_healed":0,"gold_gain":0,"player_choice":"Upgraded","damage_taken":0,"max_hp_gain":0,"max_hp_loss":0,"event_name":"Upgrade Shrine","floor":20,"gold_loss":0,"cards_upgraded":["Leg Sweep"]},{"damage_healed":0,"gold_gain":0,"player_choice":"Fight","damage_taken":0,"max_hp_gain":0,"max_hp_loss":0,"event_name":"Colosseum","floor":29,"gold_loss":0},{"damage_healed":0,"gold_gain":0,"player_choice":"Fought Nobs","damage_taken":0,"max_hp_gain":0,"max_hp_loss":0,"event_name":"Colosseum","floor":29,"gold_loss":0},{"damage_healed":0,"gold_gain":0,"player_choice":"Read","damage_taken":0,"max_hp_gain":0,"max_hp_loss":0,"event_name":"The Library","floor":30,"gold_loss":0,"cards_obtained":["Blade Dance"]},{"damage_healed":0,"gold_gain":0,"player_choice":"Upgrade","damage_taken":0,"max_hp_gain":0,"max_hp_loss":0,"event_name":"Designer","floor":38,"gold_loss":40,"cards_upgraded":["Storm of Steel"]}],"is_beta":true,"boss_relics":[{"not_picked":["Busted Crown","Eternal Feather"],"picked":"Tiny House"},{"not_picked":["Coffee Dripper","Runic Dome"],"picked":"Sozu"}],"items_purged_floors":[37],"is_endless":false,"potions_floor_spawned":[1,4,5,8,16,22,29,29,31,36,39,42,45,48],"killed_by":"Time Eater","ascension_level":1}