{"gold_per_floor":[114,133,133,133,158,199,199,212,237,263,275],"floor_reached":11,"playtime":394,"items_purged":[],"score":86,"play_id":"2d01f7bc-571d-4ad2-a795-22bc96e2313f","local_time":"20190419222611","is_ascension_mode":true,"campfire_choices":[{"data":"Rampage","floor":7,"key":"SMITH"}],"neow_cost":"NONE","seed_source_timestamp":170170538269900,"circlet_count":0,"master_deck":["Strike_R","Strike_R","Strike_R","Strike_R","Strike_R","Defend_R","Defend_R","Defend_R","Defend_R","Bash","Dark Embrace","Clothesline","Rampage+1","Disarm","Disarm","Reaper","Havoc"],"relics":["Burning Blood","Smiling Mask","Golden Idol","Blood Vial","MawBank"],"potions_floor_usage":[6,10,11],"damage_taken":[{"damage":1,"enemies":"Cultist","floor":1,"turns":3},{"damage":6,"enemies":"Small Slimes","floor":2,"turns":5},{"damage":10,"enemies":"Jaw Worm","floor":5,"turns":5},{"damage":31,"enemies":"Gremlin Nob","floor":6,"turns":4},{"damage":10,"enemies":"2 Fungi Beasts","floor":8,"turns":5},{"damage":14,"enemies":"Blue Slaver","floor":10,"turns":6},{"damage":58,"enemies":"3 Sentries","floor":11,"turns":7}],"seed_played":"5102763791710342420","potions_obtained":[{"floor":1,"key":"GamblersBrew"},{"floor":5,"key":"Explosive Potion"},{"floor":6,"key":"Regen Potion"},{"floor":8,"key":"Weak Potion"}],"is_trial":false,"path_per_floor":["M","M","?","?","M","E","R","M","T","M","E"],"character_chosen":"IRONCLAD","items_purchased":[],"campfire_rested":0,"item_purchase_floors":[],"current_hp_per_floor":[80,80,62,62,58,33,33,31,31,41,0],"gold":275,"neow_bonus":"ONE_RANDOM_RARE_CARD","is_prod":false,"is_daily":false,"chose_seed":false,"campfire_upgraded":1,"win_rate":0,"timestamp":1555705571,"path_taken":["M","?","?","?","M","E","R","M","T","M","E"],"build_version":"2019-01-23","purchased_purges":0,"victory":false,"max_hp_per_floor":[80,80,80,74,74,74,74,74,74,74,74],"card_choices":[{"not_picked":["Uppercut","Cleave"],"picked":"Clothesline","floor":1},{"not_picked":["Heavy Blade","Body Slam"],"picked":"Rampage","floor":2},{"not_picked":["Perfected Strike","Twin Strike"],"picked":"Disarm","floor":5},{"not_picked":["Wild Strike","Warcry"],"picked":"Disarm","floor":6},{"not_picked":["Perfected Strike","Clash"],"picked":"Reaper","floor":8},{"not_picked":["Twin Strike","Armaments"],"picked":"Havoc","floor":10}],"player_experience":286692,"relics_obtained":[{"floor":6,"key":"Blood Vial"},{"floor":9,"key":"MawBank"}],"event_choices":[{"damage_healed":0,"gold_gain":0,"player_choice":"Success","damage_taken":18,"relics_obtained":["Smiling Mask"],"max_hp_gain":0,"max_hp_loss":0,"event_name":"Scrap Ooze","floor":3,"gold_loss":0},{"damage_healed":0,"gold_gain":0,"player_choice":"Lose Max HP","damage_taken":0,"relics_obtained":["Golden Idol"],"max_hp_gain":0,"max_hp_loss":6,"event_name":"Golden Idol","floor":4,"gold_loss":0}],"is_beta":false,"boss_relics":[],"items_purged_floors":[],"is_endless":false,"potions_floor_spawned":[1,5,6,8],"killed_by":"3 Sentries","ascension_level":3}