{"gold_per_floor":[119,15,30,30,105,105,119,151,151,178,200,300,300],"floor_reached":13,"playtime":426,"items_purged":[],"score":105,"play_id":"f93d402f-ad89-4b39-977f-45714b5a1bc3","local_time":"20190820164228","is_ascension_mode":true,"campfire_choices":[{"data":"Metallicize","floor":6,"key":"SMITH"}],"neow_cost":"NONE","seed_source_timestamp":74682253615100,"circlet_count":0,"master_deck":["Strike_R","Strike_R","Strike_R","Strike_R","Strike_R","Defend_R","Defend_R","Defend_R","Defend_R","Bash","Panacea","Clothesline","Metallicize+1","Shrug It Off","Dropkick","Corruption","Rupture","Juggernaut","Hemokinesis"],"relics":["Burning Blood","Oddly Smooth Stone","Matryoshka","Centennial Puzzle","Odd Mushroom"],"potions_floor_usage":[11,13],"damage_taken":[{"damage":6,"enemies":"Cultist","floor":1,"turns":3},{"damage":9,"enemies":"Small Slimes","floor":3,"turns":4},{"damage":7,"enemies":"Jaw Worm","floor":7,"turns":4},{"damage":32,"enemies":"Gremlin Nob","floor":8,"turns":6},{"damage":26,"enemies":"Lagavulin","floor":10,"turns":9},{"damage":18,"enemies":"The Mushroom Lair","floor":11,"turns":6},{"damage":0,"enemies":"Large Slime","floor":13,"turns":4}],"seed_played":"5223657480342502052","potions_obtained":[{"floor":7,"key":"SpeedPotion"},{"floor":8,"key":"Energy Potion"}],"is_trial":false,"path_per_floor":["M","$","M","$","?","R","M","E","T","E","?","?","M"],"character_chosen":"IRONCLAD","items_purchased":["Metallicize","Shrug It Off"],"campfire_rested":0,"item_purchase_floors":[2,2],"current_hp_per_floor":[80,80,77,77,66,66,65,39,39,19,7,7,7],"gold":300,"neow_bonus":"RANDOM_COLORLESS","is_prod":false,"is_daily":false,"chose_seed":false,"campfire_upgraded":1,"win_rate":0,"timestamp":1566333748,"path_taken":["M","$","M","?","?","R","?","E","T","E","?","?","?"],"build_version":"2019-07-17","purchased_purges":0,"victory":false,"max_hp_per_floor":[80,80,80,80,80,80,80,80,80,80,80,80,80],"card_choices":[{"not_picked":["Ghostly Armor","Cleave"],"picked":"Clothesline","floor":1},{"not_picked":["True Grit","Sentinel"],"picked":"Dropkick","floor":3},{"not_picked":["True Grit","Pummel"],"picked":"Corruption","floor":7},{"not_picked":["Double Tap","Blood for Blood"],"picked":"Rupture","floor":8},{"not_picked":["Dropkick","Shrug It Off"],"picked":"Juggernaut","floor":10},{"not_picked":["Whirlwind","Body Slam"],"picked":"Hemokinesis","floor":11}],"player_experience":600628,"relics_obtained":[{"floor":8,"key":"Oddly Smooth Stone"},{"floor":9,"key":"Matryoshka"},{"floor":10,"key":"Centennial Puzzle"},{"floor":11,"key":"Odd Mushroom"}],"event_choices":[{"damage_healed":0,"gold_gain":75,"player_choice":"Gather Gold","damage_taken":11,"max_hp_gain":0,"max_hp_loss":0,"event_name":"World of Goop","floor":5,"gold_loss":0},{"damage_healed":0,"gold_gain":0,"player_choice":"Fought Mushrooms","damage_taken":0,"max_hp_gain":0,"max_hp_loss":0,"event_name":"Mushrooms","floor":11,"gold_loss":0},{"damage_healed":0,"gold_gain":100,"player_choice":"Pray","damage_taken":0,"max_hp_gain":0,"max_hp_loss":0,"event_name":"Golden Shrine","floor":12,"gold_loss":0}],"is_beta":false,"boss_relics":[],"items_purged_floors":[],"is_endless":false,"potions_floor_spawned":[7,8],"killed_by":"Large Slime","ascension_level":3}