{"gold_per_floor":[117,14,89,109,19,19,38,38,38,38,38,68,86,86,86,191,191,210,223,223,223,234,268,278,278,278,43,60,89,99,118,118,223,223,235,235,252,3,3,3,103,103,103,103,28,40,57,67,67,67],"floor_reached":51,"playtime":3449,"items_purged":["Strike_G+1"],"score":712,"play_id":"7cd786cf-ec17-492d-8e29-671851885413","local_time":"20191019232700","is_ascension_mode":false,"campfire_choices":[{"data":"Neutralize","floor":6,"key":"SMITH"},{"data":"Dodge and Roll","floor":8,"key":"SMITH"},{"data":"Caltrops","floor":11,"key":"SMITH"},{"data":"Dash","floor":15,"key":"SMITH"},{"data":"Blur","floor":25,"key":"SMITH"},{"data":"After Image","floor":32,"key":"SMITH"},{"data":"Noxious Fumes","floor":40,"key":"SMITH"},{"data":"Apotheosis","floor":42,"key":"SMITH"},{"data":"Backflip","floor":44,"key":"SMITH"},{"floor":49,"key":"REST"}],"neow_cost":"NONE","seed_source_timestamp":2075184508454864,"circlet_count":0,"master_deck":["Strike_G+1","Strike_G+1","Strike_G+1","Defend_G+1","Defend_G+1","Defend_G+1","Defend_G+1","Defend_G+1","Survivor","Neutralize+1","Dagger Throw","Leg Sweep","Infinite Blades+1","Backflip","Blade Dance","Caltrops+1","Dodge and Roll+1","Blur+1","Dash+1","Unload","Escape Plan","Sucker Punch","Backflip+1","Leg Sweep+1","Underhanded Strike","Apotheosis+1","After Image+1","Backflip","PiercingWail","Noxious Fumes+1","After Image+1","Dagger Throw+1","Parasite","Terror+1","Malaise","Footwork+1"],"relics":["Ring of the Snake","Ice Cream","Mercury Hourglass","Cursed Key","Potion Belt","Orichalcum","Busted Crown","Kunai","Prayer Wheel"],"potions_floor_usage":[24,33,33,50],"damage_taken":[{"damage":0,"enemies":"2 Louse","floor":1,"turns":3},{"damage":0,"enemies":"Small Slimes","floor":4,"turns":4},{"damage":0,"enemies":"Cultist","floor":7,"turns":4},{"damage":5,"enemies":"Lagavulin","floor":12,"turns":7},{"damage":0,"enemies":"Blue Slaver","floor":13,"turns":4},{"damage":8,"enemies":"The Guardian","floor":16,"turns":14},{"damage":0,"enemies":"Shell Parasite","floor":18,"turns":6},{"damage":4,"enemies":"Spheric Guardian","floor":19,"turns":4},{"damage":10,"enemies":"Shelled Parasite and Fungi","floor":22,"turns":6},{"damage":0,"enemies":"Book of Stabbing","floor":23,"turns":6},{"damage":0,"enemies":"Snake Plant","floor":24,"turns":7},{"damage":0,"enemies":"Snecko","floor":28,"turns":5},{"damage":2,"enemies":"Gremlin Leader","floor":29,"turns":10},{"damage":0,"enemies":"Sentry and Sphere","floor":30,"turns":6},{"damage":0,"enemies":"Centurion and Healer","floor":31,"turns":9},{"damage":32,"enemies":"Automaton","floor":33,"turns":13},{"damage":4,"enemies":"3 Darklings","floor":35,"turns":6},{"damage":20,"enemies":"3 Shapes","floor":37,"turns":5},{"damage":0,"enemies":"Mind Bloom Boss Battle","floor":41,"turns":8},{"damage":0,"enemies":"Writhing Mass","floor":46,"turns":7},{"damage":0,"enemies":"Transient","floor":47,"turns":5},{"damage":0,"enemies":"Sphere and 2 Shapes","floor":48,"turns":5},{"damage":17,"enemies":"Awakened One","floor":50,"turns":18}],"seed_played":"-8648851016472344366","potions_obtained":[{"floor":4,"key":"SmokeBomb"},{"floor":12,"key":"Energy Potion"},{"floor":16,"key":"Swift Potion"},{"floor":18,"key":"SpeedPotion"},{"floor":28,"key":"Fire Potion"},{"floor":30,"key":"Poison Potion"},{"floor":31,"key":"Weak Potion"},{"floor":37,"key":"Block Potion"},{"floor":41,"key":"GamblersBrew"}],"is_trial":false,"path_per_floor":["M","$","?","M","$","R","M","R","T","?","R","E","M","?","R","B",null,"M","M","?","?","M","E","M","R","T","$","M","E","M","M","R","B",null,"M","?","M","$","?","R","?","R","T","R","$","M","M","M","R","B",null],"character_chosen":"THE_SILENT","items_purchased":["Leg Sweep","Infinite Blades","Blade Dance","Caltrops","Underhanded Strike","Apotheosis","Kunai"],"campfire_rested":1,"item_purchase_floors":[2,2,5,5,27,27,38],"current_hp_per_floor":[77,77,66,66,66,66,66,66,66,66,66,61,61,61,61,53,77,77,73,73,73,63,63,63,63,63,63,63,61,61,61,61,29,77,73,73,53,53,53,53,53,53,53,53,53,53,53,53,73,56],"gold":67,"neow_bonus":"TEN_PERCENT_HP_BONUS","is_prod":false,"is_daily":false,"chose_seed":false,"campfire_upgraded":9,"win_rate":0.0,"timestamp":1571542020,"path_taken":["M","$","?","M","$","R","M","R","T","?","R","E","?","?","R","BOSS","M","?","?","?","M","E","M","R","T","$","M","E","?","M","R","BOSS","M","?","?","?","?","R","?","R","T","R","$","M","M","M","R","BOSS"],"build_version":"2019-07-17","purchased_purges":1,"victory":true,"max_hp_per_floor":[77,77,77,77,77,77,77,77,77,77,77,77,77,77,77,77,77,77,77,77,77,77,77,77,77,77,77,77,77,77,77,77,77,77,77,77,77,77,73,73,73,73,73,73,73,73,73,73,73,73],"card_choices":[{"not_picked":["Underhanded Strike","Acrobatics"],"picked":"Dagger Throw","floor":1},{"not_picked":["Outmaneuver","Crippling Poison"],"picked":"Backflip","floor":4},{"not_picked":["Dagger Throw","Eviscerate"],"picked":"Dodge and Roll","floor":7},{"not_picked":["Riddle With Holes","Eviscerate"],"picked":"Blur","floor":12},{"not_picked":["Blur","Dagger Throw"],"picked":"Dash","floor":13},{"not_picked":["Bullet Time","Tools of the Trade"],"picked":"Unload","floor":16},{"not_picked":["Blur+1","Flying Knee"],"picked":"Escape Plan","floor":18},{"not_picked":["All Out Attack+1","Prepared+1"],"picked":"Sucker Punch","floor":19},{"not_picked":["Acrobatics","Dodge and Roll"],"picked":"Backflip","floor":22},{"not_picked":["Sucker Punch","Eviscerate"],"picked":"Leg Sweep+1","floor":23},{"not_picked":["Flying Knee","Distraction","Prepared+1"],"picked":"SKIP","floor":24},{"not_picked":["Flying Knee","Distraction","Prepared+1"],"picked":"SKIP","floor":24},{"not_picked":["Poisoned Stab+1","Deadly Poison"],"picked":"After Image","floor":28},{"not_picked":["Expertise","Eviscerate"],"picked":"Backflip","floor":29},{"not_picked":["Bouncing Flask","Prepared"],"picked":"PiercingWail","floor":30},{"not_picked":["Poisoned Stab","Dagger Throw"],"picked":"Noxious Fumes","floor":31},{"not_picked":["Bullet Time","Doppelganger"],"picked":"After Image","floor":33},{"not_picked":["Flying Knee"],"picked":"SKIP","floor":35},{"not_picked":[],"picked":"Dagger Throw+1","floor":37},{"not_picked":[],"picked":"Terror+1","floor":46},{"not_picked":["Slice"],"picked":"SKIP","floor":46},{"not_picked":[],"picked":"Malaise","floor":47},{"not_picked":["Leg Sweep"],"picked":"SKIP","floor":47},{"not_picked":[],"picked":"Footwork+1","floor":48},{"not_picked":["Choke"],"picked":"SKIP","floor":48}],"player_experience":25629,"relics_obtained":[{"floor":9,"key":"Ice Cream"},{"floor":12,"key":"Mercury Hourglass"},{"floor":23,"key":"Potion Belt"},{"floor":29,"key":"Orichalcum"},{"floor":41,"key":"Prayer Wheel"}],"event_choices":[{"damage_healed":0,"gold_gain":75,"player_choice":"Gather Gold","damage_taken":11,"max_hp_gain":0,"max_hp_loss":0,"event_name":"World of Goop","floor":3,"gold_loss":0},{"damage_healed":0,"gold_gain":0,"player_choice":"Forge","damage_taken":0,"max_hp_gain":0,"max_hp_loss":0,"event_name":"Accursed Blacksmith","floor":10,"gold_loss":0,"cards_upgraded":["Infinite Blades"]},{"cards_removed":["Strike_G"],"damage_healed":0,"gold_gain":0,"player_choice":"Offered Basic","damage_taken":0,"max_hp_gain":0,"max_hp_loss":0,"event_name":"Bonfire Elementals","floor":14,"gold_loss":0},{"damage_healed":0,"gold_gain":0,"player_choice":"Simplicity","damage_taken":0,"max_hp_gain":0,"max_hp_loss":0,"event_name":"Back to Basics","floor":20,"gold_loss":0,"cards_upgraded":["Strike_G","Strike_G","Strike_G","Strike_G","Defend_G","Defend_G","Defend_G","Defend_G","Defend_G"]},{"damage_healed":0,"gold_gain":0,"player_choice":"Ignored","damage_taken":0,"max_hp_gain":0,"max_hp_loss":0,"event_name":"NoteForYourself","floor":21,"gold_loss":0},{"damage_healed":0,"gold_gain":0,"player_choice":"Upgraded","damage_taken":0,"max_hp_gain":0,"max_hp_loss":0,"event_name":"Upgrade Shrine","floor":36,"gold_loss":0,"cards_upgraded":["After Image"]},{"damage_healed":0,"gold_gain":0,"player_choice":"Max HP","damage_taken":0,"max_hp_gain":0,"max_hp_loss":4,"event_name":"Winding Halls","floor":39,"gold_loss":0},{"damage_healed":0,"gold_gain":0,"player_choice":"Fight","damage_taken":0,"max_hp_gain":0,"max_hp_loss":0,"event_name":"MindBloom","floor":41,"gold_loss":0}],"is_beta":false,"boss_relics":[{"not_picked":["Coffee Dripper","Orrery"],"picked":"Cursed Key"},{"not_picked":["Astrolabe","Velvet Choker"],"picked":"Busted Crown"}],"items_purged_floors":[45],"is_endless":false,"potions_floor_spawned":[4,12,16,18,22,28,30,31,37,41,48],"ascension_level":0}