{"gold_per_floor":[116,116,116,116,141,172,172,202,202,222,66,81,125,151,163,304,316,348,360,372,48,62,105,105,105,105,118,161,161,174,174],"floor_reached":31,"playtime":887,"items_purged":["Defend_R"],"score":466,"play_id":"2e249561-7460-4f60-9ab1-c52a97a3acce","local_time":"20190824030535","is_ascension_mode":true,"campfire_choices":[{"data":"Pummel","floor":7,"key":"SMITH"},{"data":"Inflame","floor":15,"key":"SMITH"},{"data":"Apotheosis","floor":25,"key":"SMITH"}],"neow_cost":"NONE","seed_source_timestamp":289286795219700,"circlet_count":0,"master_deck":["Defend_R","Defend_R","Defend_R","Bash","Pummel+1","Spot Weakness","Inflame+1","Uppercut","Limit Break","Inflame","Ghostly","Ghostly","Ghostly","Ghostly","Ghostly","Bite","Bite","Bite","Bite","Bite","Apotheosis+1","Inflame"],"relics":["Burning Blood","NeowsBlessing","Golden Idol","Pantograph","Letter Opener","Meat on the Bone","MawBank","Runic Pyramid","Strawberry","Ornamental Fan","Bottled Tornado","Sundial"],"potions_floor_usage":[12,16,22,28,28],"damage_taken":[{"damage":0,"enemies":"Jaw Worm","floor":1,"turns":1},{"damage":0,"enemies":"2 Louse","floor":5,"turns":1},{"damage":0,"enemies":"3 Sentries","floor":6,"turns":1},{"damage":12,"enemies":"Small Slimes","floor":10,"turns":3},{"damage":1,"enemies":"2 Fungi Beasts","floor":12,"turns":3},{"damage":40,"enemies":"Lagavulin","floor":13,"turns":5},{"damage":0,"enemies":"Large Slime","floor":14,"turns":4},{"damage":38,"enemies":"Slime Boss","floor":16,"turns":5},{"damage":30,"enemies":"2 Thieves","floor":18,"turns":3},{"damage":6,"enemies":"Shell Parasite","floor":22,"turns":5},{"damage":11,"enemies":"Book of Stabbing","floor":23,"turns":6},{"damage":2,"enemies":"Centurion and Healer","floor":27,"turns":7},{"damage":38,"enemies":"Gremlin Leader","floor":28,"turns":8},{"damage":2,"enemies":"Snecko","floor":30,"turns":5},{"damage":38,"enemies":"Shelled Parasite and Fungi","floor":31,"turns":2}],"seed_played":"-1789526570599522496","potions_obtained":[{"floor":6,"key":"PowerPotion"},{"floor":13,"key":"Poison Potion"},{"floor":16,"key":"Regen Potion"},{"floor":18,"key":"Block Potion"},{"floor":27,"key":"Fire Potion"}],"is_trial":false,"path_per_floor":["M","$","?","?","M","E","R","?","T","M","$","M","E","M","R","B",null,"M","?","?","$","M","E","?","R","T","M","E","?","M","M"],"character_chosen":"IRONCLAD","items_purchased":["Inflame","Apotheosis","Strawberry"],"campfire_rested":0,"item_purchase_floors":[11,21,21],"current_hp_per_floor":[78,78,71,71,74,74,74,74,74,68,68,73,51,57,57,54,69,45,37,25,32,32,32,32,32,32,32,29,32,32,0],"gold":174,"neow_bonus":"THREE_ENEMY_KILL","is_prod":false,"is_daily":false,"chose_seed":false,"campfire_upgraded":3,"win_rate":0,"timestamp":1566633935,"path_taken":["M","$","?","?","M","E","R","?","T","M","$","?","E","M","R","BOSS","M","?","?","$","M","E","?","R","T","M","E","?","M","?"],"build_version":"2019-07-17","purchased_purges":1,"victory":false,"max_hp_per_floor":[80,80,80,74,74,74,74,74,74,74,74,74,74,74,74,74,74,74,37,25,32,32,32,32,32,32,32,32,32,32,32],"card_choices":[{"not_picked":["Flex","Anger"],"picked":"Pummel","floor":1},{"not_picked":["Metallicize","Iron Wave","Headbutt"],"picked":"SKIP","floor":5},{"not_picked":["Headbutt","Flex","Evolve"],"picked":"SKIP","floor":6},{"not_picked":["Intimidate","Juggernaut"],"picked":"Spot Weakness","floor":10},{"not_picked":["True Grit","Shrug It Off","Clothesline"],"picked":"SKIP","floor":12},{"not_picked":["Brutality","Warcry"],"picked":"Uppercut","floor":13},{"not_picked":["Iron Wave","Thunderclap","Reckless Charge"],"picked":"SKIP","floor":14},{"not_picked":["Impervious","Juggernaut"],"picked":"Limit Break","floor":16},{"not_picked":["Pommel Strike","Uppercut"],"picked":"Inflame","floor":18},{"not_picked":["Clothesline","Sentinel+1","Heavy Blade"],"picked":"SKIP","floor":22},{"not_picked":["Pommel Strike","Headbutt","Clothesline"],"picked":"SKIP","floor":23},{"not_picked":["Flex+1","Clothesline"],"picked":"Inflame","floor":27},{"not_picked":["True Grit","Flex+1","Body Slam"],"picked":"SKIP","floor":28},{"not_picked":["Sword Boomerang","Havoc","Clothesline"],"picked":"SKIP","floor":30}],"player_experience":302577,"relics_obtained":[{"floor":6,"key":"Pantograph"},{"floor":9,"key":"Meat on the Bone"},{"floor":13,"key":"MawBank"},{"floor":23,"key":"Ornamental Fan"},{"floor":26,"key":"Bottled Tornado"},{"floor":28,"key":"Sundial"}],"event_choices":[{"cards_removed":["Strike_R"],"damage_healed":0,"gold_gain":0,"player_choice":"Card Removal","damage_taken":7,"max_hp_gain":0,"max_hp_loss":0,"event_name":"Golden Wing","floor":3,"gold_loss":0},{"damage_healed":0,"gold_gain":0,"player_choice":"Lose Max HP","damage_taken":0,"relics_obtained":["Golden Idol"],"max_hp_gain":0,"max_hp_loss":6,"event_name":"Golden Idol","floor":4,"gold_loss":0},{"damage_healed":0,"gold_gain":30,"player_choice":"Searched \u00272\u0027 times","damage_taken":0,"relics_obtained":["Letter Opener"],"max_hp_gain":0,"max_hp_loss":0,"event_name":"Dead Adventurer","floor":8,"gold_loss":0},{"damage_healed":0,"gold_gain":0,"player_choice":"Became a Ghost","damage_taken":0,"max_hp_gain":0,"max_hp_loss":37,"event_name":"Ghosts","floor":19,"gold_loss":0,"cards_obtained":["Ghostly","Ghostly","Ghostly","Ghostly","Ghostly"]},{"damage_healed":0,"gold_gain":0,"player_choice":"Became a vampire","damage_taken":0,"max_hp_gain":0,"max_hp_loss":12,"event_name":"Vampires","floor":20,"gold_loss":0,"cards_obtained":["Bite","Bite","Bite","Bite","Bite"]},{"damage_healed":0,"gold_gain":0,"player_choice":"Ignored","damage_taken":0,"max_hp_gain":0,"max_hp_loss":0,"event_name":"Cursed Tome","floor":24,"gold_loss":0},{"damage_healed":11,"gold_gain":0,"player_choice":"Heal","damage_taken":0,"max_hp_gain":0,"max_hp_loss":0,"event_name":"The Library","floor":29,"gold_loss":0}],"is_beta":false,"boss_relics":[{"not_picked":["Sozu","Astrolabe"],"picked":"Runic Pyramid"}],"items_purged_floors":[11],"is_endless":false,"potions_floor_spawned":[6,13,16,18,27],"killed_by":"Shelled Parasite and Fungi","ascension_level":7}