{"gold_per_floor":[117,134,145,145,145,174,28,28],"floor_reached":8,"playtime":239,"items_purged":[],"score":64,"play_id":"e3023760-810f-4d74-8dd1-f3ee361a7a11","local_time":"20190419221133","is_ascension_mode":true,"campfire_choices":[],"neow_cost":"NONE","seed_source_timestamp":169448047445900,"circlet_count":0,"master_deck":["Strike_R","Strike_R","Strike_R+1","Strike_R","Strike_R","Defend_R","Defend_R","Defend_R","Defend_R","Bash+1","Searing Blow","Shockwave","Cleave+1","Spot Weakness+1"],"relics":["Burning Blood","NlothsMask","Toxic Egg 2","Oddly Smooth Stone"],"potions_floor_usage":[8],"damage_taken":[{"damage":6,"enemies":"Cultist","floor":1,"turns":4},{"damage":11,"enemies":"Small Slimes","floor":2,"turns":4},{"damage":10,"enemies":"2 Louse","floor":3,"turns":3},{"damage":30,"enemies":"3 Sentries","floor":6,"turns":5},{"damage":36,"enemies":"Gremlin Nob","floor":8,"turns":3}],"seed_played":"3030195685368170994","potions_obtained":[{"floor":2,"key":"Strength Potion"}],"is_trial":false,"path_per_floor":["M","M","M","?","?","E","$","E"],"character_chosen":"IRONCLAD","items_purchased":["Oddly Smooth Stone"],"campfire_rested":0,"item_purchase_floors":[7],"current_hp_per_floor":[80,75,71,55,55,31,31,0],"gold":28,"neow_bonus":"UPGRADE_CARD","is_prod":false,"is_daily":false,"chose_seed":false,"campfire_upgraded":0,"win_rate":0,"timestamp":1555704693,"path_taken":["M","M","?","?","?","E","$","E"],"build_version":"2019-01-23","purchased_purges":0,"victory":false,"max_hp_per_floor":[80,80,80,80,80,80,80,80],"card_choices":[{"not_picked":["Warcry","Perfected Strike"],"picked":"Searing Blow","floor":1},{"not_picked":["Perfected Strike","Power Through"],"picked":"Shockwave","floor":2},{"not_picked":["Heavy Blade","Sentinel"],"picked":"Cleave","floor":3},{"not_picked":["Combust","Thunderclap"],"picked":"Spot Weakness","floor":6}],"player_experience":285995,"relics_obtained":[{"floor":6,"key":"Toxic Egg 2"}],"event_choices":[{"damage_healed":0,"gold_gain":0,"player_choice":"Entered Light","damage_taken":16,"max_hp_gain":0,"max_hp_loss":0,"event_name":"Shining Light","floor":4,"gold_loss":0,"cards_upgraded":["Strike_R","Cleave"]},{"damage_healed":0,"gold_gain":0,"player_choice":"Trade","damage_taken":0,"relics_obtained":["NlothsMask"],"max_hp_gain":0,"max_hp_loss":0,"event_name":"FaceTrader","floor":5,"gold_loss":0}],"is_beta":false,"boss_relics":[],"items_purged_floors":[],"is_endless":false,"potions_floor_spawned":[2],"killed_by":"Gremlin Nob","ascension_level":3}