{"gold_per_floor":[363,374,45,45,63,93,93,128,154,154,173,192,207,218,218,313,313,328,338,348,68,68,98,98,116,140,140,40,58,58,58,58,159,159,175,186,186,199,199,199,213,213,213,213,229,262,86,86,86,86],"floor_reached":50,"playtime":1185,"items_purged":["Defend_R","Defend_R","Bite"],"score":773,"play_id":"7842abf2-6bd2-43b4-bf74-f352acbd769e","local_time":"20190813030652","is_ascension_mode":true,"campfire_choices":[{"data":"Cleave","floor":15,"key":"SMITH"},{"data":"Heavy Blade","floor":24,"key":"SMITH"},{"data":"Inflame","floor":32,"key":"SMITH"},{"floor":40,"key":"REST"},{"floor":44,"key":"REST"},{"floor":49,"key":"REST"}],"neow_cost":"PERCENT_DAMAGE","seed_source_timestamp":173303067759111,"circlet_count":0,"master_deck":["Bash","Clash","Inflame+1","Cleave+1","Heavy Blade+1","Inflame+1","Clash+1","Clash","Bite","Bite","Bite","Bite","Panache"],"relics":["Black Blood","PreservedInsect","NlothsMask","Ancient Tea Set","Orichalcum","Lee\u0027s Waffle","Happy Flower","Bag of Preparation","Fusion Hammer","Toxic Egg 2","Boot"],"potions_floor_usage":[6,6,6,8,12,13,23,33,41,50,50],"damage_taken":[{"damage":2,"enemies":"2 Louse","floor":1,"turns":3},{"damage":6,"enemies":"Cultist","floor":2,"turns":3},{"damage":3,"enemies":"Small Slimes","floor":5,"turns":2},{"damage":0,"enemies":"3 Sentries","floor":6,"turns":1},{"damage":0,"enemies":"Gremlin Nob","floor":8,"turns":2},{"damage":7,"enemies":"Blue Slaver","floor":11,"turns":3},{"damage":0,"enemies":"3 Louse","floor":12,"turns":2},{"damage":6,"enemies":"Large Slime","floor":13,"turns":3},{"damage":6,"enemies":"Exordium Wildlife","floor":14,"turns":3},{"damage":32,"enemies":"Slime Boss","floor":16,"turns":6},{"damage":27,"enemies":"3 Byrds","floor":18,"turns":6},{"damage":6,"enemies":"Chosen","floor":19,"turns":4},{"damage":36,"enemies":"Snake Plant","floor":20,"turns":4},{"damage":24,"enemies":"Gremlin Leader","floor":23,"turns":4},{"damage":14,"enemies":"Snecko","floor":25,"turns":4},{"damage":0,"enemies":"Centurion and Healer","floor":29,"turns":3},{"damage":37,"enemies":"Automaton","floor":33,"turns":6},{"damage":11,"enemies":"Orb Walker","floor":35,"turns":2},{"damage":18,"enemies":"3 Shapes","floor":36,"turns":3},{"damage":29,"enemies":"3 Darklings","floor":38,"turns":3},{"damage":17,"enemies":"Writhing Mass","floor":41,"turns":3},{"damage":21,"enemies":"Jaw Worm Horde","floor":45,"turns":2},{"damage":3,"enemies":"Reptomancer","floor":46,"turns":3},{"damage":70,"enemies":"Donu and Deca","floor":50,"turns":2}],"seed_played":"9108483716149971766","potions_obtained":[{"floor":1,"key":"AttackPotion"},{"floor":6,"key":"Fire Potion"},{"floor":8,"key":"Strength Potion"},{"floor":12,"key":"Fruit Juice"},{"floor":20,"key":"Poison Potion"},{"floor":23,"key":"GamblersBrew"},{"floor":36,"key":"Energy Potion"},{"floor":38,"key":"EssenceOfSteel"},{"floor":45,"key":"GamblersBrew"},{"floor":46,"key":"PowerPotion"}],"is_trial":false,"path_per_floor":["M","M","$","?","M","E","?","E","T","?","M","M","M","M","R","B",null,"M","M","M","$","?","E","R","M","T","?","$","M","?","?","R","B",null,"M","M","?","M","?","R","M","?","T","R","M","E","$","?","R","B"],"character_chosen":"IRONCLAD","items_purchased":["PreservedInsect","Fire Potion","Fire Potion","Inflame","Lee\u0027s Waffle","PowerPotion"],"campfire_rested":3,"item_purchase_floors":[3,3,3,21,21,47],"current_hp_per_floor":[55,55,55,55,58,64,48,54,54,54,53,64,64,64,64,38,73,56,60,34,92,74,60,60,56,56,56,56,67,67,67,67,50,63,66,60,60,45,45,65,62,62,62,67,58,67,67,67,67,0],"gold":86,"neow_bonus":"TWO_FIFTY_GOLD","is_prod":false,"is_daily":false,"chose_seed":false,"campfire_upgraded":3,"win_rate":0,"timestamp":1565683612,"path_taken":["M","M","$","?","?","E","?","E","T","?","M","M","M","M","R","BOSS","M","M","M","$","?","E","R","M","T","?","$","M","?","?","R","BOSS","M","M","?","M","?","R","?","?","T","R","M","E","$","?","R","BOSS"],"build_version":"2019-07-17","purchased_purges":3,"victory":false,"max_hp_per_floor":[80,80,80,80,80,80,80,80,80,80,80,85,85,85,85,85,85,85,85,85,92,97,97,97,97,97,67,67,67,67,67,67,67,67,67,67,67,67,67,67,67,67,67,67,67,67,67,67,67,67],"card_choices":[{"not_picked":["Feel No Pain","True Grit"],"picked":"Clash","floor":1},{"not_picked":["Second Wind","Battle Trance"],"picked":"Inflame","floor":2},{"not_picked":["Clothesline","Warcry"],"picked":"Cleave","floor":5},{"not_picked":["Combust","Power Through"],"picked":"Heavy Blade","floor":6},{"not_picked":["Havoc","Flex","Heavy Blade"],"picked":"SKIP","floor":8},{"not_picked":["Carnage","Pommel Strike","Body Slam"],"picked":"SKIP","floor":11},{"not_picked":["Perfected Strike","Rupture","Dark Embrace"],"picked":"SKIP","floor":12},{"not_picked":["Havoc","True Grit","Body Slam"],"picked":"SKIP","floor":13},{"not_picked":["Fire Breathing","Body Slam","True Grit"],"picked":"SKIP","floor":14},{"not_picked":["Body Slam","Headbutt","True Grit+1"],"picked":"SKIP","floor":18},{"not_picked":["Heavy Blade","Anger","Flex"],"picked":"SKIP","floor":19},{"not_picked":["Hemokinesis","Sever Soul","Warcry+1"],"picked":"SKIP","floor":20},{"not_picked":["Metallicize","Perfected Strike+1"],"picked":"Clash+1","floor":23},{"not_picked":["Heavy Blade","Twin Strike"],"picked":"Clash","floor":25},{"not_picked":["Heavy Blade","Clash","Searing Blow+1"],"picked":"SKIP","floor":29},{"not_picked":["Infernal Blade","Heavy Blade","Wild Strike"],"picked":"SKIP","floor":35},{"not_picked":["Thunderclap","Twin Strike+1","Flex"],"picked":"SKIP","floor":36},{"not_picked":["Chrysalis","Swift Strike"],"picked":"Panache","floor":37},{"not_picked":["Iron Wave+1","Rampage+1","Flex"],"picked":"SKIP","floor":38},{"not_picked":["Warcry+1","Body Slam","True Grit"],"picked":"SKIP","floor":41},{"not_picked":["Twin Strike+1","Flex+1","Wild Strike+1"],"picked":"SKIP","floor":45},{"not_picked":["Dropkick","Searing Blow","Body Slam+1"],"picked":"SKIP","floor":46}],"player_experience":293645,"relics_obtained":[{"floor":6,"key":"Ancient Tea Set"},{"floor":8,"key":"Orichalcum"},{"floor":23,"key":"Happy Flower"},{"floor":26,"key":"Bag of Preparation"},{"floor":43,"key":"Toxic Egg 2"},{"floor":46,"key":"Boot"}],"event_choices":[{"damage_healed":0,"gold_gain":0,"player_choice":"Trade","damage_taken":0,"relics_obtained":["NlothsMask"],"max_hp_gain":0,"max_hp_loss":0,"event_name":"FaceTrader","floor":4,"gold_loss":0},{"damage_healed":0,"gold_gain":0,"player_choice":"Entered Light","damage_taken":16,"max_hp_gain":0,"max_hp_loss":0,"event_name":"Shining Light","floor":7,"gold_loss":0,"cards_upgraded":["Strike_R","Strike_R"]},{"damage_healed":0,"gold_gain":0,"player_choice":"Ignored","damage_taken":0,"max_hp_gain":0,"max_hp_loss":0,"event_name":"Liars Game","floor":10,"gold_loss":0},{"damage_healed":0,"gold_gain":0,"player_choice":"Shed Blood","damage_taken":23,"max_hp_gain":5,"max_hp_loss":0,"event_name":"Forgotten Altar","floor":22,"gold_loss":0},{"damage_healed":0,"gold_gain":0,"player_choice":"Became a vampire","damage_taken":0,"max_hp_gain":0,"max_hp_loss":30,"event_name":"Vampires","floor":27,"gold_loss":0,"cards_obtained":["Bite","Bite","Bite","Bite","Bite"]},{"cards_removed":["Defend_R"],"damage_healed":0,"gold_gain":0,"player_choice":"Elegance","damage_taken":0,"max_hp_gain":0,"max_hp_loss":0,"event_name":"Back to Basics","floor":31,"gold_loss":0},{"damage_healed":0,"gold_gain":0,"player_choice":"Memory 1","damage_taken":0,"max_hp_gain":0,"max_hp_loss":0,"event_name":"SensoryStone","floor":37,"gold_loss":0},{"damage_healed":0,"gold_gain":0,"player_choice":"Upgraded","damage_taken":0,"max_hp_gain":0,"max_hp_loss":0,"event_name":"Upgrade Shrine","floor":39,"gold_loss":0,"cards_upgraded":["Inflame"]},{"cards_removed":["Defend_R"],"damage_healed":0,"gold_gain":0,"player_choice":"Removed Skill","damage_taken":0,"max_hp_gain":0,"max_hp_loss":0,"event_name":"Falling","floor":42,"gold_loss":0},{"damage_healed":0,"gold_gain":0,"player_choice":"Ignored","damage_taken":0,"max_hp_gain":0,"max_hp_loss":0,"event_name":"Mysterious Sphere","floor":48,"gold_loss":0}],"is_beta":false,"boss_relics":[{"not_picked":["Philosopher\u0027s Stone","Ectoplasm"],"picked":"Black Blood"},{"not_picked":["Runic Dome","Runic Cube"],"picked":"Fusion Hammer"}],"items_purged_floors":[3,28,47],"is_endless":false,"potions_floor_spawned":[1,6,8,12,20,23,36,38,45,46],"killed_by":"Donu and Deca","ascension_level":7}