{"gold_per_floor":[12,24,24,24,2,36,36,55,55,89,100,110,110,30,30,131,131,131,131,131,131,145,145,155,174,200,210,222,236,260,4,4,107,107,120,170,195,205,219,219,619,619,619,631,631,0,34,51,51,51],"floor_reached":50,"playtime":2349,"items_purged":[],"score":874,"play_id":"479a07ba-582a-44a3-9ca8-a0f7ca75fe57","local_time":"20191021103359","is_ascension_mode":true,"campfire_choices":[{"floor":13.0,"key":"REST"},{"data":"Uppercut","floor":15.0,"key":"SMITH"},{"data":"Armaments","floor":23.0,"key":"SMITH"},{"floor":32.0,"key":"REST"},{"floor":40.0,"key":"REST"},{"floor":45.0,"key":"REST"},{"floor":49.0,"key":"REST"}],"neow_cost":"NO_GOLD","seed_source_timestamp":0,"circlet_count":0,"master_deck":["AscendersBane","Strike_R+1","Strike_R","Strike_R","Strike_R","Strike_R","Defend_R+1","Defend_R","Defend_R+1","Defend_R","Bash","Armaments+1","Shockwave","Clothesline","Shrug It Off+1","Armaments+1","Carnage","Ghostly Armor","Juggernaut","Uppercut+1","Reaper","Hemokinesis","Thunderclap+1","Entrench","Spot Weakness","Reckless Charge","Shockwave","Rupture","Metallicize","Twin Strike","Berserk","Battle Trance","Shrug It Off","Flame Barrier+1","Rage","Power Through+1","True Grit+1","Juggernaut","Feel No Pain","Fire Breathing","Rupture","Bloodletting","Metallicize"],"special_seed":0,"relics":["Burning Blood","Torii","Gremlin Horn","Pear","Mango","Sozu","Enchiridion","The Courier","Centennial Puzzle","Oddly Smooth Stone","Juzu Bracelet","Runic Pyramid","Magic Flower","Potion Belt","Old Coin","Unceasing Top","Bottled Tornado","War Paint","Ornamental Fan"],"potions_floor_usage":[],"damage_taken":[{"damage":7.0,"enemies":"Cultist","floor":1.0,"turns":4.0},{"damage":8.0,"enemies":"Jaw Worm","floor":2.0,"turns":4.0},{"damage":37.0,"enemies":"3 Sentries","floor":6.0,"turns":12.0},{"damage":1.0,"enemies":"Small Slimes","floor":8.0,"turns":4.0},{"damage":34.0,"enemies":"Gremlin Nob","floor":10.0,"turns":5.0},{"damage":2.0,"enemies":"Blue Slaver","floor":11.0,"turns":4.0},{"damage":7.0,"enemies":"Looter","floor":12.0,"turns":5.0},{"damage":19.0,"enemies":"Hexaghost","floor":16.0,"turns":10.0},{"damage":0.0,"enemies":"3 Byrds","floor":18.0,"turns":1.0},{"damage":1.0,"enemies":"Spheric Guardian","floor":22.0,"turns":4.0},{"damage":7.0,"enemies":"Snake Plant","floor":24.0,"turns":4.0},{"damage":9.0,"enemies":"Chosen and Byrds","floor":25.0,"turns":4.0},{"damage":29.0,"enemies":"Sentry and Sphere","floor":27.0,"turns":9.0},{"damage":27.0,"enemies":"Centurion and Healer","floor":28.0,"turns":6.0},{"damage":15.0,"enemies":"Chosen and Byrds","floor":29.0,"turns":5.0},{"damage":66.0,"enemies":"Champ","floor":33.0,"turns":12.0},{"damage":3.0,"enemies":"Orb Walker","floor":35.0,"turns":3.0},{"damage":69.0,"enemies":"2 Orb Walkers","floor":36.0,"turns":5.0},{"damage":1.0,"enemies":"3 Shapes","floor":38.0,"turns":5.0},{"damage":7.0,"enemies":"Maw","floor":39.0,"turns":7.0},{"damage":3.0,"enemies":"Mind Bloom Boss Battle","floor":41.0,"turns":6.0},{"damage":39.0,"enemies":"Writhing Mass","floor":44.0,"turns":7.0},{"damage":104.0,"enemies":"Nemesis","floor":47.0,"turns":7.0},{"damage":15.0,"enemies":"Sphere and 2 Shapes","floor":48.0,"turns":7.0},{"damage":83,"enemies":"Donu and Deca","floor":50,"turns":8}],"seed_played":"3482739204751810865","potions_obtained":[{"floor":2.0,"key":"EssenceOfSteel"},{"floor":7.0,"key":"SmokeBomb"},{"floor":7.0,"key":"Energy Potion"},{"floor":11.0,"key":"LiquidBronze"},{"floor":16.0,"key":"SpeedPotion"}],"is_trial":false,"path_per_floor":["M","M","?","?","$","E","?","M","T","E","M","M","R","$","R","B",null,"M","?","?","?","M","R","M","M","T","M","M","M","T","$","R","B",null,"M","?","T","M","M","R","?","?","T","M","R","$","E","M","R","B"],"character_chosen":"IRONCLAD","items_purchased":["Clothesline","Uppercut","Rupture","Juzu Bracelet","Metallicize","Twin Strike","Bottled Tornado","Juggernaut","War Paint","Feel No Pain","Fire Breathing","Rupture"],"campfire_rested":5,"item_purchase_floors":[5,14,31,31,31,31,46,46,46,46,46,46],"current_hp_per_floor":[71,69,53,53,53,22,22,27,37,23,27,26,57,57,57,44,89,95,79,79,79,84,84,83,82,82,59,50,41,41,41,72,12,81,84,21,21,29,61,92,98,98,98,68,99,99,27,21,52,0],"gold":51,"neow_bonus":"ONE_RARE_RELIC","is_prod":false,"is_daily":false,"chose_seed":false,"campfire_upgraded":2,"win_rate":0,"timestamp":1571668439,"path_taken":["M","?","?","?","?","E","?","?","T","E","M","M","R","$","R","BOSS","M","?","?","?","?","R","M","M","T","M","M","M","?","$","R","BOSS","M","?","?","M","M","R","?","?","T","M","R","$","E","M","R","BOSS"],"build_version":"2019-07-17","purchased_purges":0,"victory":false,"max_hp_per_floor":[80,80,80,80,80,80,80,80,90,104,104,104,104,104,104,104,104,104,104,104,104,104,104,104,104,104,104,104,104,104,104,104,104,104,104,104,104,104,104,104,104,104,104,104,104,104,104,104,104,104],"card_choices":[{"not_picked":["Clash","Headbutt"],"picked":"Armaments","floor":1.0},{"not_picked":["Cleave","Sword Boomerang"],"picked":"Shockwave","floor":2.0},{"not_picked":["Twin Strike","Burning Pact"],"picked":"Shrug It Off","floor":6.0},{"not_picked":["Cleave","Clothesline"],"picked":"Armaments","floor":8.0},{"not_picked":["Wild Strike","Pommel Strike"],"picked":"Carnage","floor":10.0},{"not_picked":["Heavy Blade","Headbutt"],"picked":"Ghostly Armor","floor":11.0},{"not_picked":["Reckless Charge","Pommel Strike"],"picked":"Juggernaut","floor":12.0},{"not_picked":["Bludgeon","Brutality"],"picked":"Reaper","floor":16.0},{"not_picked":["Headbutt","Anger"],"picked":"Hemokinesis","floor":22.0},{"not_picked":["Headbutt","Pommel Strike"],"picked":"Thunderclap+1","floor":24.0},{"not_picked":["True Grit","Sword Boomerang+1"],"picked":"Entrench","floor":25.0},{"not_picked":["Limit Break","Headbutt"],"picked":"Spot Weakness","floor":27.0},{"not_picked":["Perfected Strike","Clothesline"],"picked":"Reckless Charge","floor":28.0},{"not_picked":["Warcry","Whirlwind"],"picked":"Shockwave","floor":29.0},{"not_picked":["Offering","Fiend Fire"],"picked":"Berserk","floor":33.0},{"not_picked":["Sword Boomerang+1","Wild Strike+1"],"picked":"Battle Trance","floor":35.0},{"not_picked":["Power Through","Cleave+1"],"picked":"Shrug It Off","floor":36.0},{"not_picked":["Clash+1","Body Slam"],"picked":"Flame Barrier+1","floor":38.0},{"not_picked":["Inflame","Headbutt"],"picked":"Rage","floor":39.0},{"not_picked":["Sword Boomerang","Havoc"],"picked":"Power Through+1","floor":41.0},{"not_picked":["Havoc","Perfected Strike"],"picked":"True Grit+1","floor":44.0},{"not_picked":["Warcry+1","Perfected Strike"],"picked":"Bloodletting","floor":47.0},{"not_picked":["Havoc","Offering"],"picked":"Metallicize","floor":48.0}],"player_experience":740471,"relics_obtained":[{"floor":6.0,"key":"Gremlin Horn"},{"floor":9.0,"key":"Pear"},{"floor":10.0,"key":"Mango"},{"floor":19.0,"key":"Enchiridion"},{"floor":26.0,"key":"Centennial Puzzle"},{"floor":30.0,"key":"Oddly Smooth Stone"},{"floor":36.0,"key":"Magic Flower"},{"floor":37.0,"key":"Potion Belt"},{"floor":41.0,"key":"Old Coin"},{"floor":43.0,"key":"Unceasing Top"},{"floor":47.0,"key":"Ornamental Fan"}],"event_choices":[{"damage_healed":0.0,"max_hp_gain":0.0,"max_hp_loss":0.0,"gold_gain":0.0,"event_name":"Shining Light","player_choice":"Entered Light","floor":3.0,"gold_loss":0.0,"damage_taken":16.0,"cards_upgraded":["Strike_R","Defend_R"]},{"damage_healed":0.0,"max_hp_gain":0.0,"max_hp_loss":0.0,"gold_gain":0.0,"event_name":"Liars Game","player_choice":"Ignored","floor":4.0,"gold_loss":0.0,"damage_taken":0.0},{"damage_healed":0.0,"max_hp_gain":0.0,"max_hp_loss":0.0,"gold_gain":0.0,"event_name":"Lab","player_choice":"Got Potions","floor":7.0,"gold_loss":0.0,"damage_taken":0.0},{"damage_healed":0.0,"max_hp_gain":0.0,"max_hp_loss":0.0,"gold_gain":0.0,"event_name":"Cursed Tome","player_choice":"Obtained Book","floor":19.0,"gold_loss":0.0,"damage_taken":16.0},{"damage_healed":0.0,"max_hp_gain":0.0,"max_hp_loss":0.0,"gold_gain":0.0,"event_name":"The Mausoleum","player_choice":"Opened","floor":20.0,"gold_loss":0.0,"damage_taken":0.0,"relics_obtained":["The Courier"]},{"damage_healed":0.0,"max_hp_gain":0.0,"max_hp_loss":0.0,"gold_gain":0.0,"event_name":"Upgrade Shrine","player_choice":"Upgraded","floor":21.0,"gold_loss":0.0,"damage_taken":0.0,"cards_upgraded":["Armaments"]},{"damage_healed":0.0,"max_hp_gain":0.0,"max_hp_loss":0.0,"gold_gain":0.0,"event_name":"Mysterious Sphere","player_choice":"Fight","floor":36.0,"gold_loss":0.0,"damage_taken":0.0},{"damage_healed":0.0,"max_hp_gain":0.0,"max_hp_loss":0.0,"gold_gain":0.0,"event_name":"MindBloom","player_choice":"Fight","floor":41.0,"gold_loss":0.0,"damage_taken":0.0},{"damage_healed":0.0,"max_hp_gain":0.0,"max_hp_loss":0.0,"gold_gain":0.0,"event_name":"Tomb of Lord Red Mask","player_choice":"Ignored","floor":42.0,"gold_loss":0.0,"damage_taken":0.0}],"is_beta":false,"boss_relics":[{"not_picked":["Runic Dome","Snecko Eye"],"picked":"Sozu"},{"not_picked":["Lizard Tail","Calling Bell"],"picked":"Runic Pyramid"}],"items_purged_floors":[],"is_endless":false,"potions_floor_spawned":[2,11,16,22,27,33,38,39,48],"killed_by":"Donu and Deca","ascension_level":12}