{"gold_per_floor":[113,113,133,143,109,109,126,126,200,216,216,227,237,312,312,416,416,384,384,397,63,80,80,96,96,96,96],"floor_reached":27,"playtime":1698,"items_purged":[],"score":381,"play_id":"b5839d6f-25fd-4236-ac30-49b2d090f02c","local_time":"20191020223603","is_ascension_mode":true,"campfire_choices":[{"data":"Uppercut","floor":6.0,"key":"SMITH"},{"data":"Bash","floor":8.0,"key":"SMITH"},{"floor":11.0,"key":"REST"},{"floor":15.0,"key":"REST"},{"data":"Corruption","floor":23.0,"key":"SMITH"},{"floor":25,"key":"REST"}],"neow_cost":"NONE","seed_source_timestamp":0,"circlet_count":0,"master_deck":["AscendersBane","Strike_R","Strike_R","Strike_R","Strike_R","Strike_R","Defend_R","Defend_R","Defend_R","Defend_R","Bash+1","Feed","Dropkick","Uppercut+1","Carnage","Battle Trance+1","Feed","Shrug It Off","Iron Wave","Exhume","Battle Trance+1","Iron Wave","Corruption+1","Iron Wave","Sadistic Nature","Shrug It Off","Clash"],"special_seed":0,"relics":["Burning Blood","Bottled Lightning","White Beast Statue","Membership Card","Gremlin Horn"],"potions_floor_usage":[27,27],"damage_taken":[{"damage":10.0,"enemies":"2 Louse","floor":1.0,"turns":3.0},{"damage":1.0,"enemies":"Cultist","floor":3.0,"turns":4.0},{"damage":7.0,"enemies":"Jaw Worm","floor":4.0,"turns":2.0},{"damage":21.0,"enemies":"Exordium Wildlife","floor":7.0,"turns":6.0},{"damage":40.0,"enemies":"Gremlin Gang","floor":10.0,"turns":7.0},{"damage":16.0,"enemies":"Blue Slaver","floor":12.0,"turns":4.0},{"damage":3.0,"enemies":"Looter","floor":13.0,"turns":2.0},{"damage":12.0,"enemies":"Slime Boss","floor":16.0,"turns":6.0},{"damage":41.0,"enemies":"2 Thieves","floor":18.0,"turns":5.0},{"damage":9.0,"enemies":"3 Byrds","floor":20.0,"turns":5.0},{"damage":30.0,"enemies":"Snake Plant","floor":22.0,"turns":4.0},{"damage":46,"enemies":"Cultist and Chosen","floor":24,"turns":6},{"damage":46,"enemies":"Gremlin Leader","floor":27,"turns":9}],"seed_played":"-7395256518357509603","potions_obtained":[{"floor":3.0,"key":"Weak Potion"},{"floor":12.0,"key":"Strength Potion"},{"floor":13.0,"key":"Energy Potion"},{"floor":18.0,"key":"Fire Potion"},{"floor":20.0,"key":"SteroidPotion"},{"floor":22.0,"key":"Block Potion"},{"floor":24,"key":"EssenceOfSteel"}],"is_trial":false,"path_per_floor":["M","?","M","M","$","R","M","R","T","M","R","M","M","?","R","B",null,"M","?","M","$","M","R","M","R","T","E"],"character_chosen":"IRONCLAD","items_purchased":["Carnage","Membership Card","Corruption","Iron Wave","Sadistic Nature"],"campfire_rested":3,"item_purchase_floors":[5,21,21,21,21],"current_hp_per_floor":[71,76,84,86,86,86,74,74,74,43,71,64,70,59,89,89,103,68,68,68,68,47,47,10,44,44,0],"gold":96,"neow_bonus":"ONE_RANDOM_RARE_CARD","is_prod":false,"is_daily":false,"chose_seed":false,"campfire_upgraded":3,"win_rate":0,"timestamp":1571625363,"path_taken":["M","?","?","M","$","R","?","R","T","M","R","M","M","?","R","BOSS","M","?","M","$","M","R","M","R","T","E"],"build_version":"2019-07-17","purchased_purges":0,"victory":false,"max_hp_per_floor":[83,83,86,89,89,89,92,92,92,95,95,98,101,101,101,107,107,107,107,110,110,113,113,116,116,116,116],"card_choices":[{"not_picked":["Hemokinesis","Clash"],"picked":"Body Slam","floor":1.0},{"not_picked":["Heavy Blade","Anger"],"picked":"Dropkick","floor":3.0},{"not_picked":["Flex","Havoc"],"picked":"Uppercut","floor":4.0},{"not_picked":["Pommel Strike","Sword Boomerang"],"picked":"Battle Trance","floor":7.0},{"not_picked":["Shrug It Off","Pummel"],"picked":"Feed","floor":10.0},{"not_picked":["Pommel Strike","Havoc"],"picked":"Shrug It Off","floor":12.0},{"not_picked":["Pummel","Wild Strike"],"picked":"Iron Wave","floor":13.0},{"not_picked":["Dark Embrace","Fiend Fire"],"picked":"Exhume","floor":16.0},{"not_picked":["Anger","Warcry"],"picked":"Battle Trance+1","floor":18.0},{"not_picked":["Fire Breathing","Sword Boomerang"],"picked":"Iron Wave","floor":20.0},{"not_picked":["Blood for Blood","Twin Strike"],"picked":"Shrug It Off","floor":22.0},{"not_picked":["Flex","Disarm"],"picked":"Clash","floor":24}],"player_experience":738371,"relics_obtained":[{"floor":9.0,"key":"Bottled Lightning"},{"floor":26,"key":"Gremlin Horn"}],"event_choices":[{"cards_removed":["Body Slam"],"damage_healed":5.0,"max_hp_gain":0.0,"max_hp_loss":0.0,"gold_gain":0.0,"event_name":"Bonfire Elementals","player_choice":"Offered Common","floor":2.0,"gold_loss":0.0,"damage_taken":0.0},{"cards_removed":["Body Slam"],"damage_healed":5.0,"max_hp_gain":0.0,"max_hp_loss":0.0,"gold_gain":0.0,"event_name":"Bonfire Elementals","player_choice":"Offered Special","floor":2.0,"gold_loss":0.0,"damage_taken":0.0},{"damage_healed":0.0,"max_hp_gain":0.0,"max_hp_loss":0.0,"gold_gain":75.0,"event_name":"World of Goop","player_choice":"Gather Gold","floor":14.0,"gold_loss":0.0,"damage_taken":11.0},{"damage_healed":0.0,"max_hp_gain":0.0,"max_hp_loss":0.0,"gold_gain":0.0,"event_name":"Upgrade Shrine","player_choice":"Upgraded","floor":19.0,"gold_loss":0.0,"damage_taken":0.0,"cards_upgraded":["Battle Trance"]}],"is_beta":false,"boss_relics":[{"not_picked":["Coffee Dripper","Busted Crown"],"picked":"White Beast Statue"}],"items_purged_floors":[],"is_endless":false,"potions_floor_spawned":[3,12,13,18,20,22,24],"killed_by":"Gremlin Leader","ascension_level":12}