{"gold_per_floor":[111,111,131,131,146,146,163,163,215,69,87,105,105,105,105,105],"floor_reached":16,"playtime":378,"items_purged":[],"score":129,"play_id":"51ed6ba3-e9a0-4aee-ae2c-78b90ecc9f53","local_time":"20191020193005","is_ascension_mode":true,"campfire_choices":[{"data":"Armaments","floor":6,"key":"SMITH"},{"floor":8,"key":"REST"},{"floor":13,"key":"REST"},{"data":"Cleave","floor":15,"key":"SMITH"}],"neow_cost":"TEN_PERCENT_HP_LOSS","seed_source_timestamp":715766200469800,"circlet_count":0,"master_deck":["Strike_R","Strike_R","Strike_R","Defend_R","Defend_R","Defend_R","Defend_R","Bash","Armaments+1","Cleave+1"],"relics":["Burning Blood","GremlinMask","Regal Pillow","Blood Vial","Vajra"],"potions_floor_usage":[5,7],"damage_taken":[{"damage":12,"enemies":"Jaw Worm","floor":1,"turns":3},{"damage":6,"enemies":"Cultist","floor":3,"turns":3},{"damage":15,"enemies":"Small Slimes","floor":5,"turns":4},{"damage":13,"enemies":"Red Slaver","floor":7,"turns":4},{"damage":11,"enemies":"Blue Slaver","floor":11,"turns":3},{"damage":38,"enemies":"Large Slime","floor":12,"turns":7},{"damage":72,"enemies":"Hexaghost","floor":16,"turns":9}],"seed_played":"4452258151756529523","potions_obtained":[{"floor":3,"key":"Energy Potion"},{"floor":5,"key":"AttackPotion"}],"is_trial":false,"path_per_floor":["M","?","M","?","M","R","M","R","T","$","M","M","R","?","R","B"],"character_chosen":"IRONCLAD","items_purchased":["Vajra"],"campfire_rested":2,"item_purchase_floors":[10],"current_hp_per_floor":[66,66,66,59,50,50,43,72,72,72,67,37,72,72,72,0],"gold":105,"neow_bonus":"REMOVE_TWO","is_prod":false,"is_daily":false,"chose_seed":false,"campfire_upgraded":2,"win_rate":0,"timestamp":1571617805,"path_taken":["M","?","?","?","M","R","M","R","T","$","M","M","R","?","R","BOSS"],"build_version":"2019-07-17","purchased_purges":0,"victory":false,"max_hp_per_floor":[72,72,72,72,72,72,72,72,72,72,72,72,72,72,72,72],"card_choices":[{"not_picked":["True Grit","Warcry","Clothesline"],"picked":"SKIP","floor":1},{"not_picked":["Clothesline","Sword Boomerang","Headbutt"],"picked":"SKIP","floor":3},{"not_picked":["Shrug It Off","Rage"],"picked":"Armaments","floor":5},{"not_picked":["Warcry","Dark Embrace","Flex"],"picked":"SKIP","floor":7},{"not_picked":["Clothesline","Armaments","True Grit"],"picked":"SKIP","floor":11},{"not_picked":["Bloodletting","Burning Pact"],"picked":"Cleave","floor":12}],"player_experience":320165,"relics_obtained":[{"floor":9,"key":"Blood Vial"}],"event_choices":[{"damage_healed":0,"gold_gain":0,"player_choice":"Trade","damage_taken":0,"relics_obtained":["GremlinMask"],"max_hp_gain":0,"max_hp_loss":0,"event_name":"FaceTrader","floor":2,"gold_loss":0},{"damage_healed":0,"gold_gain":0,"player_choice":"Success","damage_taken":7,"relics_obtained":["Regal Pillow"],"max_hp_gain":0,"max_hp_loss":0,"event_name":"Scrap Ooze","floor":4,"gold_loss":0},{"damage_healed":0,"gold_gain":0,"player_choice":"Full Heal","damage_taken":0,"max_hp_gain":0,"max_hp_loss":0,"event_name":"Wheel of Change","floor":14,"gold_loss":0}],"is_beta":false,"boss_relics":[],"items_purged_floors":[],"is_endless":false,"potions_floor_spawned":[3,5],"killed_by":"Hexaghost","ascension_level":8}