{"gold_per_floor":[110,110,35,35,0,28,28,55,55,55,87,87,98,127,127,223,223,241,5,104,123,142,142,158,158,207,58,58,68,88,28,28,128,128,145,163,174,174],"floor_reached":38,"playtime":967,"items_purged":["Strike_R","Defend_R"],"score":635,"play_id":"3a93bc94-959e-4424-b600-04d221319f91","local_time":"20190813022444","is_ascension_mode":true,"campfire_choices":[{"data":"Cleave","floor":7,"key":"SMITH"},{"data":"Strike_R","floor":10,"key":"SMITH"},{"floor":12,"key":"REST"},{"data":"Strike_R","floor":15,"key":"SMITH"},{"floor":23,"key":"REST"},{"data":"1","floor":25,"key":"LIFT"},{"floor":32,"key":"REST"}],"neow_cost":"NONE","seed_source_timestamp":170992574049907,"circlet_count":0,"master_deck":["Strike_R+1","Strike_R+1","Strike_R","Defend_R","Defend_R+1","Bash+1","Cleave+1","Demon Form","Heavy Blade","Spot Weakness","Spot Weakness"],"relics":["Burning Blood","NeowsBlessing","Strawberry","The Courier","Singing Bowl","Oddly Smooth Stone","Ancient Tea Set","Busted Crown","Girya","Red Skull","Cursed Key"],"potions_floor_usage":[14,16,21,22,29,29,33,33,36],"damage_taken":[{"damage":0,"enemies":"Small Slimes","floor":1,"turns":1},{"damage":0,"enemies":"Gremlin Nob","floor":6,"turns":1},{"damage":0,"enemies":"3 Sentries","floor":8,"turns":1},{"damage":32,"enemies":"Lagavulin","floor":11,"turns":5},{"damage":0,"enemies":"Jaw Worm","floor":13,"turns":3},{"damage":17,"enemies":"3 Sentries","floor":14,"turns":8},{"damage":30,"enemies":"Slime Boss","floor":16,"turns":9},{"damage":19,"enemies":"Shell Parasite","floor":18,"turns":6},{"damage":12,"enemies":"3 Byrds","floor":21,"turns":5},{"damage":39,"enemies":"Snake Plant","floor":22,"turns":4},{"damage":23,"enemies":"Centurion and Healer","floor":24,"turns":4},{"damage":7,"enemies":"Shelled Parasite and Fungi","floor":29,"turns":3},{"damage":22,"enemies":"Snecko","floor":30,"turns":4},{"damage":68,"enemies":"Collector","floor":33,"turns":6},{"damage":11,"enemies":"Orb Walker","floor":35,"turns":2},{"damage":24,"enemies":"3 Shapes","floor":36,"turns":2},{"damage":27,"enemies":"Spire Growth","floor":37,"turns":4},{"damage":45,"enemies":"Writhing Mass","floor":38,"turns":2}],"seed_played":"4780372228645304503","potions_obtained":[{"floor":8,"key":"FairyPotion"},{"floor":11,"key":"Block Potion"},{"floor":13,"key":"Energy Potion"},{"floor":16,"key":"GamblersBrew"},{"floor":18,"key":"EssenceOfSteel"},{"floor":21,"key":"EssenceOfSteel"},{"floor":29,"key":"EssenceOfSteel"},{"floor":33,"key":"Explosive Potion"}],"is_trial":false,"path_per_floor":["M","?","$","?","?","E","R","E","T","R","E","R","M","E","R","B",null,"M","$","?","M","M","R","M","R","T","$","?","M","M","$","R","B",null,"M","M","M","M"],"character_chosen":"IRONCLAD","items_purchased":["Girya","Spot Weakness","Block Potion","EssenceOfSteel"],"campfire_rested":3,"item_purchase_floors":[19,27,27,31],"current_hp_per_floor":[78,62,62,55,75,87,87,87,87,87,63,89,91,82,82,58,84,73,73,73,69,38,67,50,50,50,50,50,51,37,37,67,18,83,80,64,43,0],"gold":174,"neow_bonus":"THREE_ENEMY_KILL","is_prod":false,"is_daily":false,"chose_seed":false,"campfire_upgraded":3,"win_rate":0,"timestamp":1565681084,"path_taken":["M","?","$","?","?","E","R","E","T","R","E","R","M","E","R","BOSS","M","$","?","M","M","R","M","R","T","$","?","M","M","$","R","BOSS","M","M","M","M"],"build_version":"2019-07-17","purchased_purges":2,"victory":false,"max_hp_per_floor":[80,80,80,80,80,87,87,87,87,87,89,89,91,93,93,93,93,95,95,95,97,99,99,99,99,99,99,99,101,103,103,103,105,105,107,109,109,109],"card_choices":[{"not_picked":["Flex","Thunderclap"],"picked":"Cleave","floor":1},{"not_picked":["Havoc","Clash","Carnage"],"picked":"SKIP","floor":6},{"not_picked":["Rage","Rupture","Ghostly Armor"],"picked":"SKIP","floor":8},{"not_picked":["Metallicize","Entrench","Burning Pact"],"picked":"Singing Bowl","floor":11},{"not_picked":["Warcry","Reckless Charge","Clothesline"],"picked":"Singing Bowl","floor":13},{"not_picked":["Searing Blow","Thunderclap","Heavy Blade"],"picked":"Singing Bowl","floor":14},{"not_picked":["Offering","Immolate"],"picked":"Demon Form","floor":16},{"not_picked":["Body Slam+1"],"picked":"Singing Bowl","floor":18},{"not_picked":["Rage"],"picked":"Singing Bowl","floor":21},{"not_picked":["Corruption+1"],"picked":"Singing Bowl","floor":22},{"not_picked":[],"picked":"Heavy Blade","floor":24},{"not_picked":["Combust"],"picked":"Singing Bowl","floor":29},{"not_picked":["Fire Breathing"],"picked":"Singing Bowl","floor":30},{"not_picked":["Reaper"],"picked":"Singing Bowl","floor":33},{"not_picked":["Clash+1"],"picked":"Singing Bowl","floor":35},{"not_picked":["Dropkick+1"],"picked":"Singing Bowl","floor":36},{"not_picked":[],"picked":"Spot Weakness","floor":37}],"player_experience":291367,"relics_obtained":[{"floor":6,"key":"Strawberry"},{"floor":8,"key":"The Courier"},{"floor":9,"key":"Singing Bowl"},{"floor":11,"key":"Oddly Smooth Stone"},{"floor":14,"key":"Ancient Tea Set"},{"floor":26,"key":"Red Skull"}],"event_choices":[{"damage_healed":0,"gold_gain":0,"player_choice":"Entered Light","damage_taken":16,"max_hp_gain":0,"max_hp_loss":0,"event_name":"Shining Light","floor":2,"gold_loss":0,"cards_upgraded":["Defend_R","Bash"]},{"cards_removed":["Strike_R"],"damage_healed":0,"gold_gain":0,"player_choice":"Card Removal","damage_taken":7,"max_hp_gain":0,"max_hp_loss":0,"event_name":"Golden Wing","floor":4,"gold_loss":0},{"damage_healed":20,"gold_gain":0,"player_choice":"Healed","damage_taken":0,"max_hp_gain":0,"max_hp_loss":0,"event_name":"The Cleric","floor":5,"gold_loss":35},{"damage_healed":0,"gold_gain":99,"player_choice":"Stole From Cult","damage_taken":0,"max_hp_gain":0,"max_hp_loss":0,"event_name":"Nest","floor":20,"gold_loss":0},{"cards_removed":["Defend_R"],"damage_healed":0,"gold_gain":0,"player_choice":"Elegance","damage_taken":0,"max_hp_gain":0,"max_hp_loss":0,"event_name":"Back to Basics","floor":28,"gold_loss":0}],"is_beta":false,"boss_relics":[{"not_picked":["Coffee Dripper","Snecko Eye"],"picked":"Busted Crown"},{"not_picked":["Sozu","Pandora\u0027s Box"],"picked":"Cursed Key"}],"items_purged_floors":[3,27],"is_endless":false,"potions_floor_spawned":[8,11,13,16,18,21,29,33],"killed_by":"Writhing Mass","ascension_level":7}