{"gold_per_floor":[111,111,124,136,11,45,45,75,75,108,108,140,151,4,4,100,100,113,113,129,129,143,143,143],"floor_reached":24,"playtime":1119,"items_purged":["Strike_G"],"score":214,"play_id":"729d07e0-84f5-4915-81bd-ea91e853fd21","local_time":"20190503230448","is_ascension_mode":false,"campfire_choices":[{"data":"Blade Dance","floor":7.0,"key":"SMITH"},{"floor":15.0,"key":"REST"},{"floor":23.0,"key":"REST"}],"neow_cost":"NONE","seed_source_timestamp":1381290443788300,"circlet_count":0,"master_deck":["Defend_G","Defend_G","Defend_G","Defend_G","Defend_G","Strike_G+1","Strike_G","Strike_G","Survivor","Neutralize+1","Glass Knife","Infinite Blades","Skewer","Infinite Blades","Blade Dance+1","Blade Dance+1","Escape Plan","Blade Dance","Choke","Phantasmal Killer","Burst","Slice","Prepared","RitualDagger","Sucker Punch"],"special_seed":0,"relics":["Ring of the Serpent","Kunai","Odd Mushroom","Juzu Bracelet","Happy Flower","Blood Vial"],"potions_floor_usage":[],"damage_taken":[{"damage":4.0,"enemies":"Jaw Worm","floor":1.0,"turns":4.0},{"damage":0.0,"enemies":"Small Slimes","floor":3.0,"turns":3.0},{"damage":0.0,"enemies":"2 Louse","floor":4.0,"turns":3.0},{"damage":14.0,"enemies":"Gremlin Nob","floor":6.0,"turns":4.0},{"damage":8.0,"enemies":"The Mushroom Lair","floor":8.0,"turns":4.0},{"damage":11.0,"enemies":"3 Sentries","floor":10.0,"turns":6.0},{"damage":19.0,"enemies":"Gremlin Nob","floor":12.0,"turns":4.0},{"damage":0.0,"enemies":"Blue Slaver","floor":13.0,"turns":3.0},{"damage":23.0,"enemies":"Hexaghost","floor":16.0,"turns":8.0},{"damage":11.0,"enemies":"Spheric Guardian","floor":18.0,"turns":5.0},{"damage":5.0,"enemies":"Shell Parasite","floor":20.0,"turns":2.0},{"damage":30.0,"enemies":"Sentry and Sphere","floor":22.0,"turns":9.0},{"damage":55,"enemies":"Slavers","floor":24,"turns":4}],"seed_played":"7324639718717634137","potions_obtained":[{"floor":1.0,"key":"GamblersBrew"},{"floor":3.0,"key":"GamblersBrew"},{"floor":8.0,"key":"Regen Potion"},{"floor":13.0,"key":"Energy Potion"},{"floor":16.0,"key":"GamblersBrew"},{"floor":18.0,"key":"Energy Potion"}],"is_trial":false,"path_per_floor":["M","?","M","M","$","E","R","?","T","E","?","E","M","$","R","B",null,"M","?","M","?","M","R","E"],"character_chosen":"THE_SILENT","items_purchased":["Blade Dance","Choke","Phantasmal Killer"],"campfire_rested":2,"item_purchase_floors":[5,14,14],"current_hp_per_floor":[66,52,52,52,52,38,38,30,30,34,34,15,17,17,38,17,70,59,59,56,50,22,43,0],"gold":143,"neow_bonus":"TRANSFORM_CARD","is_prod":false,"is_daily":false,"chose_seed":false,"campfire_upgraded":1,"win_rate":0.0,"timestamp":1556917488,"path_taken":["M","?","M","M","$","E","R","?","T","E","?","E","M","?","R","BOSS","M","?","M","?","M","R","E"],"build_version":"2019-04-23","purchased_purges":1,"victory":false,"max_hp_per_floor":[70,70,70,70,70,70,70,70,70,70,70,70,70,70,70,70,70,70,70,70,70,70,70,70],"card_choices":[{"not_picked":["Catalyst","Endless Agony"],"picked":"Infinite Blades","floor":1.0},{"not_picked":["Poisoned Stab","Predator"],"picked":"Skewer","floor":3.0},{"not_picked":["Poisoned Stab","Dash"],"picked":"Infinite Blades","floor":4.0},{"not_picked":["Dagger Spray","Skewer"],"picked":"Blade Dance","floor":6.0},{"not_picked":["Flying Knee","Dash"],"picked":"Escape Plan","floor":8.0},{"not_picked":["Acrobatics","Flechettes","Flying Knee"],"picked":"SKIP","floor":10.0},{"not_picked":["Tactician","Predator","Deadly Poison"],"picked":"SKIP","floor":12.0},{"not_picked":["Bouncing Flask","PiercingWail"],"picked":"Blade Dance","floor":13.0},{"not_picked":["Unload","Glass Knife"],"picked":"Burst","floor":16.0},{"not_picked":["Skewer","Underhanded Strike+1","Sucker Punch"],"picked":"SKIP","floor":18.0},{"not_picked":["Eviscerate+1","Flying Knee"],"picked":"Prepared","floor":20.0},{"not_picked":["Poisoned Stab","Deadly Poison"],"picked":"Sucker Punch","floor":22.0}],"player_experience":35000,"relics_obtained":[{"floor":6.0,"key":"Kunai"},{"floor":8.0,"key":"Odd Mushroom"},{"floor":9.0,"key":"Juzu Bracelet"},{"floor":10.0,"key":"Happy Flower"},{"floor":12.0,"key":"Blood Vial"}],"event_choices":[{"damage_healed":0.0,"max_hp_gain":0.0,"max_hp_loss":0.0,"gold_gain":0.0,"event_name":"Shining Light","player_choice":"Entered Light","floor":2.0,"gold_loss":0.0,"damage_taken":14.0,"cards_upgraded":["Strike_G","Neutralize"]},{"damage_healed":0.0,"max_hp_gain":0.0,"max_hp_loss":0.0,"gold_gain":0.0,"event_name":"Mushrooms","player_choice":"Fought Mushrooms","floor":8.0,"gold_loss":0.0,"damage_taken":0.0},{"damage_healed":0.0,"max_hp_gain":0.0,"max_hp_loss":0.0,"gold_gain":0.0,"event_name":"Living Wall","player_choice":"Grow","floor":11.0,"gold_loss":0.0,"damage_taken":0.0,"cards_upgraded":["Blade Dance"]},{"damage_healed":0.0,"max_hp_gain":0.0,"max_hp_loss":0.0,"gold_gain":0.0,"event_name":"The Library","player_choice":"Read","floor":19.0,"gold_loss":0.0,"damage_taken":0.0,"cards_obtained":["Slice"]},{"damage_healed":0.0,"max_hp_gain":0.0,"max_hp_loss":0.0,"gold_gain":0.0,"event_name":"Nest","player_choice":"Joined the Cult","floor":21.0,"gold_loss":0.0,"damage_taken":6.0,"cards_obtained":["RitualDagger"]}],"is_beta":true,"boss_relics":[{"not_picked":["Astrolabe","Velvet Choker"],"picked":"Ring of the Serpent"}],"items_purged_floors":[5],"is_endless":false,"potions_floor_spawned":[1,3,8,13,16,18],"killed_by":"Slavers","ascension_level":0}