{"gold_per_floor":[212,162,67,67,78,109,284,284,284,319,319,339,351,378,378,478,478,491,491,491,506,89,114,114,133,181,181,181],"floor_reached":28,"playtime":1677,"items_purged":["Strike_B"],"score":292,"play_id":"4eab54ef-b33e-45f3-a667-7bea38d21a85","local_time":"20190807225223","is_ascension_mode":true,"campfire_choices":[{"floor":11,"key":"REST"},{"floor":15,"key":"REST"},{"floor":24,"key":"REST"},{"floor":27,"key":"REST"}],"neow_cost":"NONE","seed_source_timestamp":2101651265419600,"circlet_count":0,"master_deck":["Strike_B","Strike_B","Defend_B","Defend_B","Defend_B","Defend_B","Zap","Dualcast+1","Rip and Tear","Conserve Battery+1","Genetic Algorithm","Go for the Eyes","Rebound","Steam+1","Leap+1","Fission+1","Hologram+1","Echo Form","Rebound","Leap+1","Enlightenment+1","Beam Cell","Sweeping Beam","Streamline"],"relics":["Cracked Core","Omamori","Toxic Egg 2","Bottled Flame","FossilizedHelix","Smiling Mask","Sozu","Enchiridion","NlothsMask","Gremlin Horn","Cables"],"potions_floor_usage":[23,28],"damage_taken":[{"damage":5,"enemies":"Small Slimes","floor":1,"turns":5},{"damage":0,"enemies":"Cultist","floor":5,"turns":3},{"damage":27,"enemies":"3 Sentries","floor":6,"turns":8},{"damage":26,"enemies":"Gremlin Nob","floor":10,"turns":4},{"damage":0,"enemies":"Jaw Worm","floor":12,"turns":2},{"damage":5,"enemies":"Gremlin Gang","floor":13,"turns":5},{"damage":5,"enemies":"Lagavulin","floor":14,"turns":9},{"damage":22,"enemies":"Slime Boss","floor":16,"turns":14},{"damage":5,"enemies":"2 Thieves","floor":18,"turns":5},{"damage":0,"enemies":"3 Byrds","floor":21,"turns":7},{"damage":42,"enemies":"Book of Stabbing","floor":23,"turns":7},{"damage":18,"enemies":"3 Cultists","floor":25,"turns":6},{"damage":38,"enemies":"Gremlin Leader","floor":28,"turns":9}],"seed_played":"2183151388502991713","potions_obtained":[{"floor":1,"key":"Ancient Potion"},{"floor":5,"key":"Ancient Potion"},{"floor":12,"key":"FocusPotion"}],"is_trial":false,"path_per_floor":["M","?","$","?","M","E","?","?","T","E","R","M","M","E","R","B",null,"M","?","?","M","$","E","R","M","T","R","E"],"character_chosen":"DEFECT","items_purchased":["Conserve Battery","Genetic Algorithm","Gremlin Horn","Enlightenment+1","Beam Cell"],"campfire_rested":4,"item_purchase_floors":[3,3,22,22,22],"current_hp_per_floor":[70,70,70,70,70,43,43,28,28,2,24,24,19,14,36,14,75,70,54,54,54,54,12,34,16,16,38,0],"gold":181,"neow_bonus":"HUNDRED_GOLD","is_prod":false,"is_daily":false,"chose_seed":false,"campfire_upgraded":0,"win_rate":0,"timestamp":1565211143,"path_taken":["M","?","$","?","?","E","?","?","T","E","R","M","M","E","R","BOSS","M","?","?","M","$","E","R","?","T","R","E"],"build_version":"2019-07-18","purchased_purges":1,"victory":false,"max_hp_per_floor":[75,75,75,75,75,75,75,75,75,75,75,75,75,75,75,75,75,75,75,75,75,75,75,75,75,75,75,75],"card_choices":[{"not_picked":["Hologram","Steam"],"picked":"Rip and Tear","floor":1},{"not_picked":["Turbo","Beam Cell"],"picked":"Go for the Eyes","floor":5},{"not_picked":["Hologram","Redo"],"picked":"Rebound","floor":6},{"not_picked":["Heatsinks","Recycle+1"],"picked":"Steam+1","floor":10},{"not_picked":["Redo+1","Sweeping Beam"],"picked":"Leap+1","floor":12},{"not_picked":["Barrage","Steam Power+1"],"picked":"Fission+1","floor":13},{"not_picked":["Capacitor","Reprogram+1"],"picked":"Hologram+1","floor":14},{"not_picked":["Fission+1","Seek+1"],"picked":"Echo Form","floor":16},{"not_picked":["Beam Cell","Barrage"],"picked":"Rebound","floor":18},{"not_picked":["Capacitor","Cold Snap"],"picked":"Leap+1","floor":21},{"not_picked":["White Noise+1","Redo+1"],"picked":"Sweeping Beam","floor":23},{"not_picked":["Beam Cell+1","Biased Cognition"],"picked":"Streamline","floor":25}],"player_experience":137406,"relics_obtained":[{"floor":6,"key":"Toxic Egg 2"},{"floor":9,"key":"Bottled Flame"},{"floor":10,"key":"FossilizedHelix"},{"floor":14,"key":"Smiling Mask"},{"floor":19,"key":"Enchiridion"},{"floor":23,"key":"Cables"}],"event_choices":[{"cards_removed":["Strike_B"],"damage_healed":0,"gold_gain":0,"player_choice":"Card Removal","damage_taken":0,"max_hp_gain":0,"max_hp_loss":0,"event_name":"The Cleric","floor":2,"gold_loss":50},{"damage_healed":0,"gold_gain":0,"player_choice":"Gave Potion","damage_taken":0,"relics_obtained":["Omamori"],"max_hp_gain":0,"max_hp_loss":0,"event_name":"WeMeetAgain","floor":4,"gold_loss":0},{"damage_healed":0,"gold_gain":175,"player_choice":"AGREE","damage_taken":0,"max_hp_gain":0,"max_hp_loss":0,"event_name":"Liars Game","floor":7,"gold_loss":0,"cards_obtained":["Doubt"]},{"damage_healed":0,"gold_gain":0,"player_choice":"Entered Light","damage_taken":15,"max_hp_gain":0,"max_hp_loss":0,"event_name":"Shining Light","floor":8,"gold_loss":0,"cards_upgraded":["Dualcast","Conserve Battery"]},{"damage_healed":0,"gold_gain":0,"player_choice":"Obtained Book","damage_taken":16,"max_hp_gain":0,"max_hp_loss":0,"event_name":"Cursed Tome","floor":19,"gold_loss":0},{"damage_healed":0,"gold_gain":0,"player_choice":"Trade","damage_taken":0,"relics_obtained":["NlothsMask"],"max_hp_gain":0,"max_hp_loss":0,"event_name":"FaceTrader","floor":20,"gold_loss":0}],"is_beta":true,"boss_relics":[{"not_picked":["Runic Dome","Inserter"],"picked":"Sozu"}],"items_purged_floors":[22],"is_endless":false,"potions_floor_spawned":[1,5,12,21,25],"killed_by":"Gremlin Leader","ascension_level":3}