{"gold_per_floor":[110,110,125,135,150,182,182,217,241,263,288,334,346,374,386,493,555,585,17,17,17,31,31,56,72,96,14,0,0,20,37,37,133,133,146,146,161,171,78,78,78,78,78,78,98,24,42,56,56,56],"floor_reached":50,"playtime":2732,"items_purged":["Defend_R"],"score":511,"play_id":"d132bc8c-4aa5-4698-9d8a-5dd5df3bd209","local_time":"20190502222310","is_ascension_mode":false,"campfire_choices":[{"floor":7,"key":"REST"},{"data":"Juggernaut","floor":15,"key":"SMITH"},{"data":"RitualDagger","floor":23,"key":"SMITH"},{"floor":32,"key":"REST"},{"data":"Juggernaut","floor":40,"key":"SMITH"},{"data":"Juggernaut","floor":42,"key":"SMITH"},{"data":"Flame Barrier","floor":44,"key":"SMITH"},{"data":"Carnage","floor":49,"key":"SMITH"}],"neow_cost":"NONE","seed_source_timestamp":1290849188043600,"circlet_count":0,"master_deck":["Strike_R+1","Strike_R+1","Strike_R","Defend_R","Defend_R+1","Defend_R","Bash","Pommel Strike","Headbutt","Rage+1","Iron Wave","Juggernaut+1","Flame Barrier+1","Anger","Shrug It Off+1","Inflame","Juggernaut+1","Flame Barrier","Shrug It Off","Finesse+1","RitualDagger+1","Necronomicurse","Disarm+1","Uppercut+1","Shrug It Off+1","Enlightenment+1","Carnage+1","Inflame","Juggernaut+1","Ghostly Armor+1","Trip+1","Chrysalis+1","Dramatic Entrance","Cleave+1","Parasite","Inflame+1","Armaments+1","Flame Barrier+1","Whirlwind+1","Reaper","Heavy Blade","Uppercut+1"],"relics":["Burning Blood","PreservedInsect","Bronze Scales","MawBank","Whetstone","Tiny House","Toxic Egg 2","Blood Vial","Necronomicon","Lantern","War Paint","Eternal Feather","Potion Belt"],"potions_floor_usage":[12,18,24,33,38,47,50,50],"damage_taken":[{"damage":8,"enemies":"Cultist","floor":1,"turns":5},{"damage":5,"enemies":"Small Slimes","floor":3,"turns":4},{"damage":3,"enemies":"Jaw Worm","floor":4,"turns":3},{"damage":6,"enemies":"3 Louse","floor":5,"turns":3},{"damage":30,"enemies":"3 Sentries","floor":6,"turns":8},{"damage":9,"enemies":"Lagavulin","floor":8,"turns":6},{"damage":11,"enemies":"Large Slime","floor":10,"turns":7},{"damage":0,"enemies":"2 Fungi Beasts","floor":11,"turns":3},{"damage":20,"enemies":"3 Sentries","floor":12,"turns":6},{"damage":3,"enemies":"Exordium Wildlife","floor":14,"turns":5},{"damage":19,"enemies":"Hexaghost","floor":16,"turns":9},{"damage":14,"enemies":"Spheric Guardian","floor":18,"turns":5},{"damage":12,"enemies":"2 Thieves","floor":22,"turns":4},{"damage":33,"enemies":"Slavers","floor":24,"turns":5},{"damage":12,"enemies":"Centurion and Healer","floor":25,"turns":6},{"damage":10,"enemies":"Chosen and Byrds","floor":30,"turns":5},{"damage":1,"enemies":"Snake Plant","floor":31,"turns":4},{"damage":51,"enemies":"Collector","floor":33,"turns":12},{"damage":11,"enemies":"Orb Walker","floor":35,"turns":2},{"damage":18,"enemies":"3 Darklings","floor":37,"turns":8},{"damage":17,"enemies":"Writhing Mass","floor":38,"turns":7},{"damage":18,"enemies":"Maw","floor":45,"turns":8},{"damage":19,"enemies":"Spire Growth","floor":47,"turns":5},{"damage":9,"enemies":"Transient","floor":48,"turns":5},{"damage":109,"enemies":"Time Eater","floor":50,"turns":10}],"seed_played":"1090682442607073813","potions_obtained":[{"floor":3,"key":"Swift Potion"},{"floor":5,"key":"Dexterity Potion"},{"floor":6,"key":"Ancient Potion"},{"floor":16,"key":"FearPotion"},{"floor":17,"key":"Block Potion"},{"floor":18,"key":"Fruit Juice"},{"floor":24,"key":"Regen Potion"},{"floor":37,"key":"SkillPotion"},{"floor":45,"key":"Energy Potion"},{"floor":47,"key":"SkillPotion"},{"floor":48,"key":"AttackPotion"}],"is_trial":false,"path_per_floor":["M","?","M","M","M","E","R","E","T","M","M","E","$","M","R","B",null,"M","$","?","?","M","R","E","M","T","$","?","?","M","M","R","B",null,"M","?","M","M","$","R","?","R","T","R","M","$","M","M","R","B"],"character_chosen":"IRONCLAD","items_purchased":["Toxic Egg 2","Blood Vial","Finesse+1","Enlightenment+1","Armaments+1","Flame Barrier+1","Reaper"],"campfire_rested":2,"item_purchase_floors":[19,19,19,27,39,39,46],"current_hp_per_floor":[78,78,79,80,80,56,80,77,77,72,78,64,64,67,67,54,85,82,82,76,60,56,56,31,27,27,27,27,27,25,32,59,30,90,85,75,65,56,56,77,77,85,85,85,73,73,62,79,85,0],"gold":56,"neow_bonus":"TRANSFORM_CARD","is_prod":false,"is_daily":false,"chose_seed":false,"campfire_upgraded":6,"win_rate":0.0,"timestamp":1556828590,"path_taken":["M","?","?","M","M","E","R","E","T","M","M","E","$","M","R","BOSS","M","$","?","?","M","R","E","M","T","$","?","?","M","M","R","BOSS","M","?","M","M","$","R","?","R","T","R","M","?","?","?","R","BOSS"],"build_version":"2019-04-23","purchased_purges":1,"victory":false,"max_hp_per_floor":[80,80,80,80,80,80,80,80,80,80,80,80,80,80,80,80,85,90,90,90,90,90,90,90,90,90,90,90,90,90,90,90,90,90,90,90,90,90,90,90,85,85,85,85,85,85,85,85,85,85],"card_choices":[{"not_picked":["Sword Boomerang","Perfected Strike"],"picked":"Headbutt","floor":1},{"not_picked":["Heavy Blade","Sword Boomerang"],"picked":"Rage","floor":3},{"not_picked":["Shockwave","Heavy Blade"],"picked":"Iron Wave","floor":4},{"not_picked":["Pommel Strike","Anger"],"picked":"Juggernaut","floor":5},{"not_picked":["Combust","Power Through"],"picked":"Flame Barrier","floor":6},{"not_picked":["Combust","Uppercut","Twin Strike"],"picked":"SKIP","floor":8},{"not_picked":["Disarm","Dropkick"],"picked":"Anger","floor":10},{"not_picked":["Anger","Headbutt"],"picked":"Shrug It Off","floor":11},{"not_picked":["Body Slam","Cleave"],"picked":"Inflame","floor":12},{"not_picked":["Rupture","Anger","Fiend Fire"],"picked":"SKIP","floor":14},{"not_picked":["Dark Embrace","Offering"],"picked":"Juggernaut","floor":16},{"not_picked":["Uppercut","True Grit"],"picked":"Flame Barrier","floor":17},{"not_picked":["Sword Boomerang","Perfected Strike+1"],"picked":"Shrug It Off","floor":18},{"not_picked":["Pommel Strike+1","Anger"],"picked":"Disarm+1","floor":22},{"not_picked":["Burning Pact+1","Second Wind+1"],"picked":"Uppercut+1","floor":24},{"not_picked":["Pommel Strike","Twin Strike"],"picked":"Shrug It Off+1","floor":25},{"not_picked":["Pommel Strike","Clash"],"picked":"Carnage","floor":30},{"not_picked":["Clothesline","Perfected Strike+1"],"picked":"Inflame","floor":31},{"not_picked":["Brutality","Impervious+1"],"picked":"Juggernaut","floor":33},{"not_picked":["Rage+1","Anger+1"],"picked":"Ghostly Armor+1","floor":35},{"not_picked":["Sadistic Nature","Panache"],"picked":"Trip+1","floor":36},{"not_picked":["Enlightenment+1","Swift Strike"],"picked":"Chrysalis+1","floor":36},{"not_picked":["Purity+1","PanicButton+1"],"picked":"Dramatic Entrance","floor":36},{"not_picked":["Heavy Blade","Second Wind+1"],"picked":"Cleave+1","floor":37},{"not_picked":["Perfected Strike","Warcry+1"],"picked":"Inflame+1","floor":38},{"not_picked":["Dual Wield+1","Second Wind+1"],"picked":"Whirlwind+1","floor":45},{"not_picked":["Combust+1","Anger"],"picked":"Heavy Blade","floor":47},{"not_picked":["Thunderclap+1","Iron Wave+1"],"picked":"Uppercut+1","floor":48}],"player_experience":12804,"relics_obtained":[{"floor":6,"key":"PreservedInsect"},{"floor":8,"key":"Bronze Scales"},{"floor":9,"key":"MawBank"},{"floor":12,"key":"Whetstone"},{"floor":21,"key":"Necronomicon"},{"floor":24,"key":"Lantern"},{"floor":26,"key":"War Paint"},{"floor":43,"key":"Potion Belt"}],"event_choices":[{"cards_removed":["Strike_R"],"damage_healed":0,"gold_gain":0,"player_choice":"Purged","damage_taken":0,"max_hp_gain":0,"max_hp_loss":0,"event_name":"Purifier","floor":2,"gold_loss":0},{"damage_healed":0,"gold_gain":0,"player_choice":"Joined the Cult","damage_taken":6,"max_hp_gain":0,"max_hp_loss":0,"event_name":"Nest","floor":20,"gold_loss":0,"cards_obtained":["RitualDagger"]},{"damage_healed":0,"gold_gain":0,"player_choice":"Obtained Book","damage_taken":16,"max_hp_gain":0,"max_hp_loss":0,"event_name":"Cursed Tome","floor":21,"gold_loss":0},{"damage_healed":0,"gold_gain":0,"player_choice":"Paid Fearfully","damage_taken":0,"max_hp_gain":0,"max_hp_loss":0,"event_name":"Masked Bandits","floor":28,"gold_loss":14},{"damage_healed":0,"gold_gain":0,"player_choice":"Ignored","damage_taken":0,"max_hp_gain":0,"max_hp_loss":0,"event_name":"Beggar","floor":29,"gold_loss":0},{"damage_healed":0,"gold_gain":0,"player_choice":"Memory 3","damage_taken":10,"max_hp_gain":0,"max_hp_loss":0,"event_name":"SensoryStone","floor":36,"gold_loss":0},{"damage_healed":0,"gold_gain":0,"player_choice":"Max HP","damage_taken":0,"max_hp_gain":0,"max_hp_loss":5,"event_name":"Winding Halls","floor":41,"gold_loss":0}],"is_beta":true,"boss_relics":[{"not_picked":["Velvet Choker","Runic Cube"],"picked":"Tiny House"},{"not_picked":["Runic Dome","Runic Pyramid"],"picked":"Eternal Feather"}],"items_purged_floors":[19],"is_endless":false,"potions_floor_spawned":[3,5,6,10,16,18,24,37,45,47,48],"killed_by":"Time Eater","ascension_level":0}