{"gold_per_floor":[109,109,125,125,145,173,173,14,14,14,14,48,48,64,64,64],"floor_reached":16,"playtime":727,"items_purged":["Strike_G"],"score":216,"play_id":"07f49f01-b6b7-40ed-85a2-4c3cc9a39950","local_time":"20190629042937","is_ascension_mode":true,"campfire_choices":[{"data":"Dash","floor":7.0,"key":"SMITH"},{"floor":11.0,"key":"REST"},{"floor":15.0,"key":"REST"}],"neow_cost":"NONE","seed_source_timestamp":803891317223300,"circlet_count":0,"master_deck":["AscendersBane","Defend_G","Defend_G","Defend_G","Defend_G","Defend_G","Strike_G","Strike_G","Strike_G","Strike_G","Survivor","Neutralize","Corpse Explosion","Cloak And Dagger","Dash+1","Poisoned Stab","Terror","Bullet Time","Flying Knee","PiercingWail","Deflect"],"special_seed":0,"relics":["Ring of the Snake","Dream Catcher","Potion Belt","Mummified Hand","Gambling Chip"],"potions_floor_usage":[16,16],"damage_taken":[{"damage":9.0,"enemies":"Cultist","floor":1.0,"turns":5.0},{"damage":1.0,"enemies":"2 Louse","floor":3.0,"turns":2.0},{"damage":0.0,"enemies":"Jaw Worm","floor":5.0,"turns":5.0},{"damage":20.0,"enemies":"3 Sentries","floor":6.0,"turns":4.0},{"damage":36.0,"enemies":"Gremlin Nob","floor":12.0,"turns":5.0},{"damage":0.0,"enemies":"Looter","floor":14.0,"turns":3.0},{"damage":27,"enemies":"The Guardian","floor":16,"turns":10}],"seed_played":"3870037776414926657","potions_obtained":[{"floor":1.0,"key":"SpeedPotion"},{"floor":12.0,"key":"Energy Potion"},{"floor":14.0,"key":"Fruit Juice"}],"is_trial":false,"path_per_floor":["M","T","M","?","M","E","R","$","T","$","R","E","$","M","R","B"],"character_chosen":"THE_SILENT","items_purchased":["Terror"],"campfire_rested":2,"item_purchase_floors":[8],"current_hp_per_floor":[50,50,49,40,40,20,20,20,20,20,39,3,3,3,22,0],"gold":64,"neow_bonus":"ONE_RANDOM_RARE_CARD","is_prod":false,"is_daily":false,"chose_seed":false,"campfire_upgraded":1,"win_rate":0,"timestamp":1561750177,"path_taken":["M","?","M","?","?","E","R","$","T","$","R","E","$","M","R","BOSS"],"build_version":"2019-01-23","purchased_purges":1,"victory":false,"max_hp_per_floor":[66,66,66,66,66,66,66,66,66,66,66,66,66,66,66,71],"card_choices":[{"not_picked":["Expertise","Slice","Dodge and Roll"],"picked":"SKIP","floor":1.0},{"not_picked":["Prepared","Underhanded Strike"],"picked":"Cloak And Dagger","floor":3.0},{"not_picked":["Outmaneuver","PiercingWail"],"picked":"Dash","floor":5.0},{"not_picked":["Finisher","Underhanded Strike"],"picked":"Poisoned Stab","floor":6.0},{"not_picked":["Deadly Poison","Prepared"],"picked":"Bullet Time","floor":11.0},{"not_picked":["Quick Slash","Prepared"],"picked":"Flying Knee","floor":12.0},{"not_picked":["Concentrate","Sucker Punch"],"picked":"PiercingWail","floor":14.0},{"not_picked":["Bane","Poisoned Stab"],"picked":"Deflect","floor":15.0}],"player_experience":1025311,"relics_obtained":[{"floor":2.0,"key":"Dream Catcher"},{"floor":6.0,"key":"Potion Belt"},{"floor":9.0,"key":"Mummified Hand"},{"floor":12.0,"key":"Gambling Chip"}],"event_choices":[{"damage_healed":0.0,"max_hp_gain":0.0,"max_hp_loss":0.0,"gold_gain":0.0,"event_name":"Wheel of Change","player_choice":"Damaged","floor":4.0,"gold_loss":0.0,"damage_taken":9.0}],"is_beta":false,"boss_relics":[],"items_purged_floors":[8],"is_endless":false,"potions_floor_spawned":[1,12,14],"killed_by":"The Guardian","ascension_level":20}