{"gold_per_floor":[13,13,33,33,33,33,64,90,90,90,1,1,1,18,18,120,120,131,131,148,28,47,47,375,395,440,472,484,522,569,592,604,718,730,759,358,358,633,649,682,682,693,718,750,750,766,866,884,884,884],"floor_reached":51,"playtime":1845,"items_purged":["Strike_R","Defend_R"],"score":1011,"play_id":"61289fa5-9f0d-4c05-8d42-00509d69dd1e","local_time":"20190114134742","is_ascension_mode":true,"campfire_choices":[{"data":"1","floor":6,"key":"LIFT"},{"data":"2","floor":10,"key":"LIFT"},{"data":"3","floor":12,"key":"LIFT"},{"floor":15,"key":"REST"},{"data":"Metallicize","floor":23,"key":"SMITH"},{"data":"Entrench","floor":32,"key":"SMITH"},{"data":"Metallicize","floor":41,"key":"SMITH"},{"data":"Shockwave","floor":49,"key":"SMITH"}],"neow_cost":"NO_GOLD","seed_source_timestamp":409888357345714,"circlet_count":0,"master_deck":["Defend_R+1","Defend_R+1","Defend_R","Bash","Battle Trance","Twin Strike","Thunderclap","Metallicize+1","Pommel Strike","Impervious","Spot Weakness+1","True Grit+1","Entrench+1","Immolate","Anger","Heavy Blade+1","Bite","Bite","Bite","Bite","Bite","Shrug It Off","Exhume","Armaments+1","Spot Weakness+1","Shockwave+1","Offering+1","Metallicize+1","Metallicize+1","Body Slam+1","Anger"],"relics":["Burning Blood","Girya","Art of War","The Courier","WingedGreaves","StoneCalendar","Incense Burner","Black Star","Omamori","Centennial Puzzle","Old Coin","War Paint","Anchor","MawBank","Paper Frog","Pen Nib","Red Mask","Mark of Pain","DollysMirror","Dodecahedron","Bronze Scales","Vajra","Lantern","Singing Bowl","Prayer Wheel"],"potions_floor_usage":[33,50,50,50],"damage_taken":[{"damage":3,"enemies":"Small Slimes","floor":1,"turns":4},{"damage":6,"enemies":"Cultist","floor":3,"turns":3},{"damage":44,"enemies":"Lagavulin","floor":7,"turns":6},{"damage":25,"enemies":"Gremlin Nob","floor":8,"turns":4},{"damage":6,"enemies":"Jaw Worm","floor":14,"turns":2},{"damage":26,"enemies":"The Guardian","floor":16,"turns":13},{"damage":2,"enemies":"Spheric Guardian","floor":18,"turns":4},{"damage":34,"enemies":"3 Byrds","floor":20,"turns":6},{"damage":12,"enemies":"Centurion and Healer","floor":22,"turns":6},{"damage":24,"enemies":"Book of Stabbing","floor":24,"turns":6},{"damage":0,"enemies":"Snake Plant","floor":25,"turns":4},{"damage":0,"enemies":"Gremlin Leader","floor":27,"turns":4},{"damage":6,"enemies":"Book of Stabbing","floor":29,"turns":5},{"damage":10,"enemies":"Masked Bandits","floor":30,"turns":3},{"damage":6,"enemies":"Chosen and Byrds","floor":31,"turns":4},{"damage":51,"enemies":"Collector","floor":33,"turns":9},{"damage":9,"enemies":"3 Darklings","floor":35,"turns":4},{"damage":0,"enemies":"3 Shapes","floor":39,"turns":2},{"damage":11,"enemies":"Nemesis","floor":40,"turns":7},{"damage":8,"enemies":"Sphere and 2 Shapes","floor":42,"turns":3},{"damage":6,"enemies":"Giant Head","floor":44,"turns":4},{"damage":21,"enemies":"Writhing Mass","floor":46,"turns":4},{"damage":21,"enemies":"Mind Bloom Boss Battle","floor":47,"turns":5},{"damage":2,"enemies":"4 Shapes","floor":48,"turns":6},{"damage":23,"enemies":"Donu and Deca","floor":50,"turns":7}],"seed_played":"-782049165338394540","potions_obtained":[{"floor":1,"key":"SkillPotion"},{"floor":14,"key":"Dexterity Potion"},{"floor":16,"key":"PowerPotion"},{"floor":33,"key":"Strength Potion"},{"floor":48,"key":"PowerPotion"}],"is_trial":false,"path_per_floor":["M","?","M","T","?","R","E","E","T","R","$","R","?","M","R","B",null,"M","?","M","$","M","R","E","M","T","E","?","E","?","M","R","B",null,"M","$","?","?","M","E","R","M","T","E","?","M","?","M","R","B",null],"character_chosen":"IRONCLAD","items_purchased":["Metallicize","Omamori","DollysMirror","Shockwave","Offering"],"campfire_rested":1,"item_purchase_floors":[11,21,36,36,36],"current_hp_per_floor":[80,80,80,80,77,77,39,20,20,20,20,20,13,13,37,17,80,80,80,52,52,46,46,28,34,34,40,40,48,46,52,52,15,56,56,56,56,56,56,56,56,56,56,58,58,49,40,51,51,38],"gold":884,"neow_bonus":"ONE_RARE_RELIC","is_prod":false,"is_daily":false,"chose_seed":false,"campfire_upgraded":4,"win_rate":0,"timestamp":1547491662,"path_taken":["M","?","?","?","?","R","E","E","T","R","?","R","?","M","R","BOSS","M","?","M","$","M","R","E","M","T","E","?","E","?","M","R","BOSS","M","$","?","?","?","E","R","M","T","E","?","?","?","M","R","BOSS"],"build_version":"2019-01-10","purchased_purges":2,"victory":true,"max_hp_per_floor":[80,80,80,80,80,80,80,80,80,80,80,80,80,80,80,80,80,80,80,80,80,80,80,80,80,80,80,56,56,56,56,56,56,56,56,56,56,56,56,56,56,56,56,58,58,60,60,62,62,62],"card_choices":[{"not_picked":["Body Slam","Shockwave"],"picked":"Battle Trance","floor":1},{"not_picked":["Searing Blow","Shockwave"],"picked":"Twin Strike","floor":3},{"not_picked":["Seeing Red","True Grit"],"picked":"Thunderclap","floor":7},{"not_picked":["Perfected Strike","Ghostly Armor","Uppercut"],"picked":"SKIP","floor":8},{"not_picked":["Battle Trance","Seeing Red"],"picked":"Pommel Strike","floor":14},{"not_picked":["Dark Embrace","Berserk"],"picked":"Impervious","floor":16},{"not_picked":["Burning Pact","Metallicize"],"picked":"Spot Weakness+1","floor":18},{"not_picked":["Twin Strike+1","Perfected Strike"],"picked":"True Grit+1","floor":20},{"not_picked":["Clothesline","Cleave"],"picked":"Entrench","floor":22},{"not_picked":["Thunderclap","Clash"],"picked":"Immolate","floor":24},{"not_picked":["Uppercut","Power Through"],"picked":"Anger","floor":25},{"not_picked":["Combust","Uppercut"],"picked":"Heavy Blade+1","floor":27},{"not_picked":["Body Slam","Hemokinesis","Pommel Strike"],"picked":"SKIP","floor":29},{"not_picked":["Clothesline+1","Perfected Strike"],"picked":"Shrug It Off","floor":30},{"not_picked":["Dual Wield","Body Slam","Rage+1"],"picked":"SKIP","floor":31},{"not_picked":["Immolate","Dark Embrace"],"picked":"Exhume","floor":33},{"not_picked":["Clash+1","Carnage+1"],"picked":"Armaments+1","floor":35},{"not_picked":["Rupture","Power Through+1"],"picked":"Metallicize+1","floor":39},{"not_picked":["Twin Strike","Immolate"],"picked":"Metallicize","floor":40},{"not_picked":["Thunderclap","Corruption","Carnage"],"picked":"SKIP","floor":42},{"not_picked":["Sword Boomerang+1","Uppercut+1","Immolate"],"picked":"Singing Bowl","floor":44},{"not_picked":["Armaments","Shockwave","Clash+1"],"picked":"Singing Bowl","floor":46},{"not_picked":["Thunderclap","Sentinel"],"picked":"Body Slam+1","floor":47},{"not_picked":["Armaments","Perfected Strike"],"picked":"Anger","floor":48},{"not_picked":["Shrug It Off","Armaments+1","Bloodletting+1"],"picked":"Singing Bowl","floor":48}],"player_experience":209289,"relics_obtained":[{"floor":4,"key":"Art of War"},{"floor":7,"key":"WingedGreaves"},{"floor":8,"key":"StoneCalendar"},{"floor":9,"key":"Incense Burner"},{"floor":24,"key":"Centennial Puzzle"},{"floor":24,"key":"Old Coin"},{"floor":26,"key":"War Paint"},{"floor":27,"key":"Anchor"},{"floor":27,"key":"MawBank"},{"floor":29,"key":"Paper Frog"},{"floor":29,"key":"Pen Nib"},{"floor":30,"key":"Red Mask"},{"floor":40,"key":"Dodecahedron"},{"floor":40,"key":"Bronze Scales"},{"floor":43,"key":"Vajra"},{"floor":44,"key":"Lantern"},{"floor":44,"key":"Singing Bowl"},{"floor":47,"key":"Prayer Wheel"}],"event_choices":[{"cards_removed":["Strike_R"],"damage_healed":0,"gold_gain":0,"player_choice":"Card Removal","damage_taken":0,"max_hp_gain":0,"max_hp_loss":0,"event_name":"Wheel of Change","floor":2,"gold_loss":0},{"damage_healed":0,"gold_gain":0,"player_choice":"Success","damage_taken":3,"relics_obtained":["The Courier"],"max_hp_gain":0,"max_hp_loss":0,"event_name":"Scrap Ooze","floor":5,"gold_loss":0},{"cards_removed":["Strike_R"],"damage_healed":0,"gold_gain":0,"player_choice":"Card Removal","damage_taken":7,"max_hp_gain":0,"max_hp_loss":0,"event_name":"Golden Wing","floor":13,"gold_loss":0},{"damage_healed":0,"gold_gain":0,"player_choice":"Ignored","damage_taken":0,"max_hp_gain":0,"max_hp_loss":0,"event_name":"Ghosts","floor":19,"gold_loss":0},{"damage_healed":0,"gold_gain":0,"player_choice":"Became a vampire","damage_taken":0,"max_hp_gain":0,"max_hp_loss":24,"event_name":"Vampires","floor":28,"gold_loss":0,"cards_obtained":["Bite","Bite","Bite","Bite","Bite"]},{"damage_healed":0,"gold_gain":0,"player_choice":"Fought Bandits","damage_taken":0,"max_hp_gain":0,"max_hp_loss":0,"event_name":"Masked Bandits","floor":30,"gold_loss":0},{"damage_healed":0,"gold_gain":0,"player_choice":"Ignored","damage_taken":0,"max_hp_gain":0,"max_hp_loss":0,"event_name":"Tomb of Lord Red Mask","floor":37,"gold_loss":0},{"damage_healed":0,"gold_gain":275,"player_choice":"Desecrate","damage_taken":0,"max_hp_gain":0,"max_hp_loss":0,"event_name":"Golden Shrine","floor":38,"gold_loss":0,"cards_obtained":["Regret"]},{"damage_healed":0,"gold_gain":0,"player_choice":"Upgraded","damage_taken":0,"max_hp_gain":0,"max_hp_loss":0,"event_name":"Upgrade Shrine","floor":45,"gold_loss":0,"cards_upgraded":["Offering"]},{"damage_healed":0,"gold_gain":0,"player_choice":"Fight","damage_taken":0,"max_hp_gain":0,"max_hp_loss":0,"event_name":"MindBloom","floor":47,"gold_loss":0}],"is_beta":false,"boss_relics":[{"not_picked":["Runic Pyramid","Cursed Key"],"picked":"Black Star"},{"not_picked":["Tiny House","Astrolabe"],"picked":"Mark of Pain"}],"items_purged_floors":[11,36],"is_endless":false,"potions_floor_spawned":[1,14,16,22,25,29,33,35,40,42,46,48],"ascension_level":1}