{"gold_per_floor":[114,189,92,57,57,90,90,117,141,23,50,50,63,63,63,167,167,187,187,187,205,51,77,77,104,104,123,133,133],"floor_reached":29,"playtime":1816,"items_purged":[],"score":376,"play_id":"1c6ff993-4c7c-4590-8f18-0784d4a5d7af","local_time":"20190223161931","is_ascension_mode":true,"campfire_choices":[{"floor":12,"key":"REST"},{"floor":15,"key":"REST"},{"floor":24,"key":"REST"}],"neow_cost":"NONE","seed_source_timestamp":556526134129500,"circlet_count":0,"master_deck":["Strike_R","Strike_R","Strike_R+1","Strike_R","Strike_R","Defend_R","Defend_R","Defend_R","Defend_R","Bash","Armaments","Combust","Twin Strike","Dropkick","Metallicize","Whirlwind+1","Armaments","Offering","Perfected Strike","Fiend Fire","Wild Strike","Flame Barrier","Armaments","Anger","Anger","Juggernaut","RitualDagger","Iron Wave","True Grit","Iron Wave","Cleave","Reckless Charge","Seeing Red"],"relics":["Burning Blood","Oddly Smooth Stone","Juzu Bracelet","Vajra","Ancient Tea Set","Orrery","Boot","Kunai","Matryoshka","Pantograph"],"potions_floor_usage":[8,8,8,23,25,27,29],"damage_taken":[{"damage":23,"enemies":"Small Slimes","floor":1,"turns":4},{"damage":61,"enemies":"Lagavulin","floor":6,"turns":7},{"damage":32,"enemies":"Gremlin Nob","floor":8,"turns":4},{"damage":15,"enemies":"Lagavulin","floor":11,"turns":8},{"damage":7,"enemies":"Jaw Worm","floor":13,"turns":1},{"damage":11,"enemies":"Slime Boss","floor":16,"turns":6},{"damage":8,"enemies":"Spheric Guardian","floor":18,"turns":3},{"damage":29,"enemies":"2 Thieves","floor":21,"turns":3},{"damage":42,"enemies":"Gremlin Leader","floor":23,"turns":7},{"damage":55,"enemies":"Slavers","floor":25,"turns":5},{"damage":9,"enemies":"Chosen and Byrds","floor":27,"turns":5},{"damage":17,"enemies":"Centurion and Healer","floor":28,"turns":8},{"damage":30,"enemies":"Snake Plant","floor":29,"turns":3}],"seed_played":"-7766144576914221270","potions_obtained":[{"floor":1,"key":"Dexterity Potion"},{"floor":7,"key":"LiquidBronze"},{"floor":7,"key":"Regen Potion"},{"floor":8,"key":"FairyPotion"},{"floor":13,"key":"FairyPotion"},{"floor":21,"key":"Energy Potion"},{"floor":23,"key":"Regen Potion"},{"floor":25,"key":"Weak Potion"},{"floor":28,"key":"Block Potion"}],"is_trial":false,"path_per_floor":["M","?","$","?","?","E","?","E","T","$","E","R","M","?","R","B",null,"M","?","?","M","$","E","R","E","T","M","M","M"],"character_chosen":"IRONCLAD","items_purchased":["Combust","Twin Strike","Whirlwind","Armaments","Boot"],"campfire_rested":3,"item_purchase_floors":[3,3,10,10,22],"current_hp_per_floor":[71,60,60,82,87,32,32,18,18,18,9,36,35,16,43,38,93,91,85,85,62,62,26,53,18,18,15,14,0],"gold":133,"neow_bonus":"TEN_PERCENT_HP_BONUS","is_prod":false,"is_daily":false,"chose_seed":false,"campfire_upgraded":0,"win_rate":0,"timestamp":1550938771,"path_taken":["M","?","$","?","?","E","?","E","T","$","E","R","M","?","R","BOSS","M","?","?","M","$","E","R","E","T","M","M","M"],"build_version":"2019-01-23","purchased_purges":0,"victory":false,"max_hp_per_floor":[88,88,88,88,93,93,93,93,93,93,93,93,93,93,93,93,93,93,93,93,93,93,93,93,93,93,93,93,93],"card_choices":[{"not_picked":["Carnage","Flame Barrier"],"picked":"Armaments","floor":1},{"not_picked":["Flame Barrier","Power Through"],"picked":"Dropkick","floor":6},{"not_picked":["Havoc","Infernal Blade"],"picked":"Metallicize","floor":8},{"not_picked":["Thunderclap","Clothesline"],"picked":"Offering","floor":11},{"not_picked":["Metallicize","Evolve"],"picked":"Perfected Strike","floor":13},{"not_picked":["Brutality","Offering"],"picked":"Fiend Fire","floor":16},{"not_picked":["Thunderclap","Battle Trance"],"picked":"Wild Strike","floor":17},{"not_picked":["Flex","Clash"],"picked":"Flame Barrier","floor":17},{"not_picked":["Heavy Blade","Whirlwind"],"picked":"Armaments","floor":17},{"not_picked":["Twin Strike","Havoc"],"picked":"Anger","floor":17},{"not_picked":["Sword Boomerang","Clash"],"picked":"Anger","floor":17},{"not_picked":["Seeing Red+1","Sever Soul"],"picked":"Juggernaut","floor":18},{"not_picked":["Flex","Heavy Blade"],"picked":"True Grit","floor":21},{"not_picked":["Metallicize","Warcry"],"picked":"Iron Wave","floor":23},{"not_picked":["Battle Trance","Demon Form"],"picked":"Cleave","floor":25},{"not_picked":["Bloodletting","Whirlwind"],"picked":"Reckless Charge","floor":27},{"not_picked":["Wild Strike","Heavy Blade"],"picked":"Seeing Red","floor":28}],"player_experience":217377,"relics_obtained":[{"floor":6,"key":"Oddly Smooth Stone"},{"floor":8,"key":"Juzu Bracelet"},{"floor":9,"key":"Vajra"},{"floor":11,"key":"Ancient Tea Set"},{"floor":23,"key":"Kunai"},{"floor":25,"key":"Matryoshka"},{"floor":26,"key":"Pantograph"}],"event_choices":[{"damage_healed":0,"gold_gain":75,"player_choice":"Gather Gold","damage_taken":11,"max_hp_gain":0,"max_hp_loss":0,"event_name":"World of Goop","floor":2,"gold_loss":0},{"damage_healed":22,"gold_gain":0,"player_choice":"Healed","damage_taken":0,"max_hp_gain":0,"max_hp_loss":0,"event_name":"The Cleric","floor":4,"gold_loss":35},{"damage_healed":0,"gold_gain":0,"player_choice":"Donut","damage_taken":0,"max_hp_gain":5,"max_hp_loss":0,"event_name":"Big Fish","floor":5,"gold_loss":0},{"damage_healed":0,"gold_gain":0,"player_choice":"Got Potions","damage_taken":0,"max_hp_gain":0,"max_hp_loss":0,"event_name":"Lab","floor":7,"gold_loss":0},{"damage_healed":0,"gold_gain":0,"player_choice":"Entered Light","damage_taken":19,"max_hp_gain":0,"max_hp_loss":0,"event_name":"Shining Light","floor":14,"gold_loss":0,"cards_upgraded":["Strike_R","Whirlwind"]},{"damage_healed":0,"gold_gain":0,"player_choice":"Joined the Cult","damage_taken":6,"max_hp_gain":0,"max_hp_loss":0,"event_name":"Nest","floor":19,"gold_loss":0,"cards_obtained":["RitualDagger"]},{"damage_healed":0,"gold_gain":0,"player_choice":"Read","damage_taken":0,"max_hp_gain":0,"max_hp_loss":0,"event_name":"The Library","floor":20,"gold_loss":0,"cards_obtained":["Iron Wave"]}],"is_beta":false,"boss_relics":[{"not_picked":["Lizard Tail","Runic Dome"],"picked":"Orrery"}],"items_purged_floors":[],"is_endless":false,"potions_floor_spawned":[1,8,13,21,23,25,28],"killed_by":"Snake Plant","ascension_level":3}