{"gold_per_floor":[113,63,63,83,96,96,109,109,109,125,155,155,155,74,74,178,178,191,203,214,65,65,65,78,78,78,90,90,102,135,135,135,233,233,248,248,248,10,26,57,57,83,83,83,83,83,183,201,201,201],"floor_reached":51,"playtime":2599,"items_purged":["Strike_G"],"score":757,"play_id":"df629c5d-ecdb-4ead-a232-85378a61f700","local_time":"20181028204002","is_ascension_mode":true,"campfire_choices":[{"data":"Neutralize","floor":6,"key":"SMITH"},{"data":"Dash","floor":8,"key":"SMITH"},{"data":"Adrenaline","floor":13,"key":"SMITH"},{"floor":15,"key":"REST"},{"data":"Noxious Fumes","floor":23,"key":"SMITH"},{"data":"Noxious Fumes","floor":25,"key":"SMITH"},{"data":"Tools of the Trade","floor":28,"key":"SMITH"},{"data":"Sucker Punch","floor":32,"key":"SMITH"},{"data":"Madness","floor":41,"key":"SMITH"},{"data":"Madness","floor":44,"key":"SMITH"},{"floor":46,"key":"REST"},{"floor":49,"key":"REST"}],"neow_cost":"NONE","seed_source_timestamp":1588892312686359,"circlet_count":0,"master_deck":["Defend_G+1","Defend_G","Defend_G","Defend_G+1","Defend_G","Strike_G","Strike_G","Survivor","Neutralize+1","Adrenaline+1","Backflip+1","Acrobatics","Dash+1","Sucker Punch+1","Backstab","Noxious Fumes+1","Tools of the Trade+1","Quick Slash","Quick Slash","Noxious Fumes+1","Glass Knife","Terror+1","Madness+1","Madness+1","Impatience+1"],"relics":["Ring of the Snake","Omamori","Paper Crane","Pen Nib","Busted Crown","Blue Candle","War Paint","Cursed Key","Singing Bowl","The Courier","Blood Vial","Toxic Egg 2"],"potions_floor_usage":[11,29,30,30,33,50,50],"damage_taken":[{"damage":0,"enemies":"Small Slimes","floor":1,"turns":3},{"damage":3,"enemies":"Jaw Worm","floor":4,"turns":5},{"damage":1,"enemies":"Cultist","floor":5,"turns":5},{"damage":16,"enemies":"Gremlin Gang","floor":7,"turns":8},{"damage":3,"enemies":"Exordium Thugs","floor":10,"turns":8},{"damage":10,"enemies":"Lagavulin","floor":11,"turns":8},{"damage":33,"enemies":"The Guardian","floor":16,"turns":12},{"damage":0,"enemies":"Shell Parasite","floor":18,"turns":5},{"damage":8,"enemies":"2 Thieves","floor":19,"turns":5},{"damage":9,"enemies":"Snake Plant","floor":20,"turns":7},{"damage":2,"enemies":"Shelled Parasite and Fungi","floor":24,"turns":5},{"damage":1,"enemies":"Centurion and Healer","floor":27,"turns":7},{"damage":7,"enemies":"3 Cultists","floor":29,"turns":5},{"damage":22,"enemies":"Slavers","floor":30,"turns":5},{"damage":18,"enemies":"Automaton","floor":33,"turns":10},{"damage":6,"enemies":"Orb Walker","floor":35,"turns":2},{"damage":14,"enemies":"3 Shapes","floor":39,"turns":4},{"damage":5,"enemies":"Reptomancer","floor":40,"turns":8},{"damage":18,"enemies":"Nemesis","floor":42,"turns":8},{"damage":5,"enemies":"Sphere and 2 Shapes","floor":48,"turns":5},{"damage":42,"enemies":"Awakened One","floor":50,"turns":16}],"seed_played":"-3879381433206114844","potions_obtained":[{"floor":7,"key":"Explosive Potion"},{"floor":10,"key":"AttackPotion"},{"floor":18,"key":"Regen Potion"},{"floor":19,"key":"GamblersBrew"},{"floor":29,"key":"EssenceOfSteel"},{"floor":30,"key":"Regen Potion"},{"floor":40,"key":"Fire Potion"},{"floor":42,"key":"Ancient Potion"}],"is_trial":false,"path_per_floor":["M","?","$","M","M","R","M","R","T","M","E","T","R","$","R","B",null,"M","M","M","$","?","R","M","R","T","M","R","M","E","?","R","B",null,"M","?","?","$","M","E","R","E","T","R","?","R","?","M","R","B"],"character_chosen":"THE_SILENT","items_purchased":["Noxious Fumes","Noxious Fumes","Singing Bowl"],"campfire_rested":3,"item_purchase_floors":[14,21,38],"current_hp_per_floor":[70,70,70,67,66,66,50,50,50,47,37,37,37,37,58,25,70,70,62,53,53,53,53,51,51,51,50,50,43,36,36,36,33,70,64,64,55,55,43,40,40,24,24,24,24,46,46,45,68,28],"gold":201,"neow_bonus":"ONE_RANDOM_RARE_CARD","is_prod":false,"is_daily":false,"chose_seed":false,"campfire_upgraded":9,"win_rate":0,"timestamp":1540773602,"path_taken":["M","?","?","M","?","R","M","R","T","M","E","?","R","$","R","BOSS","M","M","M","$","?","R","M","R","T","M","R","M","E","?","R","BOSS","M","?","?","$","M","E","R","E","T","R","?","R","?","?","R","BOSS"],"build_version":"2018-10-25v2","purchased_purges":1,"victory":true,"max_hp_per_floor":[70,70,70,70,70,70,70,70,70,70,70,70,70,70,70,70,70,70,70,70,70,70,70,70,70,70,70,70,70,70,70,70,70,70,70,70,70,70,72,74,74,76,76,76,76,76,76,78,78,78],"card_choices":[{"not_picked":["Dagger Throw","Endless Agony"],"picked":"Backflip","floor":1},{"not_picked":["Catalyst","Deadly Poison"],"picked":"Acrobatics","floor":4},{"not_picked":["Poisoned Stab","Underhanded Strike"],"picked":"Dash","floor":5},{"not_picked":["Backflip","Cloak And Dagger"],"picked":"Sucker Punch","floor":7},{"not_picked":["Outmaneuver","Underhanded Strike","Cloak And Dagger"],"picked":"SKIP","floor":10},{"not_picked":["Dash","Underhanded Strike"],"picked":"Backstab","floor":11},{"not_picked":["Glass Knife","Adrenaline"],"picked":"Tools of the Trade","floor":16},{"not_picked":[],"picked":"Quick Slash","floor":18},{"not_picked":[],"picked":"Quick Slash","floor":19},{"not_picked":["Eviscerate"],"picked":"SKIP","floor":20},{"not_picked":["Slice"],"picked":"SKIP","floor":24},{"not_picked":["Caltrops"],"picked":"SKIP","floor":27},{"not_picked":["Masterful Stab"],"picked":"SKIP","floor":29},{"not_picked":["Acrobatics"],"picked":"SKIP","floor":30},{"not_picked":[],"picked":"Glass Knife","floor":33},{"not_picked":[],"picked":"Terror+1","floor":35},{"not_picked":["Slice"],"picked":"Singing Bowl","floor":39},{"not_picked":["Eviscerate+1"],"picked":"Singing Bowl","floor":40},{"not_picked":["Prepared+1"],"picked":"Singing Bowl","floor":42},{"not_picked":[],"picked":"Impatience+1","floor":45},{"not_picked":["Prepared+1"],"picked":"Singing Bowl","floor":48}],"player_experience":119617,"relics_obtained":[{"floor":9,"key":"Omamori"},{"floor":11,"key":"Paper Crane"},{"floor":12,"key":"Pen Nib"},{"floor":26,"key":"Blue Candle"},{"floor":30,"key":"War Paint"},{"floor":40,"key":"The Courier"},{"floor":42,"key":"Blood Vial"},{"floor":43,"key":"Toxic Egg 2"}],"event_choices":[{"cards_removed":["Strike_G"],"damage_healed":0,"gold_gain":0,"player_choice":"Card Removal","damage_taken":0,"max_hp_gain":0,"max_hp_loss":0,"event_name":"The Cleric","floor":2,"gold_loss":50},{"cards_removed":["Strike_G"],"damage_healed":0,"gold_gain":0,"player_choice":"Offered Basic","damage_taken":0,"max_hp_gain":0,"max_hp_loss":0,"event_name":"Bonfire Elementals","floor":22,"gold_loss":0},{"damage_healed":0,"gold_gain":0,"player_choice":"Upgraded","damage_taken":0,"max_hp_gain":0,"max_hp_loss":0,"event_name":"Upgrade Shrine","floor":31,"gold_loss":0,"cards_upgraded":["Backflip"]},{"damage_healed":0,"gold_gain":0,"player_choice":"Ignored","damage_taken":0,"max_hp_gain":0,"max_hp_loss":0,"event_name":"Mysterious Sphere","floor":36,"gold_loss":0},{"damage_healed":0,"gold_gain":0,"player_choice":"Embrace Madness","damage_taken":9,"max_hp_gain":0,"max_hp_loss":0,"event_name":"Winding Halls","floor":37,"gold_loss":0,"cards_obtained":["Madness","Madness"]},{"damage_healed":0,"gold_gain":0,"player_choice":"Memory 1","damage_taken":0,"max_hp_gain":0,"max_hp_loss":0,"event_name":"SensoryStone","floor":45,"gold_loss":0},{"damage_healed":0,"gold_gain":100,"player_choice":"Pray","damage_taken":0,"max_hp_gain":0,"max_hp_loss":0,"event_name":"Golden Shrine","floor":47,"gold_loss":0}],"is_beta":false,"boss_relics":[{"not_picked":["Astrolabe","Tiny House"],"picked":"Busted Crown"},{"not_picked":["Lizard Tail","Philosopher\u0027s Stone"],"picked":"Cursed Key"}],"items_purged_floors":[21],"is_endless":false,"potions_floor_spawned":[7,10,18,19,29,30,40,42],"ascension_level":1}