{"gold_per_floor":[112,123,141,66,66,93,93,103,103,132,132,162,237,237],"floor_reached":14,"playtime":432,"items_purged":["Strike_R"],"score":137,"play_id":"c9ed4a2b-0567-454c-9369-d7c75fc87151","local_time":"20190625173719","is_ascension_mode":true,"campfire_choices":[{"data":"Rampage","floor":7,"key":"SMITH"},{"data":"Inflame","floor":11,"key":"SMITH"}],"neow_cost":"NONE","seed_source_timestamp":972265238566700,"circlet_count":0,"master_deck":["Strike_R","Strike_R","Strike_R","Strike_R+1","Defend_R","Defend_R","Defend_R","Defend_R","Bash","Fiend Fire+1","Pommel Strike","Offering","Disarm","Rampage+1","Inflame+1"],"relics":["Burning Blood","Shovel","Torii","Sundial","Tiny Chest"],"potions_floor_usage":[14,14],"damage_taken":[{"damage":1,"enemies":"Cultist","floor":1,"turns":3},{"damage":0,"enemies":"Small Slimes","floor":2,"turns":3},{"damage":8,"enemies":"Jaw Worm","floor":3,"turns":2},{"damage":24,"enemies":"Lagavulin","floor":6,"turns":4},{"damage":2,"enemies":"Looter","floor":8,"turns":3},{"damage":37,"enemies":"Gremlin Nob","floor":10,"turns":4},{"damage":14,"enemies":"Blue Slaver","floor":14,"turns":2}],"seed_played":"7895457557794459054","potions_obtained":[{"floor":3,"key":"SpeedPotion"},{"floor":6,"key":"Strength Potion"},{"floor":10,"key":"SteroidPotion"}],"is_trial":false,"path_per_floor":["M","M","M","$","?","E","R","M","T","E","R","T","?","M"],"character_chosen":"IRONCLAD","items_purchased":[],"campfire_rested":0,"item_purchase_floors":[],"current_hp_per_floor":[77,80,78,78,62,44,44,48,48,17,17,17,6,0],"gold":237,"neow_bonus":"ONE_RANDOM_RARE_CARD","is_prod":false,"is_daily":false,"chose_seed":false,"campfire_upgraded":2,"win_rate":0,"timestamp":1561498639,"path_taken":["M","M","?","$","?","E","R","M","T","E","R","?","?","?"],"build_version":"2019-01-23","purchased_purges":1,"victory":false,"max_hp_per_floor":[80,80,80,80,80,80,80,80,80,80,80,80,80,80],"card_choices":[{"not_picked":["Evolve","Body Slam"],"picked":"Pommel Strike","floor":1},{"not_picked":["Iron Wave","Sword Boomerang"],"picked":"Offering","floor":2},{"not_picked":["Bloodletting","Pommel Strike"],"picked":"Disarm","floor":3},{"not_picked":["Shockwave","Clothesline"],"picked":"Rampage","floor":6},{"not_picked":["Cleave","Warcry","Headbutt"],"picked":"SKIP","floor":8},{"not_picked":["Evolve","Anger"],"picked":"Inflame","floor":10}],"player_experience":267511,"relics_obtained":[{"floor":6,"key":"Shovel"},{"floor":9,"key":"Torii"},{"floor":10,"key":"Sundial"},{"floor":12,"key":"Tiny Chest"}],"event_choices":[{"damage_healed":0,"gold_gain":0,"player_choice":"Entered Light","damage_taken":16,"max_hp_gain":0,"max_hp_loss":0,"event_name":"Shining Light","floor":5,"gold_loss":0,"cards_upgraded":["Strike_R","Fiend Fire"]},{"damage_healed":0,"gold_gain":75,"player_choice":"Gather Gold","damage_taken":11,"max_hp_gain":0,"max_hp_loss":0,"event_name":"World of Goop","floor":13,"gold_loss":0}],"is_beta":false,"boss_relics":[],"items_purged_floors":[4],"is_endless":false,"potions_floor_spawned":[3,6,10],"killed_by":"Blue Slaver","ascension_level":8}