{"gold_per_floor":[115,40,115,126,78,112,112,137,160,171,171,188,207,220,220,220],"floor_reached":16,"playtime":730,"items_purged":["Strike_R"],"score":192,"play_id":"fef3f3af-92b5-400e-8edf-b10534a41dde","local_time":"20190612174827","is_ascension_mode":true,"campfire_choices":[{"data":"Body Slam","floor":7,"key":"SMITH"},{"data":"Entrench","floor":15,"key":"SMITH"}],"neow_cost":"NONE","seed_source_timestamp":75881156082600,"circlet_count":0,"master_deck":["Strike_R","Strike_R","Strike_R","Strike_R","Defend_R","Defend_R","Defend_R","Defend_R","Bash","Body Slam+1","Headbutt","Shrug It Off","Clothesline","Battle Trance","Entrench+1","Cleave"],"relics":["Burning Blood","NeowsBlessing","Ancient Tea Set","Art of War","Bag of Preparation"],"potions_floor_usage":[16,16],"damage_taken":[{"damage":0,"enemies":"Jaw Worm","floor":1,"turns":1},{"damage":0,"enemies":"2 Louse","floor":4,"turns":1},{"damage":0,"enemies":"Gremlin Nob","floor":6,"turns":1},{"damage":42,"enemies":"3 Sentries","floor":8,"turns":10},{"damage":0,"enemies":"Small Slimes","floor":10,"turns":3},{"damage":5,"enemies":"2 Fungi Beasts","floor":12,"turns":4},{"damage":5,"enemies":"Gremlin Gang","floor":13,"turns":5},{"damage":5,"enemies":"Red Slaver","floor":14,"turns":4},{"damage":63,"enemies":"Hexaghost","floor":16,"turns":14}],"seed_played":"6379621080714206888","potions_obtained":[{"floor":1,"key":"BloodPotion"},{"floor":12,"key":"Weak Potion"},{"floor":13,"key":"FearPotion"}],"is_trial":false,"path_per_floor":["M","$","?","M","$","E","R","E","T","M","?","M","M","M","R","B"],"character_chosen":"IRONCLAD","items_purchased":["Shrug It Off"],"campfire_rested":0,"item_purchase_floors":[5],"current_hp_per_floor":[78,78,67,73,73,79,79,43,43,49,49,50,51,52,52,0],"gold":220,"neow_bonus":"THREE_ENEMY_KILL","is_prod":false,"is_daily":false,"chose_seed":false,"campfire_upgraded":2,"win_rate":0,"timestamp":1560376107,"path_taken":["M","$","?","M","$","E","R","E","T","M","?","M","M","M","R","BOSS"],"build_version":"2019-01-23","purchased_purges":1,"victory":false,"max_hp_per_floor":[80,80,80,80,80,80,80,80,80,80,80,80,80,80,80,80],"card_choices":[{"not_picked":["Blood for Blood","Seeing Red"],"picked":"Body Slam","floor":1},{"not_picked":["Pommel Strike","Bloodletting"],"picked":"Headbutt","floor":4},{"not_picked":["Searing Blow","Anger"],"picked":"Clothesline","floor":6},{"not_picked":["Flex","Headbutt"],"picked":"Battle Trance","floor":8},{"not_picked":["Reckless Charge","Dropkick","Bloodletting"],"picked":"SKIP","floor":10},{"not_picked":["Warcry","Iron Wave","Pummel"],"picked":"SKIP","floor":12},{"not_picked":["Shockwave","Rupture"],"picked":"Entrench","floor":13},{"not_picked":["Heavy Blade","Flex"],"picked":"Cleave","floor":14}],"player_experience":253434,"relics_obtained":[{"floor":6,"key":"Ancient Tea Set"},{"floor":8,"key":"Art of War"},{"floor":9,"key":"Bag of Preparation"}],"event_choices":[{"damage_healed":0,"gold_gain":75,"player_choice":"Gather Gold","damage_taken":11,"max_hp_gain":0,"max_hp_loss":0,"event_name":"World of Goop","floor":3,"gold_loss":0},{"damage_healed":0,"gold_gain":0,"player_choice":"Ignored","damage_taken":0,"max_hp_gain":0,"max_hp_loss":0,"event_name":"Liars Game","floor":11,"gold_loss":0}],"is_beta":false,"boss_relics":[],"items_purged_floors":[2],"is_endless":false,"potions_floor_spawned":[1,12,13],"killed_by":"Hexaghost","ascension_level":8}