{"gold_per_floor":[119,219,18,30,47,75,75,87,87,117,130,161,10,75,75,176,176,196,206,17,36,36],"floor_reached":22,"playtime":1407,"items_purged":["Strike_R"],"score":216,"play_id":"a2c2d353-3fb9-488d-bb18-34eff77e060f","local_time":"20190508170223","is_ascension_mode":true,"campfire_choices":[{"data":"Spot Weakness","floor":7.0,"key":"SMITH"},{"data":"Feel No Pain","floor":15,"key":"SMITH"}],"neow_cost":"NONE","seed_source_timestamp":0,"circlet_count":0,"master_deck":["Strike_R","Strike_R","Strike_R","Strike_R","Defend_R","Defend_R","Defend_R","Defend_R","Bash","Shrug It Off","Clothesline","Spot Weakness+1","Twin Strike","Feel No Pain+1","Thunderclap","Metallicize","Burning Pact","Body Slam","Sever Soul","Barricade","Dual Wield","Reckless Charge","Disarm"],"special_seed":0,"relics":["Burning Blood","Ginger","Gambling Chip","Peace Pipe","Dead Branch","Pen Nib","Darkstone Periapt","Runic Cube","Bronze Scales"],"potions_floor_usage":[],"damage_taken":[{"damage":3.0,"enemies":"Jaw Worm","floor":1.0,"turns":5.0},{"damage":4.0,"enemies":"Cultist","floor":4.0,"turns":3.0},{"damage":0.0,"enemies":"Small Slimes","floor":5.0,"turns":3.0},{"damage":14.0,"enemies":"Gremlin Nob","floor":6.0,"turns":4.0},{"damage":8.0,"enemies":"2 Fungi Beasts","floor":8.0,"turns":3.0},{"damage":7.0,"enemies":"3 Sentries","floor":10.0,"turns":8.0},{"damage":2.0,"enemies":"Blue Slaver","floor":11.0,"turns":4.0},{"damage":13,"enemies":"Gremlin Nob","floor":12,"turns":5},{"damage":24,"enemies":"Lagavulin Event","floor":14,"turns":6},{"damage":36,"enemies":"Hexaghost","floor":16,"turns":11},{"damage":2,"enemies":"Chosen","floor":18,"turns":8},{"damage":40,"enemies":"2 Thieves","floor":19,"turns":4},{"damage":10,"enemies":"Chosen and Byrds","floor":21,"turns":5},{"damage":9,"enemies":"Snake Plant","floor":22,"turns":3}],"seed_played":"2761610947123659498","potions_obtained":[{"floor":1.0,"key":"Block Potion"},{"floor":5.0,"key":"FearPotion"},{"floor":6.0,"key":"Weak Potion"},{"floor":10.0,"key":"Energy Potion"},{"floor":14,"key":"AttackPotion"}],"is_trial":false,"path_per_floor":["M","?","$","M","M","E","R","M","T","E","M","E","$","?","R","B",null,"M","M","$","M","M"],"character_chosen":"IRONCLAD","items_purchased":["Spot Weakness","Twin Strike","Pen Nib","Bronze Scales","Reckless Charge"],"campfire_rested":0,"item_purchase_floors":[3,3,13,20,20],"current_hp_per_floor":[80,80,80,80,80,72,72,70,70,69,73,66,66,48,48,18,80,80,46,46,42,33],"gold":36,"neow_bonus":"THREE_CARDS","is_prod":false,"is_daily":false,"chose_seed":false,"campfire_upgraded":2,"win_rate":0,"timestamp":1557349343,"path_taken":["M","?","$","?","M","E","R","M","T","E","M","E","$","?","R","BOSS","M","M","$","M","M"],"build_version":"2019-01-23","purchased_purges":1,"victory":false,"max_hp_per_floor":[80,80,80,80,80,80,80,80,80,80,80,80,80,80,80,80,80,80,80,80,80,80],"card_choices":[{"not_picked":["Body Slam","Entrench"],"picked":"Shrug It Off","floor":0.0},{"not_picked":["Sever Soul","Iron Wave"],"picked":"Clothesline","floor":1.0},{"not_picked":["Battle Trance","Flex"],"picked":"Feel No Pain","floor":4.0},{"not_picked":["Ghostly Armor","Dropkick"],"picked":"Thunderclap","floor":5.0},{"not_picked":["Perfected Strike","Warcry","Blood for Blood"],"picked":"SKIP","floor":6.0},{"not_picked":["Warcry","Combust"],"picked":"Metallicize","floor":8.0},{"not_picked":["Wild Strike","Flex"],"picked":"Burning Pact","floor":10.0},{"not_picked":["Warcry","Reckless Charge"],"picked":"Body Slam","floor":11},{"not_picked":["Flex","Iron Wave"],"picked":"Sever Soul","floor":12},{"not_picked":["Double Tap","Demon Form"],"picked":"Barricade","floor":16},{"not_picked":["Twin Strike+1","Intimidate"],"picked":"Dual Wield","floor":18},{"not_picked":["Thunderclap","Seeing Red","Perfected Strike"],"picked":"SKIP","floor":19},{"not_picked":["Combust","True Grit+1"],"picked":"Disarm","floor":21}],"player_experience":218375,"relics_obtained":[{"floor":6.0,"key":"Ginger"},{"floor":9.0,"key":"Gambling Chip"},{"floor":10.0,"key":"Peace Pipe"},{"floor":12,"key":"Dead Branch"}],"event_choices":[{"damage_healed":0.0,"max_hp_gain":0.0,"max_hp_loss":0.0,"gold_gain":100.0,"event_name":"Golden Shrine","player_choice":"Pray","floor":2.0,"gold_loss":0.0,"damage_taken":0.0},{"damage_healed":0,"gold_gain":30,"player_choice":"Searched \u00273\u0027 times","damage_taken":0,"relics_obtained":["Darkstone Periapt"],"max_hp_gain":0,"max_hp_loss":0,"event_name":"Dead Adventurer","floor":14,"gold_loss":0}],"is_beta":false,"boss_relics":[{"not_picked":["Black Star","Pandora\u0027s Box"],"picked":"Runic Cube"}],"items_purged_floors":[3],"is_endless":false,"potions_floor_spawned":[1,5,6,10,14,21],"killed_by":"Snake Plant","ascension_level":1}