{"gold_per_floor":[119,30,42,61,136,136,202,233,233,233,233,81,98,98,98,174,174,189,74,84,103,3,3,22,37,63,63],"floor_reached":27,"playtime":1166,"items_purged":["Strike_G","Strike_G"],"score":426,"play_id":"343a07e5-d5d8-4905-9d8f-4a4958f0d5a5","local_time":"20190622222818","is_ascension_mode":true,"campfire_choices":[{"data":"Bouncing Flask","floor":6.0,"key":"SMITH"},{"data":"Neutralize","floor":11.0,"key":"SMITH"},{"data":"Survivor","floor":15.0,"key":"SMITH"},{"data":"Backflip","floor":23.0,"key":"SMITH"}],"neow_cost":"NONE","seed_source_timestamp":0,"circlet_count":0,"master_deck":["AscendersBane","Defend_G","Defend_G","Defend_G","Defend_G","Defend_G","Strike_G","Strike_G+1","Survivor+1","Neutralize+1","Bane","Bouncing Flask+1","Underhanded Strike+1","Flying Knee","Quick Slash","Choke","Footwork","Terror","Corpse Explosion","Dash","Footwork","Backflip+1"],"special_seed":0,"relics":["Velvet Choker","Tough Bandages","Gambling Chip","Coffee Dripper","Whetstone"],"potions_floor_usage":[],"damage_taken":[{"damage":0.0,"enemies":"2 Louse","floor":1.0,"turns":3.0},{"damage":0.0,"enemies":"Jaw Worm","floor":3.0,"turns":3.0},{"damage":7.0,"enemies":"Small Slimes","floor":4.0,"turns":4.0},{"damage":30.0,"enemies":"Lagavulin","floor":8.0,"turns":7.0},{"damage":0.0,"enemies":"Looter","floor":13.0,"turns":3.0},{"damage":2.0,"enemies":"The Guardian","floor":16.0,"turns":9.0},{"damage":13.0,"enemies":"Shell Parasite","floor":18.0,"turns":3.0},{"damage":3.0,"enemies":"3 Byrds","floor":20.0,"turns":2.0},{"damage":15.0,"enemies":"Shelled Parasite and Fungi","floor":21.0,"turns":5.0},{"damage":15.0,"enemies":"Snake Plant","floor":24.0,"turns":5.0},{"damage":1.0,"enemies":"Centurion and Healer","floor":25.0,"turns":4.0},{"damage":7,"enemies":"Shelled Parasite and Fungi","floor":27,"turns":2}],"seed_played":"3948704541416104305","potions_obtained":[{"floor":1.0,"key":"Block Potion"},{"floor":4.0,"key":"PowerPotion"},{"floor":8.0,"key":"SkillPotion"},{"floor":16.0,"key":"Energy Potion"},{"floor":18.0,"key":"SteroidPotion"},{"floor":21.0,"key":"Explosive Potion"}],"is_trial":false,"path_per_floor":["M","$","M","M","?","R","?","E","T","?","R","$","M","$","R","B",null,"M","$","M","M","$","R","M","M","T","M"],"character_chosen":"THE_SILENT","items_purchased":["Bouncing Flask","Footwork","Dash","Footwork"],"campfire_rested":0,"item_purchase_floors":[2,12,19,19],"current_hp_per_floor":[59,59,59,52,41,41,41,11,11,11,11,11,11,11,11,9,52,39,39,36,21,21,21,6,5,5,0],"gold":63,"neow_bonus":"BOSS_RELIC","is_prod":false,"is_daily":false,"chose_seed":false,"campfire_upgraded":4,"win_rate":0,"timestamp":1561210098,"path_taken":["M","$","M","M","?","R","?","E","T","?","R","$","M","?","R","BOSS","M","$","M","M","$","R","M","M","T","M"],"build_version":"2019-01-23","purchased_purges":2,"victory":false,"max_hp_per_floor":[66,66,66,66,66,66,66,66,66,66,66,66,66,66,66,66,66,66,66,66,66,66,66,66,66,66,66],"card_choices":[{"not_picked":["Escape Plan","Blade Dance"],"picked":"Bane","floor":1.0},{"not_picked":["Finisher","Blade Dance"],"picked":"Underhanded Strike","floor":3.0},{"not_picked":["Poisoned Stab","Backflip"],"picked":"Flying Knee","floor":4.0},{"not_picked":["Deadly Poison","Concentrate"],"picked":"Quick Slash","floor":8.0},{"not_picked":["Backstab","All Out Attack"],"picked":"Terror","floor":13.0},{"not_picked":["After Image","Adrenaline"],"picked":"Corpse Explosion","floor":16.0},{"not_picked":["Dagger Spray","Underhanded Strike","Quick Slash"],"picked":"SKIP","floor":18.0},{"not_picked":["Infinite Blades","Outmaneuver"],"picked":"Backflip","floor":20.0},{"not_picked":["Dagger Throw","Endless Agony+1","Quick Slash"],"picked":"SKIP","floor":21.0},{"not_picked":["Unload","Dagger Throw","Caltrops"],"picked":"SKIP","floor":24.0},{"not_picked":["Choke","Tactician","Prepared"],"picked":"SKIP","floor":25.0}],"player_experience":1004559,"relics_obtained":[{"floor":8.0,"key":"Tough Bandages"},{"floor":9.0,"key":"Gambling Chip"},{"floor":26.0,"key":"Whetstone"}],"event_choices":[{"damage_healed":0.0,"max_hp_gain":0.0,"max_hp_loss":0.0,"gold_gain":75.0,"event_name":"World of Goop","player_choice":"Gather Gold","floor":5.0,"gold_loss":0.0,"damage_taken":11.0},{"damage_healed":0.0,"max_hp_gain":0.0,"max_hp_loss":0.0,"gold_gain":66.0,"event_name":"Golden Wing","player_choice":"Gained Gold","floor":7.0,"gold_loss":0.0,"damage_taken":0.0},{"damage_healed":0.0,"max_hp_gain":0.0,"max_hp_loss":0.0,"gold_gain":0.0,"cards_transformed":["Strike_G"],"event_name":"Living Wall","player_choice":"Change","floor":10.0,"gold_loss":0.0,"damage_taken":0.0,"cards_obtained":["Choke"]}],"is_beta":false,"boss_relics":[{"not_picked":["Runic Dome","Busted Crown"],"picked":"Coffee Dripper"}],"items_purged_floors":[12,22],"is_endless":false,"potions_floor_spawned":[1,4,8,16,18,20,21],"killed_by":"Shelled Parasite and Fungi","ascension_level":20}