{"gold_per_floor":[110,110,110,110,124,159,178,204,204,232,232,263,263,283,283,388,388,399,314,58,70,70,99,99,133,187,205,205,205,240,257,257,359,359,377,397,397,421,431,463,463,498,498,509,509,542,555,77,77,77],"floor_reached":51,"playtime":5088,"items_purged":["Strike_G","Strike_G"],"score":1017,"play_id":"e6907df6-5a01-4d0d-a2e4-d91a40f7a5ba","local_time":"20190119134310","is_ascension_mode":true,"campfire_choices":[{"data":"Poisoned Stab","floor":11.0,"key":"SMITH"},{"floor":13.0,"key":"REST"},{"data":"Night Terror","floor":15.0,"key":"SMITH"},{"data":"After Image","floor":24,"key":"SMITH"},{"floor":28,"key":"REST"},{"data":"Deadly Poison","floor":32,"key":"SMITH"},{"data":"Burst","floor":41,"key":"SMITH"},{"data":"Crippling Poison","floor":45,"key":"SMITH"},{"data":"Mayhem","floor":49,"key":"SMITH"}],"neow_cost":"NONE","seed_source_timestamp":0,"circlet_count":0,"master_deck":["Defend_G","Defend_G","Defend_G+1","Defend_G","Defend_G","Strike_G+1","Strike_G+1","Survivor","Neutralize","Poisoned Stab+1","Bullet Time","Backstab","Deadly Poison+1","Backstab+1","Escape Plan","Blur","Night Terror+1","Dodge and Roll","After Image+1","Deadly Poison","Noxious Fumes+1","Corpse Explosion","Infinite Blades","Crippling Poison+1","Backflip","Burst+1","Cloak And Dagger+1","PiercingWail","Footwork+1","Dodge and Roll+1","PiercingWail","Cloak And Dagger+1","Well Laid Plans","Mayhem+1"],"special_seed":0,"relics":["Ring of the Snake","NeowsBlessing","Smiling Mask","Singing Bowl","Whetstone","Juzu Bracelet","Happy Flower","Black Star","Sundial","Membership Card","FossilizedHelix","Regal Pillow","Dead Branch","Centennial Puzzle","Tiny Chest","Omamori","Blood Vial","Ancient Tea Set","Orrery","Vajra","Blue Candle","Thread and Needle","Ninja Scroll","Mummified Hand","Calipers","Bronze Scales","Snake Skull","The Specimen","Nunchaku"],"potions_floor_usage":[42],"damage_taken":[{"damage":0.0,"enemies":"Small Slimes","floor":1.0,"turns":1.0},{"damage":0.0,"enemies":"Jaw Worm","floor":5.0,"turns":1.0},{"damage":0.0,"enemies":"Gremlin Nob","floor":6.0,"turns":1.0},{"damage":0.0,"enemies":"2 Louse","floor":7.0,"turns":2.0},{"damage":11.0,"enemies":"3 Sentries","floor":8.0,"turns":10.0},{"damage":11.0,"enemies":"Gremlin Nob","floor":10.0,"turns":3.0},{"damage":8.0,"enemies":"Lagavulin","floor":12.0,"turns":6.0},{"damage":0.0,"enemies":"2 Fungi Beasts","floor":14.0,"turns":3.0},{"damage":20.0,"enemies":"Slime Boss","floor":16.0,"turns":12.0},{"damage":1,"enemies":"Shell Parasite","floor":18,"turns":7},{"damage":5,"enemies":"3 Byrds","floor":21,"turns":5},{"damage":24,"enemies":"Slavers","floor":23,"turns":8},{"damage":30,"enemies":"Book of Stabbing","floor":25,"turns":7},{"damage":0,"enemies":"3 Cultists","floor":27,"turns":5},{"damage":14,"enemies":"Gremlin Leader","floor":30,"turns":5},{"damage":0,"enemies":"Sentry and Sphere","floor":31,"turns":5},{"damage":17,"enemies":"Champ","floor":33,"turns":11},{"damage":0,"enemies":"Orb Walker","floor":35,"turns":3},{"damage":0,"enemies":"3 Shapes","floor":36,"turns":4},{"damage":0,"enemies":"Sphere and 2 Shapes","floor":39,"turns":7},{"damage":5,"enemies":"Nemesis","floor":40,"turns":9},{"damage":0,"enemies":"Reptomancer","floor":42,"turns":6},{"damage":0,"enemies":"4 Shapes","floor":44,"turns":5},{"damage":0,"enemies":"Giant Head","floor":46,"turns":8},{"damage":0,"enemies":"Spire Growth","floor":47,"turns":3},{"damage":0,"enemies":"Awakened One","floor":50,"turns":10}],"seed_played":"5575827379210882563","potions_obtained":[{"floor":6.0,"key":"SteroidPotion"},{"floor":7.0,"key":"Strength Potion"},{"floor":8.0,"key":"Explosive Potion"},{"floor":23,"key":"SkillPotion"},{"floor":27,"key":"GhostInAJar"},{"floor":46,"key":"Regen Potion"}],"is_trial":false,"path_per_floor":["M","?","?","?","M","E","M","E","T","E","R","E","R","M","R","B",null,"M","?","$","M","$","E","R","E","T","M","R","?","E","M","R","B",null,"M","M","?","T","M","E","R","E","T","M","R","E","M","$","R","B",null],"character_chosen":"THE_SILENT","items_purchased":["Membership Card","Deadly Poison","Well Laid Plans","The Specimen","Mayhem","Nunchaku"],"campfire_rested":2,"item_purchase_floors":[20,20,48,48,48,48],"current_hp_per_floor":[70,56,56,44,44,44,44,33,33,22,22,14,35,35,35,15,70,71,71,71,66,66,42,42,12,12,14,51,51,37,39,39,24,78,80,82,78,78,78,75,75,77,77,81,81,82,84,84,84,84],"gold":77,"neow_bonus":"THREE_ENEMY_KILL","is_prod":false,"is_daily":false,"chose_seed":false,"campfire_upgraded":7,"win_rate":0,"timestamp":1547923390,"path_taken":["M","?","?","?","M","E","M","E","T","E","R","E","R","M","R","BOSS","M","?","$","M","$","E","R","E","T","M","R","?","E","M","R","BOSS","M","M","?","?","M","E","R","E","T","M","R","E","M","$","R","BOSS"],"build_version":"2019-01-17v2","purchased_purges":2,"victory":true,"max_hp_per_floor":[70,70,70,70,70,70,70,70,70,70,70,70,70,70,70,70,70,72,72,72,72,72,72,72,72,72,74,74,74,74,74,74,74,78,80,82,78,78,78,80,80,80,80,82,82,82,84,84,84,84],"card_choices":[{"not_picked":["Bane","Endless Agony"],"picked":"Poisoned Stab","floor":1.0},{"not_picked":["Sucker Punch","Prepared"],"picked":"Backstab","floor":5.0},{"not_picked":["Blade Dance","Escape Plan"],"picked":"Deadly Poison","floor":6.0},{"not_picked":["Quick Slash","Underhanded Strike"],"picked":"Backstab","floor":7.0},{"not_picked":["Tools of the Trade","Prepared"],"picked":"Escape Plan","floor":8.0},{"not_picked":["Dagger Spray","Underhanded Strike"],"picked":"Blur","floor":10.0},{"not_picked":["Distraction","Malaise"],"picked":"Night Terror","floor":12.0},{"not_picked":["Slice","Distraction"],"picked":"Dodge and Roll","floor":14.0},{"not_picked":["Unload","Tools of the Trade"],"picked":"After Image","floor":16.0},{"not_picked":["Skewer","Heel Hook","Acrobatics"],"picked":"Singing Bowl","floor":18},{"not_picked":["Accuracy+1","Dodge and Roll"],"picked":"Noxious Fumes+1","floor":21},{"not_picked":["Crippling Poison","Finisher"],"picked":"Corpse Explosion","floor":23},{"not_picked":["Leg Sweep","Deflect+1"],"picked":"Infinite Blades","floor":25},{"not_picked":["Dagger Spray+1","Outmaneuver","Reflex"],"picked":"Singing Bowl","floor":27},{"not_picked":["Leg Sweep","Malaise"],"picked":"Crippling Poison","floor":30},{"not_picked":["Blade Dance","Deflect"],"picked":"Backflip","floor":31},{"not_picked":["Glass Knife","Phantasmal Killer"],"picked":"Burst","floor":33},{"not_picked":["Dodge and Roll","Underhanded Strike"],"picked":"Cloak And Dagger+1","floor":34},{"not_picked":["Bane+1","Finisher"],"picked":"PiercingWail","floor":34},{"not_picked":["Underhanded Strike+1","Doppelganger"],"picked":"Footwork+1","floor":34},{"not_picked":["Underhanded Strike","Dash","Slice+1"],"picked":"Singing Bowl","floor":34},{"not_picked":["Quick Slash+1","Tactician","Choke"],"picked":"Singing Bowl","floor":34},{"not_picked":["Prepared","Outmaneuver","Poisoned Stab"],"picked":"Singing Bowl","floor":35},{"not_picked":["Dagger Spray+1","Setup+1","Predator"],"picked":"Singing Bowl","floor":36},{"not_picked":["Quick Slash","Bouncing Flask"],"picked":"Dodge and Roll+1","floor":39},{"not_picked":["Prepared","Bane","Venomology"],"picked":"Singing Bowl","floor":40},{"not_picked":["Sucker Punch+1","Dodge and Roll+1"],"picked":"PiercingWail","floor":42},{"not_picked":["Reflex+1","PiercingWail","Flying Knee"],"picked":"Singing Bowl","floor":44},{"not_picked":["Outmaneuver+1","Eviscerate+1"],"picked":"Cloak And Dagger+1","floor":46},{"not_picked":["Blade Dance+1","Endless Agony","Underhanded Strike"],"picked":"Singing Bowl","floor":47}],"player_experience":213287,"relics_obtained":[{"floor":8.0,"key":"Singing Bowl"},{"floor":9.0,"key":"Whetstone"},{"floor":10.0,"key":"Juzu Bracelet"},{"floor":12.0,"key":"Happy Flower"},{"floor":23,"key":"FossilizedHelix"},{"floor":23,"key":"Regal Pillow"},{"floor":25,"key":"Dead Branch"},{"floor":25,"key":"Centennial Puzzle"},{"floor":26,"key":"Tiny Chest"},{"floor":30,"key":"Blood Vial"},{"floor":30,"key":"Ancient Tea Set"},{"floor":38,"key":"Vajra"},{"floor":40,"key":"Blue Candle"},{"floor":40,"key":"Thread and Needle"},{"floor":42,"key":"Ninja Scroll"},{"floor":42,"key":"Mummified Hand"},{"floor":43,"key":"Calipers"},{"floor":46,"key":"Bronze Scales"},{"floor":46,"key":"Snake Skull"}],"event_choices":[{"damage_healed":0.0,"max_hp_gain":0.0,"max_hp_loss":0.0,"gold_gain":0.0,"event_name":"Shining Light","player_choice":"Entered Light","floor":2.0,"gold_loss":0.0,"damage_taken":14.0,"cards_upgraded":["Strike_G","Defend_G"]},{"damage_healed":0.0,"max_hp_gain":0.0,"max_hp_loss":0.0,"gold_gain":0.0,"cards_transformed":["Strike_G"],"event_name":"Living Wall","player_choice":"Change","floor":3.0,"gold_loss":0.0,"damage_taken":0.0,"cards_obtained":["Bullet Time"]},{"damage_healed":0.0,"max_hp_gain":0.0,"max_hp_loss":0.0,"gold_gain":0.0,"event_name":"Scrap Ooze","player_choice":"Success","floor":4.0,"gold_loss":0.0,"damage_taken":12.0,"relics_obtained":["Smiling Mask"]},{"damage_healed":0,"gold_gain":0,"player_choice":"Obtained Relic","damage_taken":0,"relics_obtained":["Sundial"],"max_hp_gain":0,"max_hp_loss":0,"event_name":"Addict","floor":19,"gold_loss":85},{"damage_healed":0,"gold_gain":0,"player_choice":"Opened","damage_taken":0,"relics_obtained":["Omamori"],"max_hp_gain":0,"max_hp_loss":0,"event_name":"The Mausoleum","floor":29,"gold_loss":0},{"damage_healed":0,"gold_gain":0,"player_choice":"Max HP","damage_taken":0,"max_hp_gain":0,"max_hp_loss":4,"event_name":"Winding Halls","floor":37,"gold_loss":0}],"is_beta":false,"boss_relics":[{"not_picked":["Philosopher\u0027s Stone","Pandora\u0027s Box"],"picked":"Black Star"},{"not_picked":["Snecko Eye","Ring of the Serpent"],"picked":"Orrery"}],"items_purged_floors":[20,48],"is_endless":false,"potions_floor_spawned":[6,7,8,10,18,23,25,27,35,46,47],"ascension_level":1}