{"gold_per_floor":[360,7,7,20,20,46,46,86,132,48,63,63,63,76,76,76],"floor_reached":16,"playtime":1041,"items_purged":[],"score":124,"play_id":"3a16ab2e-ffc0-43d2-b69d-8341592d2feb","local_time":"20190329231033","is_ascension_mode":true,"campfire_choices":[{"floor":12,"key":"REST"},{"floor":15,"key":"REST"}],"neow_cost":"TEN_PERCENT_HP_LOSS","seed_source_timestamp":2442492501458200,"circlet_count":0,"master_deck":["Defend_G","Defend_G","Defend_G","Defend_G","Defend_G","Strike_G","Strike_G","Strike_G","Strike_G","Strike_G","Neutralize","Finisher","Chrysalis","Bandage Up","Slice","Caltrops","Quick Slash","Sucker Punch","Dagger Spray","Dash","PanicButton","Riddle With Holes","Bullet Time"],"relics":["Ring of the Snake","Omamori","Bronze Scales","Golden Idol","Pantograph","SsserpentHead"],"potions_floor_usage":[6,14,16,16],"damage_taken":[{"damage":0,"enemies":"2 Louse","floor":1,"turns":4},{"damage":4,"enemies":"Jaw Worm","floor":4,"turns":5},{"damage":20,"enemies":"3 Sentries","floor":6,"turns":7},{"damage":46,"enemies":"Lagavulin","floor":8,"turns":6},{"damage":0,"enemies":"Small Slimes","floor":11,"turns":3},{"damage":10,"enemies":"Exordium Wildlife","floor":14,"turns":4},{"damage":65,"enemies":"The Guardian","floor":16,"turns":9}],"seed_played":"-956289925052259129","potions_obtained":[{"floor":1,"key":"Strength Potion"},{"floor":4,"key":"AttackPotion"},{"floor":6,"key":"SmokeBomb"},{"floor":8,"key":"Weak Potion"},{"floor":14,"key":"Ancient Potion"}],"is_trial":false,"path_per_floor":["M","$","?","M","?","E","?","E","T","$","M","R","?","M","R","B"],"character_chosen":"THE_SILENT","items_purchased":["Chrysalis","Bandage Up","Slice","Caltrops","PanicButton"],"campfire_rested":2,"item_purchase_floors":[2,2,2,2,10],"current_hp_per_floor":[63,63,60,59,59,43,43,1,1,1,5,23,23,17,35,0],"gold":76,"neow_bonus":"TWO_FIFTY_GOLD","is_prod":false,"is_daily":false,"chose_seed":false,"campfire_upgraded":0,"win_rate":0,"timestamp":1553901033,"path_taken":["M","$","?","M","?","E","?","E","T","$","?","R","?","M","R","BOSS"],"build_version":"2019-01-23","purchased_purges":0,"victory":false,"max_hp_per_floor":[63,63,63,63,63,63,63,63,63,63,63,63,63,63,63,63],"card_choices":[{"not_picked":["Deflect","PiercingWail"],"picked":"Finisher","floor":1},{"not_picked":["Choke","Underhanded Strike"],"picked":"Quick Slash","floor":4},{"not_picked":["Prepared","Poisoned Stab"],"picked":"Dagger Spray","floor":6},{"not_picked":["Deflect","Bane"],"picked":"Dash","floor":8},{"not_picked":["Choke","PiercingWail"],"picked":"Riddle With Holes","floor":11},{"not_picked":["Quick Slash","Dash"],"picked":"Bullet Time","floor":14}],"player_experience":411989,"relics_obtained":[{"floor":6,"key":"Bronze Scales"},{"floor":8,"key":"Pantograph"}],"event_choices":[{"damage_healed":0,"gold_gain":0,"player_choice":"Success","damage_taken":3,"relics_obtained":["Omamori"],"max_hp_gain":0,"max_hp_loss":0,"event_name":"Scrap Ooze","floor":3,"gold_loss":0},{"damage_healed":0,"gold_gain":0,"cards_transformed":["Survivor"],"player_choice":"Change","damage_taken":0,"max_hp_gain":0,"max_hp_loss":0,"event_name":"Living Wall","floor":5,"gold_loss":0,"cards_obtained":["Sucker Punch"]},{"damage_healed":0,"gold_gain":0,"player_choice":"Take Wound","damage_taken":0,"relics_obtained":["Golden Idol"],"max_hp_gain":0,"max_hp_loss":0,"event_name":"Golden Idol","floor":7,"gold_loss":0,"cards_obtained":["Injury"]},{"damage_healed":0,"gold_gain":0,"player_choice":"Trade","damage_taken":0,"relics_obtained":["SsserpentHead"],"max_hp_gain":0,"max_hp_loss":0,"event_name":"FaceTrader","floor":13,"gold_loss":0}],"is_beta":false,"boss_relics":[],"items_purged_floors":[],"is_endless":false,"potions_floor_spawned":[1,4,6,8,14],"killed_by":"The Guardian","ascension_level":3}