{"gold_per_floor":[116,134,147,147,158,158,171,186,186,186,186,202,202,221,221,221],"floor_reached":16,"playtime":1112,"items_purged":[],"score":192,"play_id":"4537a26f-69bc-4a2c-89cc-ed17ce0602a7","local_time":"20190629103217","is_ascension_mode":true,"campfire_choices":[{"data":"A Thousand Cuts","floor":6.0,"key":"SMITH"},{"floor":10.0,"key":"REST"},{"data":"Well Laid Plans","floor":13.0,"key":"SMITH"},{"data":"Blade Dance","floor":15.0,"key":"SMITH"}],"neow_cost":"TEN_PERCENT_HP_LOSS","seed_source_timestamp":0,"circlet_count":0,"master_deck":["AscendersBane","Defend_G","Defend_G","Defend_G","Defend_G","Defend_G","Strike_G","Strike_G","Strike_G","Strike_G","Survivor","Neutralize","A Thousand Cuts+1","PiercingWail","Well Laid Plans+1","Dagger Throw","Blade Dance+1","Prepared","Adrenaline","Deadly Poison","Slice","Catalyst"],"special_seed":0,"relics":["Ring of the Snake","Shuriken","Orichalcum"],"potions_floor_usage":[16,16],"damage_taken":[{"damage":2.0,"enemies":"Cultist","floor":1.0,"turns":5.0},{"damage":6.0,"enemies":"Jaw Worm","floor":2.0,"turns":5.0},{"damage":6.0,"enemies":"Small Slimes","floor":3.0,"turns":6.0},{"damage":1.0,"enemies":"Blue Slaver","floor":5.0,"turns":6.0},{"damage":20.0,"enemies":"3 Louse","floor":7.0,"turns":3.0},{"damage":12.0,"enemies":"Exordium Thugs","floor":8.0,"turns":5.0},{"damage":0.0,"enemies":"Looter","floor":12.0,"turns":3.0},{"damage":3.0,"enemies":"3 Louse","floor":14.0,"turns":4.0},{"damage":28,"enemies":"Slime Boss","floor":16,"turns":3}],"seed_played":"-3917098564331260552","potions_obtained":[{"floor":3.0,"key":"Strength Potion"},{"floor":7.0,"key":"Block Potion"},{"floor":14.0,"key":"EssenceOfSteel"}],"is_trial":false,"path_per_floor":["M","M","M","T","M","R","M","M","T","R","?","M","R","M","R","B"],"character_chosen":"THE_SILENT","items_purchased":[],"campfire_rested":1,"item_purchase_floors":[],"current_hp_per_floor":[57,51,45,45,44,44,24,12,12,30,30,30,30,27,27,0],"gold":221,"neow_bonus":"THREE_RARE_CARDS","is_prod":false,"is_daily":false,"chose_seed":false,"campfire_upgraded":3,"win_rate":0,"timestamp":1561771937,"path_taken":["M","M","M","?","M","R","M","?","T","R","?","M","R","M","R","BOSS"],"build_version":"2019-01-23","purchased_purges":0,"victory":false,"max_hp_per_floor":[60,60,60,60,60,60,60,60,60,60,60,60,60,60,60,60],"card_choices":[{"not_picked":["Bullet Time","Doppelganger"],"picked":"A Thousand Cuts","floor":0.0},{"not_picked":["Bane","Acrobatics"],"picked":"PiercingWail","floor":1.0},{"not_picked":["Slice","Blade Dance"],"picked":"Well Laid Plans","floor":2.0},{"not_picked":["Sucker Punch","Underhanded Strike"],"picked":"Dagger Throw","floor":3.0},{"not_picked":["Outmaneuver","Quick Slash"],"picked":"Blade Dance","floor":5.0},{"not_picked":["Flying Knee","Caltrops"],"picked":"Prepared","floor":7.0},{"not_picked":["Noxious Fumes","Calculated Gamble"],"picked":"Adrenaline","floor":8.0},{"not_picked":["Eviscerate","Quick Slash"],"picked":"Slice","floor":12.0},{"not_picked":["Acrobatics","PiercingWail"],"picked":"Catalyst","floor":14.0}],"player_experience":1042247,"relics_obtained":[{"floor":4.0,"key":"Shuriken"},{"floor":9.0,"key":"Orichalcum"}],"event_choices":[{"damage_healed":0.0,"max_hp_gain":0.0,"max_hp_loss":0.0,"gold_gain":0.0,"cards_transformed":["Strike_G"],"event_name":"Transmorgrifier","player_choice":"Transformed","floor":11.0,"gold_loss":0.0,"damage_taken":0.0,"cards_obtained":["Deadly Poison"]}],"is_beta":false,"boss_relics":[],"items_purged_floors":[],"is_endless":false,"potions_floor_spawned":[3,7,8,14],"killed_by":"Slime Boss","ascension_level":20}