{"gold_per_floor":[112,112,112,126,146,176,176,188,188,188,188,200,219,239,239,343,343,359,371,371,25,25,58,58,88,88,88,7,39,50,83,83,183,183,194,213,213,226,226,226,243,291,316,4,4,31,50,50,50,50],"floor_reached":51,"playtime":5442,"items_purged":[],"score":810,"play_id":"a517bea5-e810-4172-bd15-1e5568565e4c","local_time":"20190219004305","is_ascension_mode":false,"campfire_choices":[{"floor":10,"key":"DIG"},{"floor":15,"key":"REST"},{"floor":24,"key":"REST"},{"floor":27,"key":"REST"},{"floor":32,"key":"REST"},{"floor":40,"key":"DIG"},{"floor":49,"key":"REST"}],"neow_cost":"NONE","seed_source_timestamp":151097303182300,"circlet_count":0,"master_deck":["Defend_G","Defend_G","Defend_G","Defend_G","Defend_G","Strike_G","Strike_G","Strike_G","Strike_G","Strike_G","Survivor","Neutralize","Footwork","Regret","Backstab","Night Terror","Backflip","Dark Shackles","Die Die Die","Reflex","Flying Knee","PiercingWail","Endless Agony","Tools of the Trade","Dash+1","Prepared+1","Distraction","Escape Plan+1","Dodge and Roll","Heel Hook","Terror+1","Acrobatics+1","Deadly Poison+1","After Image","Writhe","Injury","Decay","Dagger Throw+1","Deadly Poison+1","Madness","Madness","Outmaneuver+1","Quick Slash+1","Acrobatics","Backstab","Outmaneuver+1","Underhanded Strike+1","Magnetism"],"relics":["Fusion Hammer","Pantograph","Shovel","Vajra","Tough Bandages","PreservedInsect","Sozu","Enchiridion","Torii","MutagenicStrength","Strawberry","Red Mask","Bottled Lightning","Bag of Preparation","Mummified Hand","Calling Bell","Regal Pillow","Kunai","Ice Cream","Tingsha","Incense Burner","Orichalcum","Shuriken","FossilizedHelix","Happy Flower"],"potions_floor_usage":[6,8,16,16,33,33],"damage_taken":[{"damage":5,"enemies":"2 Louse","floor":1,"turns":3},{"damage":1,"enemies":"Small Slimes","floor":4,"turns":4},{"damage":0,"enemies":"Cultist","floor":5,"turns":5},{"damage":12,"enemies":"3 Sentries","floor":6,"turns":6},{"damage":2,"enemies":"Blue Slaver","floor":8,"turns":2},{"damage":0,"enemies":"3 Louse","floor":12,"turns":3},{"damage":5,"enemies":"Lots of Slimes","floor":13,"turns":3},{"damage":2,"enemies":"Blue Slaver","floor":14,"turns":2},{"damage":16,"enemies":"Hexaghost","floor":16,"turns":12},{"damage":6,"enemies":"Spheric Guardian","floor":18,"turns":5},{"damage":20,"enemies":"2 Thieves","floor":19,"turns":3},{"damage":18,"enemies":"Slavers","floor":23,"turns":6},{"damage":2,"enemies":"Masked Bandits","floor":25,"turns":4},{"damage":21,"enemies":"Gremlin Leader","floor":29,"turns":6},{"damage":14,"enemies":"Snecko","floor":30,"turns":4},{"damage":5,"enemies":"Book of Stabbing","floor":31,"turns":4},{"damage":31,"enemies":"Collector","floor":33,"turns":9},{"damage":0,"enemies":"3 Darklings","floor":35,"turns":3},{"damage":3,"enemies":"Orb Walker","floor":36,"turns":3},{"damage":10,"enemies":"Jaw Worm Horde","floor":38,"turns":2},{"damage":1,"enemies":"3 Darklings","floor":41,"turns":4},{"damage":39,"enemies":"2 Orb Walkers","floor":42,"turns":5},{"damage":0,"enemies":"Giant Head","floor":46,"turns":5},{"damage":0,"enemies":"Maw","floor":47,"turns":5},{"damage":21,"enemies":"Donu and Deca","floor":50,"turns":12}],"seed_played":"-592965210940481296","potions_obtained":[{"floor":1,"key":"Strength Potion"},{"floor":3,"key":"GamblersBrew"},{"floor":3,"key":"Poison Potion"},{"floor":3,"key":"PowerPotion"},{"floor":6,"key":"Ancient Potion"},{"floor":12,"key":"Energy Potion"},{"floor":16,"key":"Dexterity Potion"}],"is_trial":false,"path_per_floor":["M","?","?","M","M","E","?","M","T","R","?","M","M","M","R","B",null,"M","M","?","$","?","E","R","?","T","R","$","E","M","E","R","B",null,"M","M","?","M","?","R","M","?","T","$","T","E","M","?","R","B",null],"character_chosen":"THE_SILENT","items_purchased":["Torii","Distraction","Heel Hook","Shuriken","Backstab"],"campfire_rested":5,"item_purchase_floors":[21,21,28,44,44],"current_hp_per_floor":[65,65,65,64,64,52,45,43,43,43,43,43,38,36,57,54,70,64,44,28,28,28,17,40,38,38,61,61,40,26,21,44,38,77,77,74,64,54,54,54,53,14,14,14,14,14,14,14,52,56],"gold":50,"neow_bonus":"BOSS_RELIC","is_prod":false,"is_daily":false,"chose_seed":false,"campfire_upgraded":0,"win_rate":0.0,"timestamp":1550536985,"path_taken":["M","?","?","M","?","E","?","M","T","R","?","M","M","?","R","BOSS","M","M","?","$","?","E","R","?","T","R","?","E","?","E","R","BOSS","M","M","?","M","?","R","M","?","T","$","?","E","?","?","R","BOSS"],"build_version":"2019-01-23","purchased_purges":0,"victory":true,"max_hp_per_floor":[70,70,70,70,70,70,70,70,70,70,70,70,70,70,70,70,70,70,70,70,70,70,77,77,77,77,77,77,77,77,77,77,77,77,77,77,77,77,77,77,77,77,77,77,77,77,77,77,77,77],"card_choices":[{"not_picked":["Distraction","Dodge and Roll"],"picked":"Footwork","floor":1},{"not_picked":["Flying Knee","Escape Plan"],"picked":"Blur","floor":4},{"not_picked":["Flying Knee","Crippling Poison"],"picked":"Backstab","floor":5},{"not_picked":["Prepared","Dagger Throw"],"picked":"Night Terror","floor":6},{"not_picked":["Eviscerate","Dagger Throw"],"picked":"Backflip","floor":8},{"not_picked":["Poisoned Stab","Blade Dance"],"picked":"Flying Knee","floor":12},{"not_picked":["Acrobatics","Blade Dance"],"picked":"PiercingWail","floor":13},{"not_picked":["Leg Sweep","Acrobatics"],"picked":"Endless Agony","floor":14},{"not_picked":["Glass Knife","Wraith Form v2"],"picked":"Tools of the Trade","floor":16},{"not_picked":["Cloak And Dagger+1","Blade Dance"],"picked":"Dash+1","floor":18},{"not_picked":["Flying Knee","PiercingWail"],"picked":"Prepared+1","floor":19},{"not_picked":["Caltrops","Crippling Poison"],"picked":"Escape Plan+1","floor":23},{"not_picked":["Slice","Crippling Poison"],"picked":"Dodge and Roll","floor":25},{"not_picked":["Infinite Blades","Tools of the Trade"],"picked":"Terror+1","floor":29},{"not_picked":["Outmaneuver","Underhanded Strike"],"picked":"Acrobatics+1","floor":30},{"not_picked":["Terror","Deflect"],"picked":"Deadly Poison+1","floor":31},{"not_picked":["Bullet Time","Unload"],"picked":"After Image","floor":33},{"not_picked":["Quick Slash+1","Deflect+1"],"picked":"Dagger Throw+1","floor":35},{"not_picked":["Predator","Riddle With Holes"],"picked":"Deadly Poison+1","floor":36},{"not_picked":["Bane","Flechettes"],"picked":"Outmaneuver+1","floor":38},{"not_picked":["Cloak And Dagger","Dagger Throw"],"picked":"Quick Slash+1","floor":41},{"not_picked":["Wraith Form v2","Infinite Blades"],"picked":"Acrobatics","floor":42},{"not_picked":["Reflex","Crippling Poison"],"picked":"Outmaneuver+1","floor":46},{"not_picked":["Expertise+1","Quick Slash"],"picked":"Underhanded Strike+1","floor":47},{"not_picked":["Chrysalis","Discovery"],"picked":"Magnetism","floor":48}],"player_experience":159141,"relics_obtained":[{"floor":6,"key":"Shovel"},{"floor":9,"key":"Tough Bandages"},{"floor":10,"key":"PreservedInsect"},{"floor":20,"key":"Enchiridion"},{"floor":23,"key":"Strawberry"},{"floor":25,"key":"Red Mask"},{"floor":26,"key":"Bottled Lightning"},{"floor":29,"key":"Bag of Preparation"},{"floor":31,"key":"Mummified Hand"},{"floor":34,"key":"Regal Pillow"},{"floor":34,"key":"Kunai"},{"floor":34,"key":"Ice Cream"},{"floor":40,"key":"Tingsha"},{"floor":42,"key":"Incense Burner"},{"floor":43,"key":"Orichalcum"},{"floor":45,"key":"FossilizedHelix"},{"floor":46,"key":"Happy Flower"}],"event_choices":[{"damage_healed":0,"gold_gain":0,"player_choice":"Box","damage_taken":0,"relics_obtained":["Pantograph"],"max_hp_gain":0,"max_hp_loss":0,"event_name":"Big Fish","floor":2,"gold_loss":0,"cards_obtained":["Regret"]},{"damage_healed":0,"gold_gain":0,"player_choice":"Got Potions","damage_taken":0,"max_hp_gain":0,"max_hp_loss":0,"event_name":"Lab","floor":3,"gold_loss":0},{"damage_healed":0,"gold_gain":0,"player_choice":"Success","damage_taken":7,"relics_obtained":["Vajra"],"max_hp_gain":0,"max_hp_loss":0,"event_name":"Scrap Ooze","floor":7,"gold_loss":0},{"damage_healed":0,"gold_gain":0,"player_choice":"3 cards matched","damage_taken":0,"max_hp_gain":0,"max_hp_loss":0,"event_name":"Match and Keep!","floor":11,"gold_loss":0,"cards_obtained":["Dark Shackles","Die Die Die","Reflex"]},{"damage_healed":0,"gold_gain":0,"player_choice":"Obtained Book","damage_taken":16,"max_hp_gain":0,"max_hp_loss":0,"event_name":"Cursed Tome","floor":20,"gold_loss":0},{"damage_healed":0,"gold_gain":0,"player_choice":"Inject Mutagens","damage_taken":0,"relics_obtained":["MutagenicStrength"],"max_hp_gain":0,"max_hp_loss":0,"event_name":"Drug Dealer","floor":22,"gold_loss":0},{"damage_healed":0,"gold_gain":0,"player_choice":"Fought Bandits","damage_taken":0,"max_hp_gain":0,"max_hp_loss":0,"event_name":"Masked Bandits","floor":25,"gold_loss":0},{"damage_healed":0,"gold_gain":0,"player_choice":"Embrace Madness","damage_taken":10,"max_hp_gain":0,"max_hp_loss":0,"event_name":"Winding Halls","floor":37,"gold_loss":0,"cards_obtained":["Madness","Madness"]},{"cards_removed":["Blur"],"damage_healed":0,"gold_gain":0,"player_choice":"Removed Skill","damage_taken":0,"max_hp_gain":0,"max_hp_loss":0,"event_name":"Falling","floor":39,"gold_loss":0},{"damage_healed":0,"gold_gain":0,"player_choice":"Fight","damage_taken":0,"max_hp_gain":0,"max_hp_loss":0,"event_name":"Mysterious Sphere","floor":42,"gold_loss":0},{"damage_healed":0,"gold_gain":0,"player_choice":"Memory 1","damage_taken":0,"max_hp_gain":0,"max_hp_loss":0,"event_name":"SensoryStone","floor":48,"gold_loss":0}],"is_beta":false,"boss_relics":[{"not_picked":["Velvet Choker","Coffee Dripper"],"picked":"Sozu"},{"not_picked":["Lizard Tail","Pandora\u0027s Box"],"picked":"Calling Bell"}],"items_purged_floors":[],"is_endless":false,"potions_floor_spawned":[1,4,6,12,16,25,29,33,35,36,47],"ascension_level":0}