{"gold_per_floor":[13,30,30,30,45,64,99,99,99,99,115,115],"floor_reached":12,"playtime":800,"items_purged":[],"score":80,"play_id":"113a8627-df92-41c4-bb15-9523b91a916f","local_time":"20181016170543","is_ascension_mode":false,"campfire_choices":[{"data":"True Grit","floor":8,"key":"SMITH"}],"neow_cost":"NO_GOLD","seed_source_timestamp":541025605044463,"circlet_count":0,"master_deck":["Strike_R","Strike_R","Strike_R","Strike_R","Strike_R","Defend_R","Defend_R","Defend_R","Defend_R","Bash","Headbutt","True Grit+1","Cleave","Pommel Strike","Disarm","Double Tap"],"relics":["Burning Blood","Torii","Unceasing Top","Question Card","Matryoshka","Golden Idol"],"potions_floor_usage":[],"damage_taken":[{"damage":6,"enemies":"Jaw Worm","floor":1,"turns":4},{"damage":1,"enemies":"Cultist","floor":2,"turns":4},{"damage":0,"enemies":"2 Louse","floor":5,"turns":4},{"damage":1,"enemies":"Looter","floor":6,"turns":4},{"damage":55,"enemies":"Lagavulin","floor":7,"turns":9},{"damage":2,"enemies":"2 Fungi Beasts","floor":11,"turns":4},{"damage":56,"enemies":"Gremlin Nob","floor":12,"turns":5}],"seed_played":"-1469912599545054218","potions_obtained":[{"floor":2,"key":"SpeedPotion"},{"floor":5,"key":"EssenceOfSteel"}],"is_trial":false,"path_per_floor":["M","M","?","?","M","M","E","R","T","?","M"],"character_chosen":"IRONCLAD","items_purchased":[],"campfire_rested":0,"item_purchase_floors":[],"current_hp_per_floor":[80,80,80,73,79,80,31,31,31,31,35,0],"gold":115,"neow_bonus":"ONE_RARE_RELIC","is_prod":false,"is_daily":false,"chose_seed":false,"campfire_upgraded":1,"win_rate":0.0,"timestamp":1539723943,"path_taken":["M","M","?","?","?","M","E","R","T","?","M","E"],"build_version":"2018-10-11","purchased_purges":0,"victory":false,"max_hp_per_floor":[80,80,80,80,80,80,80,80,80,74,74,74],"card_choices":[{"not_picked":["Dual Wield","Feel No Pain"],"picked":"Headbutt","floor":1},{"not_picked":["Clash","Heavy Blade"],"picked":"True Grit","floor":2},{"not_picked":["Body Slam","Heavy Blade"],"picked":"Cleave","floor":5},{"not_picked":["Thunderclap","Iron Wave"],"picked":"Pommel Strike","floor":6},{"not_picked":["True Grit","Power Through"],"picked":"Disarm","floor":7},{"not_picked":["Dual Wield","Perfected Strike","Armaments"],"picked":"Double Tap","floor":11}],"player_experience":33274,"relics_obtained":[{"floor":7,"key":"Question Card"},{"floor":9,"key":"Matryoshka"}],"event_choices":[{"event_name":"Wheel of Change","player_choice":"Full Heal","floor":3,"damage_taken":0},{"event_name":"Scrap Ooze","player_choice":"success","floor":4,"damage_taken":7},{"event_name":"Golden Idol","player_choice":"Lose Max HP","floor":10,"damage_taken":0}],"is_beta":false,"boss_relics":[],"items_purged_floors":[],"is_endless":false,"potions_floor_spawned":[2,5],"killed_by":"Gremlin Nob","ascension_level":0}