{"gold_per_floor":[111,124,49,49,73,73,112,112,112,112,112,147,177,192,192,320,320,320,25,25,25,25,25,25,25,25,25,25,25,25,25,25,25,25,25,25,25,25,25,25,25,25,25,25,25,25,25,25,25,25],"floor_reached":50,"playtime":2476,"items_purged":["Defend_B","Defend_B"],"score":627,"play_id":"c19b3586-5af0-4afc-912f-1ccc6856060f","local_time":"20181027161830","is_ascension_mode":false,"campfire_choices":[{"data":"Echo Form","floor":6,"key":"SMITH"},{"data":"Self Repair","floor":8,"key":"SMITH"},{"data":"Zap","floor":10,"key":"SMITH"},{"data":"Dualcast","floor":15,"key":"SMITH"},{"data":"Reinforced Body","floor":23,"key":"SMITH"},{"data":"Fission","floor":29,"key":"SMITH"},{"data":"Loop","floor":32,"key":"SMITH"},{"floor":41,"key":"REST"},{"floor":49,"key":"DIG"}],"neow_cost":"PERCENT_DAMAGE","seed_source_timestamp":1486930550766237,"circlet_count":0,"master_deck":["Strike_B+1","Strike_B+1","Defend_B+1","Defend_B+1","Zap+1","Dualcast+1","Darkness+1","Echo Form+1","Coolheaded+1","Reinforced Body+1","Force Field+1","Self Repair+1","Electrodynamics+1","Fission+1","Melter+1","Conserve Battery+1","Chaos+1","Loop+1","Defragment+1","Leap+1","Buffer+1","Tempest+1","Steam+1","Glacier+1","Static Discharge+1"],"relics":["Cracked Core","Bloody Idol","Pear","Molten Egg 2","Dead Branch","Tiny Chest","Ectoplasm","Chemical X","Omamori","Darkstone Periapt","Kunai","Nuclear Battery","Mark of the Bloom","PreservedInsect","Bottled Flame","Whetstone","Shovel","Dodecahedron"],"potions_floor_usage":[5,16,16,16,16,28,28,50,50],"damage_taken":[{"damage":1,"enemies":"Cultist","floor":1,"turns":4},{"damage":10,"enemies":"Small Slimes","floor":2,"turns":3},{"damage":3,"enemies":"2 Louse","floor":5,"turns":5},{"damage":26,"enemies":"Gremlin Nob","floor":7,"turns":4},{"damage":12,"enemies":"Lagavulin","floor":12,"turns":8},{"damage":11,"enemies":"Exordium Wildlife","floor":14,"turns":3},{"damage":0,"enemies":"Slime Boss","floor":16,"turns":7},{"damage":6,"enemies":"Spheric Guardian","floor":18,"turns":7},{"damage":9,"enemies":"Shell Parasite","floor":21,"turns":4},{"damage":7,"enemies":"Sentry and Sphere","floor":22,"turns":4},{"damage":0,"enemies":"3 Cultists","floor":24,"turns":4},{"damage":12,"enemies":"Gremlin Leader","floor":25,"turns":6},{"damage":45,"enemies":"Slavers","floor":27,"turns":5},{"damage":2,"enemies":"Centurion and Healer","floor":28,"turns":7},{"damage":16,"enemies":"Shelled Parasite and Fungi","floor":30,"turns":4},{"damage":13,"enemies":"Snake Plant","floor":31,"turns":4},{"damage":38,"enemies":"Collector","floor":33,"turns":9},{"damage":0,"enemies":"Orb Walker","floor":35,"turns":5},{"damage":0,"enemies":"3 Darklings","floor":38,"turns":3},{"damage":0,"enemies":"Reptomancer","floor":40,"turns":4},{"damage":6,"enemies":"Nemesis","floor":42,"turns":5},{"damage":11,"enemies":"Sphere and 2 Shapes","floor":44,"turns":2},{"damage":13,"enemies":"4 Shapes","floor":46,"turns":4},{"damage":0,"enemies":"Maw","floor":47,"turns":5},{"damage":49,"enemies":"Awakened One","floor":50,"turns":14}],"seed_played":"3537081408381969512","potions_obtained":[{"floor":1,"key":"SkillPotion"},{"floor":2,"key":"GamblersBrew"},{"floor":12,"key":"EntropicBrew"},{"floor":18,"key":"Block Potion"},{"floor":21,"key":"SmokeBomb"},{"floor":40,"key":"EssenceOfSteel"},{"floor":42,"key":"Strength Potion"},{"floor":46,"key":"Explosive Potion"}],"is_trial":false,"path_per_floor":["M","M","$","?","M","R","E","R","T","R","?","E","T","M","R","B",null,"M","$","?","M","M","R","M","E","T","E","M","R","M","M","R","B",null,"M","?","T","M","$","E","R","E","T","M","?","M","M","?","R"],"character_chosen":"DEFECT","items_purchased":["Chemical X"],"campfire_rested":1,"item_purchase_floors":[19],"current_hp_per_floor":[53,43,43,43,40,40,24,24,24,24,24,22,22,21,21,31,79,79,79,79,79,79,79,79,77,77,42,50,50,54,51,51,23,79,79,79,79,79,79,79,79,73,73,62,62,49,49,49,49,0],"gold":25,"neow_bonus":"TRANSFORM_TWO_CARDS","is_prod":false,"is_daily":false,"chose_seed":false,"campfire_upgraded":7,"win_rate":0,"timestamp":1540671510,"path_taken":["M","M","$","?","M","R","E","R","T","R","?","E","?","?","R","BOSS","M","$","?","M","M","R","M","E","T","E","M","R","M","M","R","BOSS","M","?","?","M","?","E","R","E","T","M","?","?","M","?","R","BOSS"],"build_version":"2018-10-25v2","purchased_purges":2,"victory":false,"max_hp_per_floor":[75,75,75,69,69,69,79,79,79,79,79,79,79,79,79,79,79,79,79,79,79,79,79,79,79,79,79,79,79,79,79,79,79,79,79,79,79,79,79,79,79,79,79,79,79,79,79,79,79,79],"card_choices":[{"not_picked":["Barrage","Aggregate"],"picked":"Coolheaded","floor":1},{"not_picked":["Sweeping Beam","Cold Snap"],"picked":"Reinforced Body","floor":2},{"not_picked":["Hologram","Coolheaded"],"picked":"Force Field","floor":5},{"not_picked":["Reprogram","Lockon"],"picked":"Self Repair","floor":7},{"not_picked":["Gash+1","Go for the Eyes+1"],"picked":"Electrodynamics","floor":12},{"not_picked":["Doom and Gloom+1","Compile Driver+1","Sweeping Beam+1"],"picked":"SKIP","floor":14},{"not_picked":["Biased Cognition","Echo Form"],"picked":"Fission","floor":16},{"not_picked":["Stack","Gash+1"],"picked":"Melter+1","floor":18},{"not_picked":["Turbo","Streamline+1"],"picked":"Conserve Battery","floor":21},{"not_picked":["Force Field+1","Barrage+1","Stack"],"picked":"SKIP","floor":22},{"not_picked":["Streamline+1","Gash+1","Turbo"],"picked":"SKIP","floor":24},{"not_picked":["Auto Shields","Reboot"],"picked":"Chaos+1","floor":25},{"not_picked":["Rebound+1","Blizzard+1","Hologram"],"picked":"SKIP","floor":27},{"not_picked":["Chill","Doom and Gloom+1"],"picked":"Loop","floor":28},{"not_picked":["Auto Shields","Rebound+1"],"picked":"Defragment+1","floor":30},{"not_picked":["Hologram","Gash+1"],"picked":"Leap","floor":31},{"not_picked":["Creative AI","Core Surge+1"],"picked":"Buffer","floor":33},{"not_picked":["Stack","Skim+1"],"picked":"Tempest+1","floor":35},{"not_picked":["Stack+1","Compile Driver+1","Force Field"],"picked":"SKIP","floor":38},{"not_picked":["Rebound+1","Machine Learning","Conserve Battery+1"],"picked":"SKIP","floor":40},{"not_picked":["Leap","Chaos"],"picked":"Steam+1","floor":42},{"not_picked":["Steam+1","Coolheaded+1","Gash+1"],"picked":"SKIP","floor":44},{"not_picked":["Auto Shields","Doom and Gloom+1"],"picked":"Glacier+1","floor":46},{"not_picked":["Stack","BootSequence+1"],"picked":"Static Discharge+1","floor":47}],"player_experience":99334,"relics_obtained":[{"floor":7,"key":"Pear"},{"floor":9,"key":"Molten Egg 2"},{"floor":12,"key":"Dead Branch"},{"floor":13,"key":"Tiny Chest"},{"floor":25,"key":"Omamori"},{"floor":26,"key":"Darkstone Periapt"},{"floor":27,"key":"Kunai"},{"floor":37,"key":"PreservedInsect"},{"floor":40,"key":"Bottled Flame"},{"floor":42,"key":"Whetstone"},{"floor":43,"key":"Shovel"},{"floor":49,"key":"Dodecahedron"}],"event_choices":[{"damage_healed":0,"gold_gain":0,"player_choice":"Lose Max HP","damage_taken":0,"relics_obtained":["Golden Idol"],"max_hp_gain":0,"max_hp_loss":6,"event_name":"Golden Idol","floor":4,"gold_loss":0},{"damage_healed":0,"gold_gain":0,"player_choice":"Ignored","damage_taken":0,"max_hp_gain":0,"max_hp_loss":0,"event_name":"Liars Game","floor":11,"gold_loss":0},{"damage_healed":0,"gold_gain":0,"player_choice":"Gave Idol","damage_taken":0,"relics_obtained":["Bloody Idol"],"max_hp_gain":0,"max_hp_loss":0,"event_name":"Forgotten Altar","floor":20,"relics_lost":["Golden Idol"],"gold_loss":0},{"damage_healed":0,"gold_gain":0,"player_choice":"Upgrade","damage_taken":0,"relics_obtained":["Mark of the Bloom"],"max_hp_gain":0,"max_hp_loss":0,"event_name":"MindBloom","floor":36,"gold_loss":0,"cards_upgraded":["Strike_B","Strike_B","Defend_B","Defend_B","Darkness","Coolheaded","Force Field","Electrodynamics","Conserve Battery","Leap","Buffer"]},{"damage_healed":0,"gold_gain":0,"player_choice":"Ignored","damage_taken":0,"max_hp_gain":0,"max_hp_loss":0,"event_name":"SecretPortal","floor":45,"gold_loss":0},{"damage_healed":20,"gold_gain":0,"player_choice":"Writhe","damage_taken":0,"max_hp_gain":0,"max_hp_loss":0,"event_name":"Winding Halls","floor":48,"gold_loss":0,"cards_obtained":["Writhe"]}],"is_beta":false,"boss_relics":[{"not_picked":["Runic Pyramid","Eternal Feather"],"picked":"Ectoplasm"},{"not_picked":["Snecko Eye","Velvet Choker"],"picked":"Nuclear Battery"}],"items_purged_floors":[3,19],"is_endless":false,"potions_floor_spawned":[1,2,12,18,21,24,25,40,42,46,47],"killed_by":"Awakened One","ascension_level":0}