{"gold_per_floor":[110,128,3,3,23,53,65,99,99,84,114],"floor_reached":11,"playtime":493,"items_purged":["Strike_R"],"score":119,"play_id":"b052a77f-c64a-4020-b3d2-b3cbc2107e1d","local_time":"20190612114903","is_ascension_mode":true,"campfire_choices":[],"neow_cost":"NONE","seed_source_timestamp":54554878906000,"circlet_count":0,"master_deck":["Strike_R","Strike_R","Strike_R","Strike_R","Defend_R","Defend_R","Defend_R","Defend_R","Bash","Battle Trance","Hemokinesis","Shrug It Off","True Grit","Sword Boomerang","Wild Strike","Second Wind"],"relics":["Burning Blood","StoneCalendar","Bottled Lightning","Prayer Wheel","Ornamental Fan"],"potions_floor_usage":[],"damage_taken":[{"damage":4,"enemies":"2 Louse","floor":1,"turns":4},{"damage":1,"enemies":"Cultist","floor":2,"turns":4},{"damage":8,"enemies":"Jaw Worm","floor":5,"turns":4},{"damage":36,"enemies":"Lagavulin","floor":6,"turns":7},{"damage":12,"enemies":"Exordium Wildlife","floor":7,"turns":4},{"damage":29,"enemies":"Gremlin Nob","floor":8,"turns":4},{"damage":16,"enemies":"Exordium Thugs","floor":10,"turns":4},{"damage":21,"enemies":"3 Sentries","floor":11,"turns":4}],"seed_played":"-8149312963324662512","potions_obtained":[{"floor":1,"key":"Swift Potion"},{"floor":5,"key":"EntropicBrew"},{"floor":6,"key":"Ancient Potion"}],"is_trial":false,"path_per_floor":["M","M","$","?","M","E","M","E","T","M","?"],"character_chosen":"IRONCLAD","items_purchased":["Shrug It Off"],"campfire_rested":0,"item_purchase_floors":[3],"current_hp_per_floor":[82,87,87,87,85,55,49,26,26,16,0],"gold":114,"neow_bonus":"TEN_PERCENT_HP_BONUS","is_prod":false,"is_daily":false,"chose_seed":false,"campfire_upgraded":0,"win_rate":0,"timestamp":1560354543,"path_taken":["M","M","$","?","M","E","?","E","T","M","?"],"build_version":"2019-01-23","purchased_purges":1,"victory":false,"max_hp_per_floor":[88,88,88,88,88,88,88,88,88,88,88],"card_choices":[{"not_picked":["Headbutt","Burning Pact"],"picked":"Battle Trance","floor":1},{"not_picked":["Heavy Blade","Perfected Strike"],"picked":"Hemokinesis","floor":2},{"not_picked":["Cleave","Reckless Charge"],"picked":"True Grit","floor":5},{"not_picked":["Flex","Exhume"],"picked":"Sword Boomerang","floor":6},{"not_picked":["Pummel","Body Slam"],"picked":"Wild Strike","floor":7},{"not_picked":["True Grit","Infernal Blade","Clash"],"picked":"SKIP","floor":8},{"not_picked":["Sword Boomerang","Wild Strike"],"picked":"Second Wind","floor":10},{"not_picked":["Dropkick","Fire Breathing","Wild Strike"],"picked":"SKIP","floor":10}],"player_experience":252941,"relics_obtained":[{"floor":6,"key":"Bottled Lightning"},{"floor":8,"key":"Prayer Wheel"},{"floor":9,"key":"Ornamental Fan"}],"event_choices":[{"damage_healed":0,"gold_gain":0,"player_choice":"Gave Potion","damage_taken":0,"relics_obtained":["StoneCalendar"],"max_hp_gain":0,"max_hp_loss":0,"event_name":"WeMeetAgain","floor":4,"gold_loss":0},{"damage_healed":0,"gold_gain":30,"player_choice":"Searched \u00273\u0027 times","damage_taken":0,"max_hp_gain":0,"max_hp_loss":0,"event_name":"Dead Adventurer","floor":11,"gold_loss":0}],"is_beta":false,"boss_relics":[],"items_purged_floors":[3],"is_endless":false,"potions_floor_spawned":[1,5,6],"killed_by":"3 Sentries","ascension_level":8}