{"gold_per_floor":[116,116,96,109,109,109,140,157,204,220,245,245,6,34,34,130,130,147,147,147,147,3,3,3],"floor_reached":24,"playtime":1557,"items_purged":[],"score":252,"play_id":"ca14cf6a-9929-4862-bb7e-abf3b8e0b875","local_time":"20190322083702","is_ascension_mode":true,"campfire_choices":[{"data":"Streamline","floor":6,"key":"SMITH"},{"floor":12,"key":"REST"},{"floor":15,"key":"REST"},{"floor":23,"key":"RECALL"}],"neow_cost":"NONE","seed_source_timestamp":0,"circlet_count":0,"master_deck":["Strike_B","Strike_B","Strike_B","Strike_B","Defend_B","Defend_B","Defend_B","Defend_B","Zap","Dualcast","Conserve Battery","Sweeping Beam","Streamline+1","Regret","Leap","Coolheaded","Cold Snap","Cold Snap+1","Cold Snap+1","Dark Shackles","Jack Of All Trades+1","Barrage+1","Beam Cell+1","Lockon+1","Machine Learning","Rebound+1","RitualDagger+1","Pain","Ball Lightning+1","Capacitor","Coolheaded"],"special_seed":0,"relics":["Cracked Core","DataDisk","The Courier","Juzu Bracelet","Molten Egg 2","Bird Faced Urn","Eternal Feather","WarpedTongs"],"potions_floor_usage":[7,7,11,14,14,14,14,14],"damage_taken":[{"damage":0.0,"enemies":"Jaw Worm","floor":1.0,"turns":3.0},{"damage":4,"enemies":"Cultist","floor":4,"turns":4},{"damage":18,"enemies":"Lagavulin","floor":7,"turns":5},{"damage":2,"enemies":"Small Slimes","floor":8,"turns":3},{"damage":8,"enemies":"3 Louse","floor":10,"turns":3},{"damage":10,"enemies":"Gremlin Nob","floor":11,"turns":4},{"damage":19,"enemies":"3 Sentries","floor":14,"turns":7},{"damage":32,"enemies":"The Guardian","floor":16,"turns":8},{"damage":36,"enemies":"2 Thieves","floor":18,"turns":3},{"damage":66,"enemies":"Gremlin Leader","floor":24,"turns":6}],"seed_played":"5936850985717099495","potions_obtained":[{"floor":1.0,"key":"AttackPotion"},{"floor":3.0,"key":"SpeedPotion"},{"floor":7,"key":"GamblersBrew"},{"floor":10,"key":"FocusPotion"},{"floor":11,"key":"EntropicBrew"},{"floor":18,"key":"Swift Potion"}],"is_trial":false,"path_per_floor":["M","?","?","M","?","R","E","M","T","M","E","R","$","E","R","B",null,"M","?","?","?","$","R","E"],"character_chosen":"DEFECT","items_purchased":["Cold Snap+1","Dark Shackles","Jack Of All Trades","Barrage+1","Beam Cell+1","Ball Lightning+1","Capacitor","Coolheaded"],"campfire_rested":2,"item_purchase_floors":[13,13,13,13,13,22,22,22],"current_hp_per_floor":[75,75,75,71,71,71,53,51,51,43,33,55,55,36,58,26,75,39,33,33,33,33,51,0],"gold":3,"neow_bonus":"THREE_CARDS","is_prod":false,"is_daily":false,"chose_seed":false,"campfire_upgraded":1,"win_rate":0,"timestamp":1553243822,"path_taken":["M","?","?","?","?","R","E","M","T","M","E","R","$","E","R","BOSS","M","?","?","?","?","R","E"],"build_version":"2019-01-23","purchased_purges":0,"victory":false,"max_hp_per_floor":[75,75,75,75,75,75,75,75,75,75,75,75,75,75,75,75,75,75,75,75,75,75,75,75],"card_choices":[{"not_picked":["Heatsinks","Stack"],"picked":"Conserve Battery","floor":0.0},{"not_picked":["White Noise","Streamline"],"picked":"Sweeping Beam","floor":1.0},{"not_picked":["Stack","Steam"],"picked":"Streamline","floor":4},{"not_picked":["Hologram","Core Surge"],"picked":"Leap","floor":7},{"not_picked":["Rip and Tear","Turbo"],"picked":"Coolheaded","floor":8},{"not_picked":["Glacier","Gash"],"picked":"Cold Snap","floor":10},{"not_picked":["Compile Driver","Fission"],"picked":"Cold Snap","floor":11},{"not_picked":["Reprogram","Auto Shields"],"picked":"Lockon+1","floor":14},{"not_picked":["Reboot","Thunder Strike+1"],"picked":"Machine Learning","floor":16},{"not_picked":["Beam Cell+1","Double Energy"],"picked":"Rebound+1","floor":18}],"player_experience":363596,"relics_obtained":[{"floor":7,"key":"The Courier"},{"floor":9,"key":"Juzu Bracelet"},{"floor":11,"key":"Molten Egg 2"},{"floor":14,"key":"Bird Faced Urn"}],"event_choices":[{"damage_healed":0.0,"max_hp_gain":0.0,"max_hp_loss":0.0,"gold_gain":0.0,"event_name":"The Cleric","player_choice":"Leave","floor":2.0,"gold_loss":0.0,"damage_taken":0.0},{"damage_healed":0.0,"max_hp_gain":0.0,"max_hp_loss":0.0,"gold_gain":0.0,"event_name":"The Woman in Blue","player_choice":"Bought 1 Potion","floor":3.0,"gold_loss":0.0,"damage_taken":0.0},{"damage_healed":0,"gold_gain":0,"player_choice":"Box","damage_taken":0,"relics_obtained":["DataDisk"],"max_hp_gain":0,"max_hp_loss":0,"event_name":"Big Fish","floor":5,"gold_loss":0,"cards_obtained":["Regret"]},{"damage_healed":0,"gold_gain":0,"player_choice":"Joined the Cult","damage_taken":6,"max_hp_gain":0,"max_hp_loss":0,"event_name":"Nest","floor":19,"gold_loss":0,"cards_obtained":["RitualDagger"]},{"damage_healed":0,"gold_gain":0,"player_choice":"Upgraded","damage_taken":0,"max_hp_gain":0,"max_hp_loss":0,"event_name":"Upgrade Shrine","floor":20,"gold_loss":0,"cards_upgraded":["Jack Of All Trades"]},{"damage_healed":0,"gold_gain":0,"player_choice":"Rummage","damage_taken":0,"relics_obtained":["WarpedTongs"],"max_hp_gain":0,"max_hp_loss":0,"event_name":"Accursed Blacksmith","floor":21,"gold_loss":0,"cards_obtained":["Pain"]}],"is_beta":false,"boss_relics":[{"not_picked":["Snecko Eye","Ectoplasm"],"picked":"Eternal Feather"}],"items_purged_floors":[],"is_endless":false,"potions_floor_spawned":[1,7,10,11,18],"killed_by":"Gremlin Leader","ascension_level":4}