{"gold_per_floor":[114,114,134,154,164,191,201,235,235,267,60,60,60,86,86,184,184,199,199,289,307,326,326,326],"floor_reached":24,"playtime":957,"items_purged":[],"score":262,"play_id":"56519472-f09a-4a6f-92bb-c0a4ca76452c","local_time":"20190627123434","is_ascension_mode":true,"campfire_choices":[{"data":"Catalyst","floor":13,"key":"SMITH"},{"floor":15,"key":"REST"},{"data":"Night Terror","floor":23,"key":"SMITH"}],"neow_cost":"NONE","seed_source_timestamp":1126373168190300,"circlet_count":0,"master_deck":["Defend_G","Defend_G","Defend_G","Defend_G","Defend_G","Strike_G","Strike_G","Strike_G","Strike_G","Strike_G","Survivor","Neutralize+1","Dagger Spray+1","Backstab","Leg Sweep","Deadly Poison","Catalyst+1","After Image","Deflect","Catalyst","Noxious Fumes","Night Terror+1","PiercingWail","Crippling Poison","Noxious Fumes","Dodge and Roll"],"relics":["Ring of the Snake","Letter Opener","Snake Skull","Pear","Matryoshka","DollysMirror","Darkstone Periapt","Art of War","Orrery"],"potions_floor_usage":[8,24,24],"damage_taken":[{"damage":0,"enemies":"Small Slimes","floor":1,"turns":5},{"damage":0,"enemies":"Cultist","floor":3,"turns":5},{"damage":0,"enemies":"Jaw Worm","floor":4,"turns":3},{"damage":0,"enemies":"Red Slaver","floor":5,"turns":4},{"damage":14,"enemies":"Lagavulin","floor":6,"turns":8},{"damage":0,"enemies":"2 Fungi Beasts","floor":7,"turns":2},{"damage":19,"enemies":"Gremlin Nob","floor":8,"turns":5},{"damage":16,"enemies":"Lagavulin","floor":10,"turns":5},{"damage":17,"enemies":"Gremlin Nob","floor":14,"turns":5},{"damage":21,"enemies":"Slime Boss","floor":16,"turns":11},{"damage":0,"enemies":"3 Byrds","floor":18,"turns":4},{"damage":3,"enemies":"Chosen","floor":21,"turns":4},{"damage":0,"enemies":"Snake Plant","floor":22,"turns":4},{"damage":57,"enemies":"Gremlin Leader","floor":24,"turns":6}],"seed_played":"5794100404712977025","potions_obtained":[{"floor":3,"key":"Weak Potion"},{"floor":6,"key":"LiquidBronze"},{"floor":7,"key":"Explosive Potion"},{"floor":10,"key":"Ancient Potion"},{"floor":14,"key":"Fruit Juice"}],"is_trial":false,"path_per_floor":["M","?","M","M","M","E","M","E","T","E","$","?","R","E","R","B",null,"M","?","?","M","M","R","E"],"character_chosen":"THE_SILENT","items_purchased":["DollysMirror"],"campfire_rested":1,"item_purchase_floors":[11],"current_hp_per_floor":[70,70,70,70,70,56,56,37,47,31,31,24,24,7,31,10,80,80,65,49,46,46,46,0],"gold":326,"neow_bonus":"UPGRADE_CARD","is_prod":false,"is_daily":false,"chose_seed":false,"campfire_upgraded":2,"win_rate":0,"timestamp":1561653274,"path_taken":["M","?","M","?","M","E","?","E","T","E","?","?","R","E","R","BOSS","M","?","?","M","?","R","E"],"build_version":"2019-01-23","purchased_purges":0,"victory":false,"max_hp_per_floor":[70,70,70,70,70,70,70,70,80,80,80,80,80,80,80,80,80,80,85,85,85,85,85,90],"card_choices":[{"not_picked":["Sucker Punch","Acrobatics"],"picked":"Dagger Spray","floor":1},{"not_picked":["Backflip","Acrobatics"],"picked":"Backstab","floor":3},{"not_picked":["Dodge and Roll","Dagger Spray"],"picked":"Leg Sweep","floor":4},{"not_picked":["Outmaneuver","Backflip"],"picked":"Deadly Poison","floor":5},{"not_picked":["Dagger Throw","Acrobatics","Heel Hook"],"picked":"SKIP","floor":6},{"not_picked":["Reflex","Dagger Throw"],"picked":"Catalyst","floor":7},{"not_picked":["Infinite Blades","Outmaneuver"],"picked":"After Image","floor":8},{"not_picked":["Poisoned Stab","Bane"],"picked":"Deflect","floor":10},{"not_picked":["Escape Plan","Dagger Throw"],"picked":"Noxious Fumes","floor":14},{"not_picked":["Burst","Grand Finale"],"picked":"Night Terror","floor":16},{"not_picked":["Underhanded Strike","Caltrops"],"picked":"PiercingWail","floor":17},{"not_picked":["PiercingWail","Outmaneuver"],"picked":"Crippling Poison","floor":17},{"not_picked":["Quick Slash","Dagger Spray"],"picked":"Noxious Fumes","floor":17},{"not_picked":["Dagger Spray","Phantasmal Killer"],"picked":"Dodge and Roll","floor":17},{"not_picked":["Prepared","Slice","Quick Slash"],"picked":"SKIP","floor":18},{"not_picked":["Poisoned Stab+1","Slice+1","Cloak And Dagger"],"picked":"SKIP","floor":21},{"not_picked":["Underhanded Strike","Acrobatics","Quick Slash"],"picked":"SKIP","floor":22}],"player_experience":290836,"relics_obtained":[{"floor":6,"key":"Letter Opener"},{"floor":8,"key":"Snake Skull"},{"floor":9,"key":"Pear"},{"floor":10,"key":"Matryoshka"},{"floor":14,"key":"Art of War"}],"event_choices":[{"damage_healed":0,"gold_gain":0,"player_choice":"Forge","damage_taken":0,"max_hp_gain":0,"max_hp_loss":0,"event_name":"Accursed Blacksmith","floor":2,"gold_loss":0,"cards_upgraded":["Dagger Spray"]},{"damage_healed":0,"gold_gain":0,"player_choice":"Success","damage_taken":7,"relics_obtained":["Darkstone Periapt"],"max_hp_gain":0,"max_hp_loss":0,"event_name":"Scrap Ooze","floor":12,"gold_loss":0},{"damage_healed":0,"gold_gain":0,"player_choice":"Shed Blood","damage_taken":20,"max_hp_gain":5,"max_hp_loss":0,"event_name":"Forgotten Altar","floor":19,"gold_loss":0},{"damage_healed":0,"gold_gain":90,"player_choice":"GOLD ","damage_taken":16,"max_hp_gain":0,"max_hp_loss":0,"event_name":"Knowing Skull","floor":20,"potions_obtained":[],"gold_loss":0,"cards_obtained":[]}],"is_beta":false,"boss_relics":[{"not_picked":["Lizard Tail","Tiny House"],"picked":"Orrery"}],"items_purged_floors":[],"is_endless":false,"potions_floor_spawned":[3,6,7,10,14,21],"killed_by":"Gremlin Leader","ascension_level":1}