{"gold_per_floor":[114,189,204,219,234,264,264,302,302,316,335,45,45,64,64,189,189,208,182,182,201,201,239,239],"floor_reached":24,"playtime":2206,"items_purged":[],"score":253,"play_id":"df90c8bc-bc78-4fe2-9d92-37f685bea657","local_time":"20190309230233","daily_mods":["Allstar","Flight","Night Terrors"],"is_ascension_mode":false,"campfire_choices":[{"floor":13.0,"key":"REST"},{"data":"Mayhem","floor":15.0,"key":"SMITH"}],"neow_cost":"","seed_source_timestamp":0,"circlet_count":0,"master_deck":["Defend_G","Defend_G","Defend_G","Defend_G","Defend_G","Survivor","Neutralize","Metamorphosis","Finesse","Dark Shackles","Mayhem+1","Mind Blast","Noxious Fumes","Noxious Fumes","Dodge and Roll","Deflect","Deadly Poison","Deflect","Escape Plan","Dagger Spray","Bandage Up","Choke","After Image","Dagger Spray","Prepared","Bite","Bite","Bite","Bite","Bite","Backstab","Blade Dance"],"special_seed":17964,"relics":["Ring of the Snake","Pen Nib","Golden Idol","Bronze Scales","Smiling Mask","Odd Mushroom","Toy Ornithopter","Black Star","Happy Flower","Dream Catcher"],"potions_floor_usage":[19,21,23],"damage_taken":[{"damage":1.0,"enemies":"Small Slimes","floor":1.0,"turns":5.0},{"damage":0.0,"enemies":"Cultist","floor":3.0,"turns":3.0},{"damage":6.0,"enemies":"2 Louse","floor":4.0,"turns":3.0},{"damage":0.0,"enemies":"Looter","floor":5.0,"turns":3.0},{"damage":10.0,"enemies":"Lagavulin","floor":6.0,"turns":7.0},{"damage":20.0,"enemies":"Gremlin Nob","floor":8.0,"turns":5.0},{"damage":17.0,"enemies":"The Mushroom Lair","floor":10.0,"turns":5.0},{"damage":0.0,"enemies":"3 Louse","floor":11.0,"turns":3.0},{"damage":0.0,"enemies":"Exordium Thugs","floor":14.0,"turns":4.0},{"damage":48.0,"enemies":"The Guardian","floor":16.0,"turns":8.0},{"damage":24,"enemies":"Spheric Guardian","floor":18,"turns":7},{"damage":13,"enemies":"2 Thieves","floor":19,"turns":5},{"damage":13,"enemies":"Snecko","floor":21,"turns":5},{"damage":23,"enemies":"Book of Stabbing","floor":23,"turns":5},{"damage":30,"enemies":"Slavers","floor":24,"turns":2}],"seed_played":"-1382854420231312037","potions_obtained":[{"floor":1.0,"key":"SteroidPotion"},{"floor":4.0,"key":"AttackPotion"},{"floor":6.0,"key":"PowerPotion"},{"floor":10.0,"key":"Fire Potion"},{"floor":11.0,"key":"SteroidPotion"},{"floor":18,"key":"AttackPotion"},{"floor":19,"key":"Swift Potion"},{"floor":21,"key":"LiquidBronze"}],"is_trial":false,"path_per_floor":["M","?","M","M","M","E","?","E","T","?","M","$","R","M","R","B",null,"M","M","?","M","?","E","E"],"character_chosen":"THE_SILENT","items_purchased":["Toy Ornithopter","Bandage Up"],"campfire_rested":1,"item_purchase_floors":[12,12],"current_hp_per_floor":[69,62,62,56,56,46,46,26,26,9,9,9,65,65,65,26,65,41,37,37,36,36,26,0],"gold":239,"neow_bonus":"","is_prod":false,"is_daily":true,"chose_seed":false,"campfire_upgraded":1,"win_rate":0,"timestamp":1552172553,"path_taken":["M","?","?","?","?","E","?","E","T","?","M","$","R","M","R","BOSS","M","M","?","M","?","E","E"],"build_version":"2019-01-23","purchased_purges":0,"victory":false,"max_hp_per_floor":[70,70,70,70,70,70,70,70,70,70,70,70,65,65,65,65,65,65,65,45,45,45,45,45],"card_choices":[{"not_picked":["Infinite Blades","Skewer"],"picked":"Noxious Fumes","floor":1.0},{"not_picked":["Endless Agony","Deadly Poison"],"picked":"Noxious Fumes","floor":3.0},{"not_picked":["Tactician","All Out Attack"],"picked":"Dodge and Roll","floor":4.0},{"not_picked":["Acrobatics","Endless Agony"],"picked":"Deflect","floor":5.0},{"not_picked":["Concentrate","Underhanded Strike"],"picked":"Deadly Poison","floor":6.0},{"not_picked":["Slice","Cloak And Dagger"],"picked":"Deflect","floor":8.0},{"not_picked":["Dash","Dagger Throw"],"picked":"Escape Plan","floor":10.0},{"not_picked":["Backflip","Terror"],"picked":"Dagger Spray","floor":11.0},{"not_picked":["Dash","Calculated Gamble"],"picked":"Choke","floor":14.0},{"not_picked":["A Thousand Cuts","Wraith Form v2"],"picked":"After Image","floor":16.0},{"not_picked":["Setup+1","Escape Plan+1"],"picked":"Dagger Spray","floor":18},{"not_picked":["Eviscerate+1","Reflex"],"picked":"Prepared","floor":19},{"not_picked":["Tactician","Heel Hook"],"picked":"Backstab","floor":21},{"not_picked":["Underhanded Strike+1","Calculated Gamble"],"picked":"Blade Dance","floor":23}],"player_experience":284397,"relics_obtained":[{"floor":6.0,"key":"Pen Nib"},{"floor":8.0,"key":"Bronze Scales"},{"floor":9.0,"key":"Smiling Mask"},{"floor":10.0,"key":"Odd Mushroom"},{"floor":23,"key":"Happy Flower"},{"floor":23,"key":"Dream Catcher"}],"event_choices":[{"damage_healed":0.0,"max_hp_gain":0.0,"max_hp_loss":0.0,"gold_gain":75.0,"event_name":"FaceTrader","player_choice":"Touch","floor":2.0,"gold_loss":0.0,"damage_taken":7.0},{"damage_healed":0.0,"max_hp_gain":0.0,"max_hp_loss":0.0,"gold_gain":0.0,"event_name":"Golden Idol","player_choice":"Take Wound","floor":7.0,"gold_loss":0.0,"damage_taken":0.0,"relics_obtained":["Golden Idol"],"cards_obtained":["Injury"]},{"damage_healed":0.0,"max_hp_gain":0.0,"max_hp_loss":0.0,"gold_gain":0.0,"event_name":"Mushrooms","player_choice":"Fought Mushrooms","floor":10.0,"gold_loss":0.0,"damage_taken":0.0},{"damage_healed":0,"gold_gain":0,"player_choice":"Became a vampire","damage_taken":0,"max_hp_gain":0,"max_hp_loss":20,"event_name":"Vampires","floor":20,"gold_loss":0,"cards_obtained":["Bite","Bite","Bite","Bite","Bite"]},{"cards_removed":["Injury"],"damage_healed":0,"gold_gain":0,"player_choice":"Purged","damage_taken":0,"max_hp_gain":0,"max_hp_loss":0,"event_name":"Purifier","floor":22,"gold_loss":0}],"is_beta":false,"boss_relics":[{"not_picked":["Orrery","Runic Dome"],"picked":"Black Star"}],"items_purged_floors":[],"is_endless":false,"potions_floor_spawned":[1,4,6,10,11,18,19,21],"killed_by":"Slavers","ascension_level":0}