{"gold_per_floor":[114,129,144,144,2,2,32,47,47,62,77,92,92,107,107,207,207,222,237,237,252,252],"floor_reached":22,"playtime":3274,"items_purged":[],"score":192,"play_id":"c1ca1125-31d3-4680-a3fb-3aa0f1f4afb1","local_time":"20190411090334","daily_mods":["Draft","Uncertain Future","Binary"],"is_ascension_mode":false,"campfire_choices":[{"data":"Noxious Fumes","floor":6,"key":"SMITH"},{"floor":15,"key":"DIG"}],"neow_cost":"","seed_source_timestamp":0,"circlet_count":0,"master_deck":["Backflip","Deflect","Deadly Poison","Dagger Throw","Dodge and Roll","Quick Slash","Heel Hook","Sucker Punch","Bane","Prepared","Dash","Heel Hook","Quick Slash","Well Laid Plans","Caltrops","Terror+1","Poisoned Stab","Predator","Noxious Fumes+1","All Out Attack","PiercingWail","Flying Knee","Finisher","Caltrops","Storm of Steel","Endless Agony","Corpse Explosion","Masterful Stab","Riddle With Holes","Bane+1"],"special_seed":17997,"relics":["Ring of the Snake","FaceOfCleric","Shovel","Dead Branch","Tough Bandages","Runic Pyramid"],"potions_floor_usage":[11,16,18,21],"damage_taken":[{"damage":0,"enemies":"Cultist","floor":1,"turns":3},{"damage":3,"enemies":"Jaw Worm","floor":2,"turns":3},{"damage":7,"enemies":"2 Louse","floor":3,"turns":2},{"damage":17,"enemies":"3 Sentries","floor":7,"turns":5},{"damage":9,"enemies":"Blue Slaver","floor":8,"turns":3},{"damage":0,"enemies":"Gremlin Gang","floor":10,"turns":3},{"damage":0,"enemies":"2 Fungi Beasts","floor":11,"turns":2},{"damage":11,"enemies":"Exordium Thugs","floor":12,"turns":4},{"damage":0,"enemies":"3 Louse","floor":14,"turns":2},{"damage":12,"enemies":"Hexaghost","floor":16,"turns":6},{"damage":21,"enemies":"2 Thieves","floor":18,"turns":3},{"damage":0,"enemies":"Chosen","floor":19,"turns":4},{"damage":29,"enemies":"Shelled Parasite and Fungi","floor":21,"turns":4},{"damage":39,"enemies":"Snecko","floor":22,"turns":4}],"seed_played":"6366022716300994326","potions_obtained":[{"floor":7,"key":"Swift Potion"},{"floor":10,"key":"Poison Potion"},{"floor":11,"key":"Ancient Potion"},{"floor":16,"key":"Dexterity Potion"},{"floor":19,"key":"LiquidBronze"}],"is_trial":false,"path_per_floor":["M","M","M","?","$","R","E","M","T","M","M","M","?","M","R","B",null,"M","M","?","M","M"],"character_chosen":"THE_SILENT","items_purchased":["Noxious Fumes","All Out Attack"],"campfire_rested":0,"item_purchase_floors":[5,5],"current_hp_per_floor":[70,67,60,60,60,60,44,36,36,37,38,28,28,29,29,18,77,57,58,58,30,0],"gold":252,"neow_bonus":"","is_prod":false,"is_daily":true,"chose_seed":false,"campfire_upgraded":1,"win_rate":0,"timestamp":1554969814,"path_taken":["M","M","M","?","$","R","E","M","T","M","?","M","?","M","R","BOSS","M","?","?","M","M"],"build_version":"2019-01-23","purchased_purges":0,"victory":false,"max_hp_per_floor":[70,70,70,70,70,70,71,72,72,73,74,75,75,76,76,77,77,78,79,79,80,80],"card_choices":[{"not_picked":["Underhanded Strike","Prepared"],"picked":"Backflip","floor":0},{"not_picked":["Outmaneuver","Sucker Punch"],"picked":"Deflect","floor":0},{"not_picked":["Outmaneuver","PiercingWail"],"picked":"Deadly Poison","floor":0},{"not_picked":["Tactician","Reflex"],"picked":"Dagger Throw","floor":0},{"not_picked":["Sucker Punch","Backflip"],"picked":"Dodge and Roll","floor":0},{"not_picked":["Outmaneuver","Cloak And Dagger"],"picked":"Quick Slash","floor":0},{"not_picked":["Backflip","Dodge and Roll"],"picked":"Heel Hook","floor":0},{"not_picked":["Underhanded Strike","Acrobatics"],"picked":"Sucker Punch","floor":0},{"not_picked":["Cloak And Dagger","Prepared"],"picked":"Bane","floor":0},{"not_picked":["Dagger Throw","Sucker Punch"],"picked":"Prepared","floor":0},{"not_picked":["Quick Slash","Deadly Poison"],"picked":"Dash","floor":0},{"not_picked":["PiercingWail","Catalyst"],"picked":"Heel Hook","floor":0},{"not_picked":["Bane","Reflex"],"picked":"Quick Slash","floor":0},{"not_picked":["Blade Dance","Blur"],"picked":"Well Laid Plans","floor":0},{"not_picked":["Underhanded Strike","Prepared"],"picked":"Caltrops","floor":0},{"not_picked":["Blade Dance"],"picked":"Terror","floor":1},{"not_picked":["Dodge and Roll"],"picked":"Poisoned Stab","floor":2},{"not_picked":["Setup"],"picked":"Predator","floor":3},{"not_picked":["Predator"],"picked":"PiercingWail","floor":7},{"not_picked":["Dagger Spray"],"picked":"Flying Knee","floor":8},{"not_picked":["Outmaneuver"],"picked":"Finisher","floor":10},{"not_picked":["Reflex"],"picked":"Underhanded Strike","floor":11},{"not_picked":["Bouncing Flask"],"picked":"Caltrops","floor":12},{"not_picked":["Backflip"],"picked":"Endless Agony","floor":14},{"not_picked":["Die Die Die"],"picked":"Corpse Explosion","floor":16},{"not_picked":["Slice"],"picked":"Masterful Stab","floor":18},{"not_picked":["Acrobatics"],"picked":"Riddle With Holes","floor":19},{"not_picked":["Setup"],"picked":"Bane+1","floor":21}],"player_experience":476452,"relics_obtained":[{"floor":7,"key":"Shovel"},{"floor":9,"key":"Dead Branch"},{"floor":15,"key":"Tough Bandages"}],"event_choices":[{"damage_healed":0,"gold_gain":0,"player_choice":"Trade","damage_taken":0,"relics_obtained":["FaceOfCleric"],"max_hp_gain":0,"max_hp_loss":0,"event_name":"FaceTrader","floor":4,"gold_loss":0},{"damage_healed":0,"gold_gain":0,"cards_transformed":["Underhanded Strike"],"player_choice":"Transformed","damage_taken":0,"max_hp_gain":0,"max_hp_loss":0,"event_name":"Transmorgrifier","floor":13,"gold_loss":0,"cards_obtained":["Storm of Steel"]},{"damage_healed":0,"gold_gain":0,"player_choice":"Upgraded","damage_taken":0,"max_hp_gain":0,"max_hp_loss":0,"event_name":"Upgrade Shrine","floor":20,"gold_loss":0,"cards_upgraded":["Terror"]}],"is_beta":false,"boss_relics":[{"not_picked":["WristBlade","Snecko Eye"],"picked":"Runic Pyramid"}],"items_purged_floors":[],"is_endless":false,"potions_floor_spawned":[7,10,11,16,19],"killed_by":"Snecko","ascension_level":0}