{"gold_per_floor":[18,18,33,33,48,48,58,58,58,58],"floor_reached":10,"playtime":560,"items_purged":[],"score":116,"play_id":"3d60dbae-07d9-4135-a7a9-25ae6656c6c0","local_time":"20190629024147","is_ascension_mode":true,"campfire_choices":[{"data":"Neutralize","floor":6.0,"key":"SMITH"},{"data":"Concentrate","floor":8.0,"key":"SMITH"}],"neow_cost":"NO_GOLD","seed_source_timestamp":797500745193500,"circlet_count":0,"master_deck":["AscendersBane","Defend_G","Defend_G","Defend_G","Defend_G","Defend_G","Strike_G","Strike_G","Strike_G","Strike_G","Survivor","Neutralize+1","Terror","Escape Plan","Well Laid Plans","Blur","Concentrate+1"],"special_seed":0,"relics":["Ring of the Snake","Unceasing Top","Dodecahedron"],"potions_floor_usage":[10,10],"damage_taken":[{"damage":8.0,"enemies":"Small Slimes","floor":1.0,"turns":5.0},{"damage":0.0,"enemies":"2 Louse","floor":3.0,"turns":4.0},{"damage":2.0,"enemies":"Cultist","floor":5.0,"turns":5.0},{"damage":11.0,"enemies":"3 Louse","floor":7.0,"turns":6.0},{"damage":40,"enemies":"3 Sentries","floor":10,"turns":12}],"seed_played":"1822462791674468295","potions_obtained":[{"floor":1.0,"key":"Swift Potion"},{"floor":3.0,"key":"Swift Potion"}],"is_trial":false,"path_per_floor":["M","?","M","?","M","R","M","R","T","E"],"character_chosen":"THE_SILENT","items_purchased":[],"campfire_rested":0,"item_purchase_floors":[],"current_hp_per_floor":[51,44,44,44,42,42,31,31,31,0],"gold":58,"neow_bonus":"ONE_RARE_RELIC","is_prod":false,"is_daily":false,"chose_seed":false,"campfire_upgraded":2,"win_rate":0,"timestamp":1561743707,"path_taken":["M","?","M","?","M","R","?","R","T","E"],"build_version":"2019-01-23","purchased_purges":0,"victory":false,"max_hp_per_floor":[66,66,66,66,66,66,66,66,66,66],"card_choices":[{"not_picked":["Dash","Escape Plan"],"picked":"Terror","floor":1.0},{"not_picked":["Predator","Prepared"],"picked":"Escape Plan","floor":3.0},{"not_picked":["Quick Slash","Caltrops"],"picked":"Blur","floor":5.0},{"not_picked":["Distraction","Calculated Gamble"],"picked":"Concentrate","floor":7.0}],"player_experience":1020132,"relics_obtained":[{"floor":9.0,"key":"Dodecahedron"}],"event_choices":[{"cards_removed":["Strike_G"],"damage_healed":0.0,"max_hp_gain":0.0,"max_hp_loss":0.0,"gold_gain":0.0,"event_name":"Golden Wing","player_choice":"Card Removal","floor":2.0,"gold_loss":0.0,"damage_taken":7.0},{"damage_healed":0.0,"max_hp_gain":0.0,"max_hp_loss":0.0,"gold_gain":0.0,"event_name":"Match and Keep!","player_choice":"1 cards matched","floor":4.0,"gold_loss":0.0,"damage_taken":0.0,"cards_obtained":["Well Laid Plans"]}],"is_beta":false,"boss_relics":[],"items_purged_floors":[],"is_endless":false,"potions_floor_spawned":[1,3],"killed_by":"3 Sentries","ascension_level":20}