{"gold_per_floor":[114,129,144,159,174,204,204,219,219,234,249,264,279,309,309,309],"floor_reached":16,"playtime":1151,"items_purged":[],"score":145,"play_id":"ce7fc4d2-46b3-4f58-9740-b576799e2d92","local_time":"20190402082549","daily_mods":["Chimera","Vintage","Binary"],"is_ascension_mode":false,"campfire_choices":[{"floor":7,"key":"REST"},{"floor":15,"key":"REST"}],"neow_cost":"","seed_source_timestamp":0,"circlet_count":0,"master_deck":["Bash","Survivor","Zap","Strike_R","Strike_G","Strike_B","Defend_R","Defend_G","Defend_B","Dagger Throw","Noxious Fumes"],"special_seed":17988,"relics":["Ring of the Snake","Prayer Wheel","Strawberry","Shuriken","Smiling Mask","Torii","Mango","Art of War","Dodecahedron","Happy Flower","Molten Egg 2","Snake Skull","Du-Vu Doll","Mummified Hand"],"potions_floor_usage":[3,11,14,14],"damage_taken":[{"damage":1,"enemies":"Cultist","floor":1,"turns":4},{"damage":5,"enemies":"Small Slimes","floor":2,"turns":4},{"damage":1,"enemies":"Jaw Worm","floor":3,"turns":4},{"damage":9,"enemies":"Looter","floor":4,"turns":4},{"damage":7,"enemies":"Blue Slaver","floor":5,"turns":5},{"damage":40,"enemies":"3 Sentries","floor":6,"turns":10},{"damage":2,"enemies":"3 Louse","floor":8,"turns":4},{"damage":11,"enemies":"Large Slime","floor":10,"turns":6},{"damage":1,"enemies":"Looter","floor":11,"turns":2},{"damage":8,"enemies":"Blue Slaver","floor":12,"turns":3},{"damage":3,"enemies":"Lots of Slimes","floor":13,"turns":4},{"damage":21,"enemies":"Lagavulin","floor":14,"turns":7},{"damage":39,"enemies":"Slime Boss","floor":16,"turns":5}],"seed_played":"1331452613733458112","potions_obtained":[{"floor":2,"key":"Dexterity Potion"},{"floor":5,"key":"GamblersBrew"},{"floor":10,"key":"SkillPotion"},{"floor":13,"key":"FearPotion"}],"is_trial":false,"path_per_floor":["M","M","M","M","M","E","R","M","T","M","M","M","M","E","R","B"],"character_chosen":"THE_SILENT","items_purchased":[],"campfire_rested":2,"item_purchase_floors":[],"current_hp_per_floor":[69,71,70,61,54,28,55,53,53,42,41,33,30,9,36,0],"gold":309,"neow_bonus":"","is_prod":false,"is_daily":true,"chose_seed":false,"campfire_upgraded":0,"win_rate":0,"timestamp":1554189949,"path_taken":["M","M","M","M","M","E","R","M","T","M","?","M","M","E","R","BOSS"],"build_version":"2019-01-23","purchased_purges":0,"victory":false,"max_hp_per_floor":[70,77,77,77,77,91,91,91,91,91,91,91,91,91,91,91],"card_choices":[{"not_picked":["Underhanded Strike"],"picked":"Dagger Throw","floor":6},{"not_picked":["Terror"],"picked":"Noxious Fumes","floor":14}],"player_experience":422749,"relics_obtained":[{"floor":1,"key":"Prayer Wheel"},{"floor":2,"key":"Strawberry"},{"floor":3,"key":"Shuriken"},{"floor":4,"key":"Smiling Mask"},{"floor":5,"key":"Torii"},{"floor":6,"key":"Mango"},{"floor":8,"key":"Art of War"},{"floor":9,"key":"Dodecahedron"},{"floor":10,"key":"Happy Flower"},{"floor":11,"key":"Molten Egg 2"},{"floor":12,"key":"Snake Skull"},{"floor":13,"key":"Du-Vu Doll"},{"floor":14,"key":"Mummified Hand"}],"event_choices":[],"is_beta":false,"boss_relics":[],"items_purged_floors":[],"is_endless":false,"potions_floor_spawned":[2,5,10,13],"killed_by":"Slime Boss","ascension_level":0}