{"gold_per_floor":[20,40,40,63,63,63,92,92,162,172,203,220,235,247,247,346,346,357,357,357,83,99,99,99],"floor_reached":24,"playtime":1036,"items_purged":["Strike_R"],"score":227,"play_id":"cc98a646-1a5e-4ba6-b37b-995b0ac6539c","local_time":"20181111120300","is_ascension_mode":true,"campfire_choices":[{"data":"Wild Strike","floor":6.0,"key":"SMITH"},{"data":"1","floor":8.0,"key":"LIFT"},{"data":"2","floor":15.0,"key":"LIFT"},{"data":"3","floor":23,"key":"LIFT"}],"neow_cost":"NO_GOLD","seed_source_timestamp":0,"circlet_count":0,"master_deck":["Strike_R","Strike_R+1","Defend_R","Defend_R","Defend_R+1","Bash","Wild Strike+1","Disarm","Cleave","Pummel","Exhume","Thunderclap","True Grit","Demon Form","Heavy Blade","RitualDagger","Sword Boomerang+1"],"special_seed":0,"relics":["Burning Blood","Bag of Preparation","Girya","Question Card","Shovel","Snecko Eye","Nilry\u0027s Codex","ClockworkSouvenir"],"potions_floor_usage":[],"damage_taken":[{"damage":2.0,"enemies":"2 Louse","floor":1.0,"turns":4.0},{"damage":6.0,"enemies":"Jaw Worm","floor":2.0,"turns":4.0},{"damage":16.0,"enemies":"Gremlin Nob","floor":7.0,"turns":4.0},{"damage":0.0,"enemies":"Small Slimes","floor":10.0,"turns":3.0},{"damage":15.0,"enemies":"3 Sentries","floor":11.0,"turns":6.0},{"damage":10.0,"enemies":"Exordium Thugs","floor":12.0,"turns":3.0},{"damage":3.0,"enemies":"Red Slaver","floor":13.0,"turns":3.0},{"damage":0.0,"enemies":"2 Fungi Beasts","floor":14.0,"turns":2.0},{"damage":39.0,"enemies":"The Guardian","floor":16.0,"turns":14.0},{"damage":17,"enemies":"2 Thieves","floor":18,"turns":3},{"damage":19,"enemies":"Spheric Guardian","floor":22,"turns":5},{"damage":0,"enemies":"Snake Plant","floor":24,"turns":2}],"seed_played":"-8040596727729669991","potions_obtained":[{"floor":1.0,"key":"Regen Potion"},{"floor":7.0,"key":"Strength Potion"},{"floor":13.0,"key":"EssenceOfSteel"}],"is_trial":false,"path_per_floor":["M","M","?","T","?","R","E","R","T","M","E","M","M","M","R","B",null,"M","?","?","$","M","R","M"],"character_chosen":"IRONCLAD","items_purchased":["ClockworkSouvenir"],"campfire_rested":0,"item_purchase_floors":[21],"current_hp_per_floor":[80,80,64,64,64,64,54,54,54,60,51,47,50,56,56,23,80,69,53,47,47,34,34,34],"gold":99,"neow_bonus":"REMOVE_TWO","is_prod":false,"is_daily":false,"chose_seed":false,"campfire_upgraded":1,"win_rate":0,"timestamp":1541955780,"path_taken":["M","M","?","?","?","R","E","R","T","M","E","M","?","M","R","BOSS","M","?","?","?","M","R","?"],"build_version":"2018-11-08","purchased_purges":1,"victory":false,"max_hp_per_floor":[80,80,80,80,80,80,80,80,80,80,80,80,80,80,80,80,80,80,80,80,80,80,80,80],"card_choices":[{"not_picked":["Carnage","Warcry"],"picked":"Wild Strike","floor":1.0},{"not_picked":["Havoc","Heavy Blade"],"picked":"Disarm","floor":2.0},{"not_picked":["Perfected Strike","Flex"],"picked":"Cleave","floor":7.0},{"not_picked":["Havoc","Heavy Blade","Reckless Charge"],"picked":"Pummel","floor":10.0},{"not_picked":["Disarm","Armaments","Anger"],"picked":"Exhume","floor":11.0},{"not_picked":["Cleave","Fire Breathing","Body Slam"],"picked":"Thunderclap","floor":12.0},{"not_picked":["Pommel Strike","Entrench","Whirlwind","Warcry"],"picked":"SKIP","floor":13.0},{"not_picked":["Combust","Clash","Disarm"],"picked":"True Grit","floor":14.0},{"not_picked":["Feed","Bludgeon","Dark Embrace"],"picked":"Demon Form","floor":16.0},{"not_picked":["Evolve+1","Combust+1","Clothesline+1"],"picked":"Heavy Blade","floor":18},{"not_picked":["Perfected Strike","Reckless Charge+1","Armaments"],"picked":"Sword Boomerang+1","floor":22}],"player_experience":138854,"relics_obtained":[{"floor":4.0,"key":"Bag of Preparation"},{"floor":7.0,"key":"Girya"},{"floor":9.0,"key":"Question Card"},{"floor":11.0,"key":"Shovel"},{"floor":19,"key":"Nilry\u0027s Codex"}],"event_choices":[{"damage_healed":0.0,"max_hp_gain":0.0,"max_hp_loss":0.0,"gold_gain":0.0,"event_name":"Shining Light","player_choice":"Entered Light","floor":3.0,"gold_loss":0.0,"damage_taken":16.0,"cards_upgraded":["Defend_R","Strike_R"]},{"cards_removed":["Strike_R"],"damage_healed":0.0,"max_hp_gain":0.0,"max_hp_loss":0.0,"gold_gain":0.0,"event_name":"Purifier","player_choice":"Purged","floor":5.0,"gold_loss":0.0,"damage_taken":0.0},{"damage_healed":0,"gold_gain":0,"player_choice":"Obtained Book","damage_taken":16,"max_hp_gain":0,"max_hp_loss":0,"event_name":"Cursed Tome","floor":19,"gold_loss":0},{"damage_healed":0,"gold_gain":0,"player_choice":"Joined the Cult","damage_taken":6,"max_hp_gain":0,"max_hp_loss":0,"event_name":"Nest","floor":20,"gold_loss":0,"cards_obtained":["RitualDagger"]}],"is_beta":false,"boss_relics":[{"not_picked":["Lizard Tail","Runic Cube"],"picked":"Snecko Eye"}],"items_purged_floors":[21],"is_endless":false,"potions_floor_spawned":[1,7,13,14,18],"killed_by":"Snake Plant","ascension_level":2}