{"gold_per_floor":[111,123,123,73,86,86,115,115,115,115,146,146,146],"floor_reached":13,"playtime":431,"items_purged":[],"score":85,"play_id":"735b7c22-6114-4b8a-902d-713cc95a85b3","local_time":"20181028015409","is_ascension_mode":true,"campfire_choices":[{"data":"Burning Pact","floor":6,"key":"SMITH"},{"data":"Rupture","floor":8,"key":"SMITH"},{"data":"Cleave","floor":10,"key":"SMITH"},{"data":"Wild Strike","floor":12,"key":"SMITH"}],"neow_cost":"NONE","seed_source_timestamp":1523515430951901,"circlet_count":0,"master_deck":["Strike_R","Strike_R","Strike_R","Strike_R","Strike_R","Defend_R","Defend_R","Bash+1","Intimidate","Cleave+1","Burning Pact+1","Rupture+1","Wild Strike+1"],"relics":["Burning Blood","Odd Mushroom","Frozen Egg 2","Self Forming Clay"],"potions_floor_usage":[2,2,7],"damage_taken":[{"damage":1,"enemies":"Cultist","floor":1,"turns":3},{"damage":15,"enemies":"Jaw Worm","floor":2,"turns":5},{"damage":5,"enemies":"Small Slimes","floor":5,"turns":3},{"damage":23,"enemies":"The Mushroom Lair","floor":7,"turns":4},{"damage":49,"enemies":"Lagavulin","floor":11,"turns":8},{"damage":13,"enemies":"Blue Slaver","floor":13,"turns":2}],"seed_played":"1475001720765637826","potions_obtained":[{"floor":1,"key":"EntropicBrew"},{"floor":5,"key":"SkillPotion"}],"is_trial":false,"path_per_floor":["M","M","?","?","M","R","?","R","T","R","E","R"],"character_chosen":"IRONCLAD","items_purchased":[],"campfire_rested":0,"item_purchase_floors":[],"current_hp_per_floor":[80,71,71,71,72,72,55,55,55,55,12,12,0],"gold":146,"neow_bonus":"UPGRADE_CARD","is_prod":false,"is_daily":false,"chose_seed":false,"campfire_upgraded":4,"win_rate":0,"timestamp":1540706049,"path_taken":["M","M","?","?","M","R","?","R","T","R","E","R","M"],"build_version":"2018-10-25v2","purchased_purges":0,"victory":false,"max_hp_per_floor":[80,80,80,80,80,80,80,80,80,80,80,80,80],"card_choices":[{"not_picked":["Sword Boomerang","Perfected Strike"],"picked":"Intimidate","floor":1},{"not_picked":["Armaments","Havoc"],"picked":"Cleave","floor":2},{"not_picked":["Power Through","Havoc"],"picked":"Burning Pact","floor":5},{"not_picked":["Clothesline","Twin Strike"],"picked":"Rupture","floor":7},{"not_picked":["Fiend Fire","Clash"],"picked":"Wild Strike","floor":11}],"player_experience":106633,"relics_obtained":[{"floor":7,"key":"Odd Mushroom"},{"floor":9,"key":"Frozen Egg 2"},{"floor":11,"key":"Self Forming Clay"}],"event_choices":[{"cards_removed":["Defend_R"],"damage_healed":0,"gold_gain":0,"player_choice":"Offered Basic","damage_taken":0,"max_hp_gain":0,"max_hp_loss":0,"event_name":"Bonfire Elementals","floor":3,"gold_loss":0},{"cards_removed":["Defend_R"],"damage_healed":0,"gold_gain":0,"player_choice":"Card Removal","damage_taken":0,"max_hp_gain":0,"max_hp_loss":0,"event_name":"The Cleric","floor":4,"gold_loss":50},{"damage_healed":0,"gold_gain":0,"player_choice":"Fought Mushrooms","damage_taken":0,"max_hp_gain":0,"max_hp_loss":0,"event_name":"Mushrooms","floor":7,"gold_loss":0}],"is_beta":false,"boss_relics":[],"items_purged_floors":[],"is_endless":false,"potions_floor_spawned":[1,5],"killed_by":"Blue Slaver","ascension_level":1}