{"gold_per_floor":[111,61,61,61,61,61,90,104,129,129,156,168,180,219,231,339,351,380,342,369,401,413,425,467,479,491,534,208,9,9],"floor_reached":30,"playtime":1013,"items_purged":["Strike_R"],"score":351,"play_id":"808fa5c5-ce23-4312-b1d9-42a3d1069d2e","local_time":"20181126102804","is_ascension_mode":true,"campfire_choices":[{"data":"Anger","floor":6,"key":"SMITH"},{"data":"Whirlwind","floor":10,"key":"SMITH"},{"data":"Spot Weakness","floor":12,"key":"SMITH"},{"data":"Heavy Blade","floor":15,"key":"SMITH"},{"data":"True Grit","floor":23,"key":"SMITH"}],"neow_cost":"NONE","seed_source_timestamp":916615968856669,"circlet_count":0,"master_deck":["Strike_R+1","Strike_R","Strike_R","Defend_R","Defend_R","Defend_R","Defend_R+1","Bash","Anger+1","Armaments+1","Whirlwind+1","Battle Trance","Spot Weakness+1","Heavy Blade+1","Feed","Dropkick+1","True Grit+1","Metallicize","Clothesline","Body Slam+1","Metallicize+1","Shockwave","Inflame+1"],"relics":["Burning Blood","NeowsBlessing","Bag of Marbles","Red Skull","MawBank","Calipers","Blue Candle","Mark of Pain","Charon\u0027s Ashes","Frozen Egg 2","Oddly Smooth Stone","OrangePellets"],"potions_floor_usage":[27,27,27],"damage_taken":[{"damage":0,"enemies":"Cultist","floor":1,"turns":1},{"damage":0,"enemies":"Lagavulin","floor":7,"turns":1},{"damage":0,"enemies":"2 Louse","floor":8,"turns":1},{"damage":10,"enemies":"Gremlin Nob","floor":11,"turns":3},{"damage":11,"enemies":"Lagavulin","floor":14,"turns":4},{"damage":13,"enemies":"Slime Boss","floor":16,"turns":6},{"damage":12,"enemies":"Shell Parasite","floor":18,"turns":3},{"damage":0,"enemies":"2 Thieves","floor":20,"turns":1},{"damage":14,"enemies":"Centurion and Healer","floor":21,"turns":7},{"damage":45,"enemies":"Book of Stabbing","floor":24,"turns":5},{"damage":12,"enemies":"Slavers","floor":27,"turns":6},{"damage":20,"enemies":"Gremlin Leader","floor":30,"turns":3}],"seed_played":"-4701619314256695468","potions_obtained":[{"floor":7,"key":"EssenceOfSteel"},{"floor":8,"key":"PowerPotion"},{"floor":16,"key":"Block Potion"}],"is_trial":false,"path_per_floor":["M","$","?","?","?","R","E","M","T","R","E","R","T","E","R","B",null,"M","?","M","M","$","R","E","?","T","E","$","$","E"],"character_chosen":"IRONCLAD","items_purchased":["Armaments","Metallicize+1","OrangePellets","Shockwave","Inflame+1","SteroidPotion"],"campfire_rested":0,"item_purchase_floors":[2,28,28,28,29,29],"current_hp_per_floor":[80,80,64,64,57,57,63,69,69,69,65,65,65,60,60,53,80,74,74,80,76,76,76,37,21,21,15,15,15,0],"gold":9,"neow_bonus":"THREE_ENEMY_KILL","is_prod":false,"is_daily":false,"chose_seed":false,"campfire_upgraded":5,"win_rate":0,"timestamp":1543246084,"path_taken":["M","?","?","?","?","R","E","M","T","R","E","R","?","E","R","BOSS","M","?","M","M","?","R","E","?","T","E","?","$","E"],"build_version":"2018-11-15","purchased_purges":1,"victory":false,"max_hp_per_floor":[80,80,80,80,80,80,80,80,80,80,80,80,80,80,80,80,80,80,80,80,84,84,84,84,89,89,89,89,89,89],"card_choices":[{"not_picked":["Heavy Blade","Blood for Blood"],"picked":"Anger","floor":1},{"not_picked":["Armaments","Headbutt"],"picked":"Whirlwind","floor":7},{"not_picked":["Power Through","Shrug It Off"],"picked":"Battle Trance","floor":8},{"not_picked":["Thunderclap","Demon Form"],"picked":"Spot Weakness","floor":11},{"not_picked":["Iron Wave","Headbutt"],"picked":"Heavy Blade","floor":14},{"not_picked":["Barricade","Immolate"],"picked":"Feed","floor":16},{"not_picked":["Cleave","Rage"],"picked":"Dropkick+1","floor":18},{"not_picked":["Perfected Strike","Pommel Strike+1"],"picked":"True Grit","floor":20},{"not_picked":["Armaments","Burning Pact+1"],"picked":"Metallicize","floor":21},{"not_picked":["Anger+1","Burning Pact"],"picked":"Clothesline","floor":24},{"not_picked":["Havoc+1","Warcry"],"picked":"Body Slam+1","floor":27}],"player_experience":163170,"relics_obtained":[{"floor":7,"key":"Bag of Marbles"},{"floor":9,"key":"Red Skull"},{"floor":11,"key":"MawBank"},{"floor":13,"key":"Calipers"},{"floor":14,"key":"Blue Candle"},{"floor":24,"key":"Charon\u0027s Ashes"},{"floor":26,"key":"Frozen Egg 2"},{"floor":27,"key":"Oddly Smooth Stone"}],"event_choices":[{"damage_healed":0,"gold_gain":0,"player_choice":"Entered Light","damage_taken":16,"max_hp_gain":0,"max_hp_loss":0,"event_name":"Shining Light","floor":3,"gold_loss":0,"cards_upgraded":["Strike_R","Defend_R"]},{"damage_healed":0,"gold_gain":0,"player_choice":"Grow","damage_taken":0,"max_hp_gain":0,"max_hp_loss":0,"event_name":"Living Wall","floor":4,"gold_loss":0,"cards_upgraded":["Armaments"]},{"cards_removed":["Strike_R"],"damage_healed":0,"gold_gain":0,"player_choice":"Card Removal","damage_taken":7,"max_hp_gain":0,"max_hp_loss":0,"event_name":"Golden Wing","floor":5,"gold_loss":0},{"damage_healed":0,"gold_gain":0,"player_choice":"Bet on Owner","damage_taken":0,"max_hp_gain":0,"max_hp_loss":0,"event_name":"The Joust","floor":19,"gold_loss":50},{"damage_healed":0,"gold_gain":0,"player_choice":"Shed Blood","damage_taken":21,"max_hp_gain":5,"max_hp_loss":0,"event_name":"Forgotten Altar","floor":25,"gold_loss":0}],"is_beta":false,"boss_relics":[{"not_picked":["Runic Dome","Black Star"],"picked":"Mark of Pain"}],"items_purged_floors":[29],"is_endless":false,"potions_floor_spawned":[7,8,16,18,21],"killed_by":"Gremlin Leader","ascension_level":3}