{"gold_per_floor":[144,244,289,334,379,469,469,514,539,539,569,32,32,122,122,422,422,467,467,39,84,84,174,14,289,289,326,383,485,497,554,566,878,890,947,1259,1316,1378,1390,1402,1555,1657,1669,1726,353,398,29,74,74,74],"floor_reached":51,"playtime":3230,"items_purged":[],"score":1298,"play_id":"93c98eb1-9b6d-4358-a599-94b1e20b47f4","local_time":"20190403215220","daily_mods":["Heirloom","Hoarder","Midas"],"is_ascension_mode":false,"campfire_choices":[{"floor":7.0,"key":"REST"},{"floor":10.0,"key":"REST"},{"floor":13.0,"key":"REST"},{"floor":15.0,"key":"REST"},{"floor":32,"key":"REST"},{"floor":40,"key":"REST"},{"floor":49,"key":"DIG"}],"neow_cost":"","seed_source_timestamp":0,"circlet_count":0,"master_deck":["Defend_G","Defend_G","Defend_G","Defend_G","Defend_G","Strike_G","Strike_G","Strike_G","Strike_G","Strike_G","Survivor","Neutralize","Dodge and Roll","Dodge and Roll","Dodge and Roll","All Out Attack","All Out Attack","All Out Attack","Backflip","Backflip","Backflip","Infinite Blades","Infinite Blades","Infinite Blades","Accuracy","Accuracy","Accuracy","Terror","Terror","Terror","Flash of Steel","Flash of Steel","Flash of Steel","Escape Plan","Escape Plan","Escape Plan","A Thousand Cuts","A Thousand Cuts","A Thousand Cuts","Accuracy","Accuracy","Accuracy","Flash of Steel","Flash of Steel","Flash of Steel","Caltrops","Caltrops","Caltrops","Accuracy","Accuracy","Accuracy","Slice","Slice","Slice","Prepared+1","Prepared+1","Prepared+1","Discovery","Discovery","Discovery","Escape Plan","Escape Plan","Escape Plan","Infinite Blades","Infinite Blades","Infinite Blades","Regret","Regret","Regret","Backflip","Backflip","Backflip","Blade Dance+1","Blade Dance+1","Blade Dance+1","J.A.X.","J.A.X.","J.A.X.","Slice+1","Slice+1","Slice+1","After Image","After Image","After Image","Deflect","Deflect","Deflect","Cloak And Dagger","Cloak And Dagger","Cloak And Dagger","Infinite Blades","Infinite Blades","Infinite Blades","Concentrate+1","Concentrate+1","Concentrate+1","Poisoned Stab+1","Poisoned Stab+1","Poisoned Stab+1","Parasite","Parasite","Parasite","Backstab","Backstab","Backstab","Accuracy","Accuracy","Accuracy","Madness","Madness","Madness","Blind","Blind","Blind","Dodge and Roll+1","Dodge and Roll+1","Dodge and Roll+1","Mind Blast","Mind Blast","Mind Blast","Mind Blast","Mind Blast","Mind Blast","Slice","Slice","Slice"],"special_seed":17989,"relics":["Ring of the Snake","StoneCalendar","The Courier","Lantern","Tiny Chest","Membership Card","Mercury Hourglass","Bronze Scales","Vajra","Bird Faced Urn","Potion Belt","WristBlade","PreservedInsect","Ornamental Fan","Anchor","Juzu Bracelet","TwistedFunnel","Blood Vial","Art of War","MawBank","Regal Pillow","Pear","Fusion Hammer","FossilizedHelix","Bag of Preparation","Tingsha","Centennial Puzzle","Kunai","Happy Flower","Dodecahedron","Mummified Hand","Dream Catcher","Orichalcum","Ancient Tea Set","Pantograph","Paper Crane","Girya","Letter Opener","Omamori","Cauldron","Pen Nib","Question Card","The Specimen","Sling","Ninja Scroll","Shovel","Unceasing Top"],"potions_floor_usage":[23,28,36,44,44,46,50,50,50,50,50],"damage_taken":[{"damage":0.0,"enemies":"Jaw Worm","floor":1.0,"turns":4.0},{"damage":0.0,"enemies":"Cultist","floor":3.0,"turns":4.0},{"damage":0.0,"enemies":"2 Louse","floor":4.0,"turns":2.0},{"damage":11.0,"enemies":"Large Slime","floor":5.0,"turns":7.0},{"damage":19.0,"enemies":"Lagavulin","floor":6.0,"turns":7.0},{"damage":13.0,"enemies":"Exordium Wildlife","floor":8.0,"turns":4.0},{"damage":15.0,"enemies":"3 Sentries","floor":14.0,"turns":4.0},{"damage":38.0,"enemies":"The Guardian","floor":16.0,"turns":6.0},{"damage":14,"enemies":"Shell Parasite","floor":18,"turns":4},{"damage":6,"enemies":"3 Byrds","floor":21,"turns":2},{"damage":22,"enemies":"Book of Stabbing","floor":23,"turns":4},{"damage":10,"enemies":"Snake Plant","floor":28,"turns":2},{"damage":22,"enemies":"Slavers","floor":29,"turns":3},{"damage":3,"enemies":"Centurion and Healer","floor":31,"turns":3},{"damage":38,"enemies":"Collector","floor":33,"turns":5},{"damage":3,"enemies":"3 Shapes","floor":35,"turns":2},{"damage":20,"enemies":"Mind Bloom Boss Battle","floor":36,"turns":5},{"damage":11,"enemies":"Orb Walker","floor":37,"turns":3},{"damage":9,"enemies":"2 Orb Walkers","floor":41,"turns":3},{"damage":3,"enemies":"Reptomancer","floor":42,"turns":2},{"damage":0,"enemies":"Writhing Mass","floor":44,"turns":3},{"damage":10,"enemies":"Maw","floor":46,"turns":5},{"damage":0,"enemies":"Spire Growth","floor":48,"turns":1},{"damage":10,"enemies":"Awakened One","floor":50,"turns":4}],"seed_played":"8059318561791735055","potions_obtained":[{"floor":1.0,"key":"Swift Potion"},{"floor":5.0,"key":"Strength Potion"},{"floor":6.0,"key":"AttackPotion"},{"floor":14.0,"key":"Energy Potion"},{"floor":18,"key":"Dexterity Potion"},{"floor":23,"key":"SkillPotion"},{"floor":31,"key":"Regen Potion"},{"floor":36,"key":"LiquidBronze"},{"floor":37,"key":"SteroidPotion"},{"floor":41,"key":"SkillPotion"},{"floor":42,"key":"Explosive Potion"},{"floor":45,"key":"PowerPotion"},{"floor":45,"key":"Block Potion"},{"floor":45,"key":"Explosive Potion"},{"floor":46,"key":"EssenceOfSteel"}],"is_trial":false,"path_per_floor":["M","?","M","M","M","E","R","M","T","R","T","$","R","E","R","B",null,"M","?","$","M","?","E","$","?","T","T","M","E","?","M","R","B",null,"M","?","M","T","?","R","?","E","T","M","$","M","$","M","R","B",null],"character_chosen":"THE_SILENT","items_purchased":["Membership Card","Mercury Hourglass","Bronze Scales","Vajra","Bird Faced Urn","Flash of Steel","PreservedInsect","Ornamental Fan","Flash of Steel","Caltrops","Anchor","Juzu Bracelet","TwistedFunnel","Art of War","Discovery","Escape Plan","Infinite Blades","Happy Flower","Dodecahedron","Mummified Hand","Dream Catcher","Orichalcum","Ancient Tea Set","Pantograph","Paper Crane","Girya","Letter Opener","Omamori","Cauldron","Pen Nib","Question Card","Accuracy","Madness","Blind","The Specimen","Sling","Ninja Scroll","Shovel","Mind Blast","Mind Blast"],"campfire_rested":6,"item_purchase_floors":[12,12,12,12,12,12,20,20,20,20,20,20,20,24,24,24,24,45,45,45,45,45,45,45,45,45,45,45,45,45,45,45,45,45,45,47,47,47,47,47],"current_hp_per_floor":[70,70,70,70,59,40,61,48,48,69,69,69,70,57,70,38,70,66,53,53,59,59,51,51,51,51,51,55,57,57,60,85,49,85,85,82,74,74,74,85,82,85,85,85,85,82,82,84,84,75],"gold":74,"neow_bonus":"","is_prod":false,"is_daily":true,"chose_seed":false,"campfire_upgraded":0,"win_rate":0,"timestamp":1554324740,"path_taken":["M","?","M","?","?","E","R","?","T","R","?","$","R","E","R","BOSS","M","?","$","M","?","E","?","?","T","?","M","E","?","M","R","BOSS","M","?","M","?","?","R","?","E","T","M","$","M","$","M","R","BOSS"],"build_version":"2019-01-23","purchased_purges":0,"victory":true,"max_hp_per_floor":[70,70,70,70,70,70,70,70,70,70,70,70,70,70,70,70,70,70,75,75,75,75,75,75,75,75,75,75,85,85,85,85,85,85,85,85,85,85,85,85,85,85,85,85,85,85,85,85,85,85],"card_choices":[{"not_picked":["Choke","Predator"],"picked":"Dodge and Roll","floor":1.0},{"not_picked":["Bane","Riddle With Holes"],"picked":"All Out Attack","floor":3.0},{"not_picked":["Skewer","Well Laid Plans"],"picked":"Backflip","floor":4.0},{"not_picked":["Tactician","Flying Knee"],"picked":"Infinite Blades","floor":5.0},{"not_picked":["Poisoned Stab","Bane"],"picked":"Accuracy","floor":6.0},{"not_picked":["Setup","Deadly Poison"],"picked":"Terror","floor":8.0},{"not_picked":["Leg Sweep","Riddle With Holes"],"picked":"Escape Plan","floor":14.0},{"not_picked":["Burst","Grand Finale"],"picked":"A Thousand Cuts","floor":16.0},{"not_picked":["Underhanded Strike+1","Escape Plan"],"picked":"Accuracy","floor":18},{"not_picked":["Escape Plan","Bouncing Flask"],"picked":"Accuracy","floor":21},{"not_picked":["Venomology","Riddle With Holes"],"picked":"Prepared+1","floor":23},{"not_picked":["Leg Sweep","Acrobatics"],"picked":"Backflip","floor":28},{"not_picked":["Footwork","Infinite Blades"],"picked":"Blade Dance+1","floor":29},{"not_picked":["PiercingWail+1","Dagger Throw"],"picked":"Slice+1","floor":31},{"not_picked":["Storm of Steel","Envenom"],"picked":"After Image","floor":33},{"not_picked":["Outmaneuver","Acrobatics+1"],"picked":"Deflect","floor":35},{"not_picked":["Terror","Slice"],"picked":"Cloak And Dagger","floor":36},{"not_picked":["Poisoned Stab+1","Reflex+1"],"picked":"Infinite Blades","floor":37},{"not_picked":["Poisoned Stab","Glass Knife"],"picked":"Concentrate+1","floor":41},{"not_picked":["Deadly Poison","Bane"],"picked":"Poisoned Stab+1","floor":42},{"not_picked":["Dash+1","Dagger Spray+1"],"picked":"Backstab","floor":44},{"not_picked":["Sucker Punch","Backflip+1","Flying Knee+1"],"picked":"Dodge and Roll+1","floor":46},{"not_picked":["Eviscerate+1","Storm of Steel","Prepared+1"],"picked":"Slice","floor":48}],"player_experience":423900,"relics_obtained":[{"floor":6.0,"key":"The Courier"},{"floor":9.0,"key":"Lantern"},{"floor":11.0,"key":"Tiny Chest"},{"floor":14.0,"key":"Potion Belt"},{"floor":23,"key":"Blood Vial"},{"floor":26,"key":"MawBank"},{"floor":27,"key":"Regal Pillow"},{"floor":29,"key":"Pear"},{"floor":36,"key":"FossilizedHelix"},{"floor":38,"key":"Bag of Preparation"},{"floor":41,"key":"Tingsha"},{"floor":42,"key":"Centennial Puzzle"},{"floor":43,"key":"Kunai"},{"floor":49,"key":"Unceasing Top"}],"event_choices":[{"damage_healed":0.0,"max_hp_gain":0.0,"max_hp_loss":0.0,"gold_gain":100.0,"event_name":"Golden Shrine","player_choice":"Pray","floor":2.0,"gold_loss":0.0,"damage_taken":0.0},{"damage_healed":0,"gold_gain":0,"player_choice":"Shed Blood","damage_taken":18,"max_hp_gain":5,"max_hp_loss":0,"event_name":"Forgotten Altar","floor":19,"gold_loss":0},{"damage_healed":0,"gold_gain":0,"player_choice":"Read","damage_taken":0,"max_hp_gain":0,"max_hp_loss":0,"event_name":"The Library","floor":22,"gold_loss":0,"cards_obtained":["Slice"]},{"damage_healed":0,"gold_gain":275,"player_choice":"Desecrate","damage_taken":0,"max_hp_gain":0,"max_hp_loss":0,"event_name":"Golden Shrine","floor":25,"gold_loss":0,"cards_obtained":["Regret"]},{"damage_healed":0,"gold_gain":0,"player_choice":"Obtain J.A.X.","damage_taken":0,"max_hp_gain":0,"max_hp_loss":0,"event_name":"Drug Dealer","floor":30,"gold_loss":0,"cards_obtained":["J.A.X."]},{"damage_healed":0,"gold_gain":0,"player_choice":"Fight","damage_taken":0,"max_hp_gain":0,"max_hp_loss":0,"event_name":"MindBloom","floor":36,"gold_loss":0},{"damage_healed":0,"gold_gain":0,"player_choice":"Ignored","damage_taken":0,"max_hp_gain":0,"max_hp_loss":0,"event_name":"SecretPortal","floor":39,"gold_loss":0},{"damage_healed":0,"gold_gain":0,"player_choice":"Fight","damage_taken":0,"max_hp_gain":0,"max_hp_loss":0,"event_name":"Mysterious Sphere","floor":41,"gold_loss":0}],"is_beta":false,"boss_relics":[{"not_picked":["Cursed Key","White Beast Statue"],"picked":"WristBlade"},{"not_picked":["Ring of the Serpent","Runic Pyramid"],"picked":"Fusion Hammer"}],"items_purged_floors":[],"is_endless":false,"potions_floor_spawned":[1,5,6,14,18,23,31,36,37,41,42,46],"ascension_level":0}