{"gold_per_floor":[111,111,131,141,157,157,157,157,157,168,185,185,202,217,217,291,291,302,73,83,8,35,52,52,86,86,86,96,96,96],"floor_reached":30,"playtime":1187,"items_purged":["Strike_G"],"score":488,"play_id":"3cc7c4ae-188c-4cda-83c9-d2fef8aca3bc","local_time":"20190629114053","is_ascension_mode":true,"campfire_choices":[{"data":"Blade Dance","floor":6,"key":"SMITH"},{"data":"Neutralize","floor":8,"key":"SMITH"},{"data":"Backstab","floor":12,"key":"SMITH"},{"data":"Skewer","floor":15,"key":"SMITH"},{"floor":24,"key":"REST"},{"data":"Masterful Stab","floor":27,"key":"SMITH"}],"neow_cost":"NONE","seed_source_timestamp":829356484835700,"circlet_count":0,"master_deck":["AscendersBane","Defend_G","Defend_G","Defend_G","Defend_G","Defend_G","Strike_G","Strike_G","Survivor","Neutralize+1","Predator","Calculated Gamble","Blade Dance+1","Deflect","Flying Knee","Skewer+1","Backstab+1","Infinite Blades","Infinite Blades","After Image","Masterful Stab+1","Accuracy","Escape Plan","Crippling Poison","Well Laid Plans","PiercingWail","Escape Plan","Dodge and Roll","Envenom"],"relics":["WristBlade","Kunai","White Beast Statue","Bronze Scales","Molten Egg 2","Bottled Flame"],"potions_floor_usage":[16,20,23,23,28,30],"damage_taken":[{"damage":0,"enemies":"Small Slimes","floor":1,"turns":4},{"damage":0,"enemies":"Cultist","floor":3,"turns":3},{"damage":2,"enemies":"Jaw Worm","floor":4,"turns":5},{"damage":2,"enemies":"Red Slaver","floor":5,"turns":3},{"damage":0,"enemies":"Exordium Thugs","floor":10,"turns":3},{"damage":5,"enemies":"Exordium Wildlife","floor":11,"turns":4},{"damage":1,"enemies":"Gremlin Gang","floor":13,"turns":3},{"damage":6,"enemies":"Red Slaver","floor":14,"turns":2},{"damage":6,"enemies":"The Guardian","floor":16,"turns":11},{"damage":27,"enemies":"Shell Parasite","floor":18,"turns":4},{"damage":4,"enemies":"2 Thieves","floor":20,"turns":4},{"damage":13,"enemies":"Snake Plant","floor":23,"turns":3},{"damage":29,"enemies":"Book of Stabbing","floor":25,"turns":5},{"damage":0,"enemies":"Sentry and Sphere","floor":28,"turns":5},{"damage":6,"enemies":"Centurion and Healer","floor":30,"turns":1}],"seed_played":"86407573958562072","potions_obtained":[{"floor":1,"key":"Ancient Potion"},{"floor":5,"key":"Dexterity Potion"},{"floor":10,"key":"Dexterity Potion"},{"floor":18,"key":"LiquidBronze"},{"floor":20,"key":"Ancient Potion"},{"floor":23,"key":"Explosive Potion"},{"floor":25,"key":"GhostInAJar"},{"floor":28,"key":"SpeedPotion"}],"is_trial":false,"path_per_floor":["M","?","M","M","M","R","?","R","T","M","M","R","M","M","R","B",null,"M","$","M","?","T","M","R","E","T","R","M","?","M"],"character_chosen":"THE_SILENT","items_purchased":["Accuracy","Escape Plan"],"campfire_rested":1,"item_purchase_floors":[19,19],"current_hp_per_floor":[59,59,59,57,55,55,55,55,55,55,50,50,49,43,43,37,59,32,32,28,28,28,15,34,5,5,5,5,5,0],"gold":96,"neow_bonus":"BOSS_RELIC","is_prod":false,"is_daily":false,"chose_seed":false,"campfire_upgraded":5,"win_rate":0,"timestamp":1561776053,"path_taken":["M","?","M","?","M","R","?","R","T","M","M","R","M","?","R","BOSS","M","$","M","?","?","M","R","E","T","R","?","?","?"],"build_version":"2019-01-23","purchased_purges":1,"victory":false,"max_hp_per_floor":[66,66,66,66,66,66,66,66,66,66,66,66,66,66,66,66,66,66,66,66,66,66,66,66,66,66,66,66,66,66],"card_choices":[{"not_picked":["Underhanded Strike","Caltrops"],"picked":"Predator","floor":1},{"not_picked":["Quick Slash","Catalyst"],"picked":"Blade Dance","floor":3},{"not_picked":["Flying Knee","Quick Slash"],"picked":"Deflect","floor":4},{"not_picked":["Expertise","Acrobatics"],"picked":"Flying Knee","floor":5},{"not_picked":["Deadly Poison","Riddle With Holes"],"picked":"Backstab","floor":10},{"not_picked":["Heel Hook","Bane","Eviscerate"],"picked":"SKIP","floor":11},{"not_picked":["Underhanded Strike","Distraction"],"picked":"Infinite Blades","floor":13},{"not_picked":["Cloak And Dagger","Poisoned Stab"],"picked":"Infinite Blades","floor":14},{"not_picked":["Bullet Time","Phantasmal Killer"],"picked":"After Image","floor":16},{"not_picked":["Underhanded Strike","Dagger Spray"],"picked":"Masterful Stab","floor":18},{"not_picked":["Tactician","Slice"],"picked":"Crippling Poison","floor":20},{"not_picked":["Flying Knee","Blade Dance"],"picked":"Well Laid Plans","floor":23},{"not_picked":["Underhanded Strike","Dodge and Roll"],"picked":"PiercingWail","floor":25},{"not_picked":["Bane+1","Backflip"],"picked":"Escape Plan","floor":28}],"player_experience":1046107,"relics_obtained":[{"floor":9,"key":"Kunai"},{"floor":22,"key":"Bronze Scales"},{"floor":25,"key":"Molten Egg 2"},{"floor":26,"key":"Bottled Flame"}],"event_choices":[{"damage_healed":0,"gold_gain":0,"player_choice":"1 cards matched","damage_taken":0,"max_hp_gain":0,"max_hp_loss":0,"event_name":"Match and Keep!","floor":2,"gold_loss":0,"cards_obtained":["Calculated Gamble"]},{"damage_healed":0,"gold_gain":0,"cards_transformed":["Strike_G"],"player_choice":"Transformed","damage_taken":0,"max_hp_gain":0,"max_hp_loss":0,"event_name":"Transmorgrifier","floor":7,"gold_loss":0,"cards_obtained":["Skewer"]},{"cards_removed":["Strike_G"],"damage_healed":0,"gold_gain":0,"player_choice":"Gave Gold","damage_taken":0,"max_hp_gain":0,"max_hp_loss":0,"event_name":"Beggar","floor":21,"gold_loss":75},{"damage_healed":0,"gold_gain":0,"player_choice":"2 cards matched","damage_taken":0,"max_hp_gain":0,"max_hp_loss":0,"event_name":"Match and Keep!","floor":29,"gold_loss":0,"cards_obtained":["Dodge and Roll","Envenom"]}],"is_beta":false,"boss_relics":[{"not_picked":["Velvet Choker","Ectoplasm"],"picked":"White Beast Statue"}],"items_purged_floors":[19],"is_endless":false,"potions_floor_spawned":[1,5,10,11,18,20,23,25,28],"killed_by":"Centurion and Healer","ascension_level":20}