{"gold_per_floor":[114,131,111,18,18,18,52,52,104,129,139,139,70,70,70,191,191,211,126,126,141,156,192,192,226,273,273,273,273,12,26,26,155,155,173,189,189,189,204,204,204,224,224,224],"floor_reached":44,"playtime":4038,"items_purged":[],"score":501,"play_id":"ea0a202f-f0eb-4bb1-96fc-bc25a46fc76b","local_time":"20190218193335","is_ascension_mode":true,"campfire_choices":[{"floor":6,"key":"REST"},{"floor":8,"key":"REST"},{"floor":15,"key":"REST"},{"data":"Seek","floor":24,"key":"SMITH"},{"floor":27,"key":"REST"},{"data":"Defragment","floor":32,"key":"SMITH"},{"floor":40,"key":"REST"}],"neow_cost":"PERCENT_DAMAGE","seed_source_timestamp":133951959988199,"circlet_count":0,"master_deck":["Strike_B","Strike_B+1","Defend_B","Defend_B","Defend_B","Zap","Dualcast+1","Madness+1","Chill+1","Darkness","Defragment+1","Leap","Sweeping Beam","Hologram","Conserve Battery","Static Discharge","Seek+1","Hello World+1","Biased Cognition+1","Genetic Algorithm+1","Biased Cognition+1","Sweeping Beam+1","Tempest","Doom and Gloom+1","Ball Lightning","Capacitor","Cold Snap+1","Echo Form","Cold Snap+1","Hologram+1","Madness","Madness","Melter+1","Redo+1"],"relics":["Cracked Core","Lantern","Bronze Scales","Anchor","Golden Idol","Astrolabe","Peace Pipe","Bottled Lightning","Boot","War Paint","Toolbox","Nuclear Battery","Torii","Cables"],"potions_floor_usage":[10,16,16,16,36],"damage_taken":[{"damage":3,"enemies":"Jaw Worm","floor":1,"turns":3},{"damage":3,"enemies":"Cultist","floor":2,"turns":4},{"damage":15,"enemies":"Lagavulin","floor":7,"turns":6},{"damage":4,"enemies":"Gremlin Nob","floor":10,"turns":5},{"damage":0,"enemies":"2 Louse","floor":11,"turns":1},{"damage":10,"enemies":"Slime Boss","floor":16,"turns":9},{"damage":0,"enemies":"Shell Parasite","floor":18,"turns":5},{"damage":3,"enemies":"2 Thieves","floor":21,"turns":5},{"damage":9,"enemies":"Cultist and Chosen","floor":22,"turns":6},{"damage":11,"enemies":"Book of Stabbing","floor":23,"turns":5},{"damage":0,"enemies":"Gremlin Leader","floor":25,"turns":6},{"damage":3,"enemies":"Snake Plant","floor":31,"turns":3},{"damage":30,"enemies":"Automaton","floor":33,"turns":9},{"damage":0,"enemies":"Orb Walker","floor":35,"turns":3},{"damage":0,"enemies":"3 Shapes","floor":36,"turns":4},{"damage":73,"enemies":"Sphere and 2 Shapes","floor":39,"turns":6},{"damage":1,"enemies":"Spire Growth","floor":42,"turns":4},{"damage":26,"enemies":"Nemesis","floor":44,"turns":2}],"seed_played":"3162457439360192517","potions_obtained":[{"floor":1,"key":"Dexterity Potion"},{"floor":2,"key":"Dexterity Potion"},{"floor":3,"key":"PowerPotion"},{"floor":10,"key":"Weak Potion"},{"floor":22,"key":"LiquidBronze"},{"floor":33,"key":"Energy Potion"},{"floor":36,"key":"SteroidPotion"},{"floor":42,"key":"GamblersBrew"}],"is_trial":false,"path_per_floor":["M","M","?","$","?","R","E","R","T","E","M","?","$","?","R","B",null,"M","?","?","M","M","E","R","E","T","R","?","?","$","M","R","B",null,"M","M","T","?","M","R","?","M","T","E"],"character_chosen":"DEFECT","items_purchased":["Defragment","Leap","Static Discharge","Toolbox","Capacitor"],"campfire_rested":5,"item_purchase_floors":[4,4,13,30,30],"current_hp_per_floor":[51,48,48,48,33,55,40,62,62,58,58,58,58,40,62,52,75,75,75,75,72,63,52,52,52,52,74,74,85,85,82,82,52,85,85,85,85,74,1,26,26,25,25,0],"gold":224,"neow_bonus":"RANDOM_COLORLESS_2","is_prod":false,"is_daily":false,"chose_seed":false,"campfire_upgraded":2,"win_rate":0,"timestamp":1550518415,"path_taken":["M","M","?","?","?","R","E","R","T","E","M","?","$","?","R","BOSS","M","?","?","?","M","E","R","E","T","R","?","?","$","M","R","BOSS","M","M","?","?","M","R","?","?","T","E"],"build_version":"2019-01-23","purchased_purges":0,"victory":false,"max_hp_per_floor":[75,75,75,75,75,75,75,75,75,75,75,75,75,75,75,75,75,75,75,75,75,75,75,75,75,75,75,75,85,85,85,85,85,85,85,85,85,85,85,85,85,85,85,85],"card_choices":[{"not_picked":["Reprogram","Steam"],"picked":"Chill","floor":1},{"not_picked":["Turbo","Melter"],"picked":"Darkness","floor":2},{"not_picked":["Hologram","Go for the Eyes"],"picked":"Sweeping Beam","floor":7},{"not_picked":["Turbo","Go for the Eyes"],"picked":"Hologram","floor":10},{"not_picked":["Redo","Stack"],"picked":"Conserve Battery","floor":11},{"not_picked":["Amplify","Reboot"],"picked":"Seek","floor":16},{"not_picked":["Sunder","Leap"],"picked":"Genetic Algorithm+1","floor":18},{"not_picked":["Redo","Genetic Algorithm"],"picked":"Sweeping Beam+1","floor":21},{"not_picked":["Beam Cell+1","Ball Lightning"],"picked":"Tempest","floor":22},{"not_picked":["Turbo","Gash"],"picked":"Doom and Gloom+1","floor":23},{"not_picked":["Hello World","Hologram"],"picked":"Ball Lightning","floor":25},{"not_picked":["Sweeping Beam","Fusion"],"picked":"Cold Snap+1","floor":31},{"not_picked":["Meteor Strike","Amplify"],"picked":"Echo Form","floor":33},{"not_picked":["Steam+1","Barrage"],"picked":"Cold Snap+1","floor":35},{"not_picked":["Force Field","Sweeping Beam+1"],"picked":"Hologram+1","floor":36},{"not_picked":["Sunder+1","Steam"],"picked":"Melter+1","floor":39},{"not_picked":["Hologram+1","Compile Driver+1"],"picked":"Redo+1","floor":42}],"player_experience":144542,"relics_obtained":[{"floor":7,"key":"Lantern"},{"floor":9,"key":"Bronze Scales"},{"floor":10,"key":"Anchor"},{"floor":23,"key":"Bottled Lightning"},{"floor":25,"key":"Boot"},{"floor":26,"key":"War Paint"},{"floor":37,"key":"Torii"},{"floor":43,"key":"Cables"}],"event_choices":[{"damage_healed":0,"gold_gain":0,"player_choice":"Bought 1 Potion","damage_taken":0,"max_hp_gain":0,"max_hp_loss":0,"event_name":"The Woman in Blue","floor":3,"gold_loss":0},{"damage_healed":0,"gold_gain":0,"player_choice":"Entered Light","damage_taken":15,"max_hp_gain":0,"max_hp_loss":0,"event_name":"Shining Light","floor":5,"gold_loss":0,"cards_upgraded":["Dualcast","Strike_B"]},{"damage_healed":0,"gold_gain":0,"player_choice":"Ignored","damage_taken":0,"max_hp_gain":0,"max_hp_loss":0,"event_name":"Golden Wing","floor":12,"gold_loss":0},{"damage_healed":0,"gold_gain":0,"player_choice":"Take Damage","damage_taken":18,"relics_obtained":["Golden Idol"],"max_hp_gain":0,"max_hp_loss":0,"event_name":"Golden Idol","floor":14,"gold_loss":0},{"damage_healed":0,"gold_gain":0,"player_choice":"Obtained Relic","damage_taken":0,"relics_obtained":["Peace Pipe"],"max_hp_gain":0,"max_hp_loss":0,"event_name":"Addict","floor":19,"gold_loss":85},{"damage_healed":0,"gold_gain":0,"player_choice":"Copied","damage_taken":0,"max_hp_gain":0,"max_hp_loss":0,"event_name":"Duplicator","floor":20,"gold_loss":0,"cards_obtained":["Biased Cognition"]},{"damage_healed":0,"gold_gain":0,"player_choice":"Ignored","damage_taken":0,"max_hp_gain":0,"max_hp_loss":0,"event_name":"Ghosts","floor":28,"gold_loss":0},{"cards_removed":["Chrysalis"],"damage_healed":1,"gold_gain":0,"player_choice":"Offered Rare","damage_taken":0,"max_hp_gain":10,"max_hp_loss":0,"event_name":"Bonfire Elementals","floor":29,"gold_loss":0},{"damage_healed":0,"gold_gain":0,"player_choice":"Embrace Madness","damage_taken":11,"max_hp_gain":0,"max_hp_loss":0,"event_name":"Winding Halls","floor":38,"gold_loss":0,"cards_obtained":["Madness","Madness"]},{"cards_removed":["Strike_B"],"damage_healed":0,"gold_gain":0,"player_choice":"Purged","damage_taken":0,"max_hp_gain":0,"max_hp_loss":0,"event_name":"Purifier","floor":41,"gold_loss":0}],"is_beta":false,"boss_relics":[{"not_picked":["FrozenCore","Snecko Eye"],"picked":"Astrolabe"},{"not_picked":["Orrery","Cursed Key"],"picked":"Nuclear Battery"}],"items_purged_floors":[],"is_endless":false,"potions_floor_spawned":[1,2,10,22,33,36,42],"killed_by":"Nemesis","ascension_level":1}