{"gold_per_floor":[109,109,109,125,140,140,174,18,18,18,18,18,32,32,32,160,160,181,181,196,14,30,93,93,93],"floor_reached":25,"playtime":1155,"items_purged":[],"score":274,"play_id":"8220c1d8-0610-43f3-b5a3-2f3acfe0eb11","local_time":"20190625095141","is_ascension_mode":true,"campfire_choices":[{"data":"Rampage","floor":6,"key":"SMITH"},{"floor":12,"key":"REST"},{"floor":15,"key":"REST"},{"floor":24,"key":"REST"}],"neow_cost":"CURSE","seed_source_timestamp":436622516785500,"circlet_count":0,"master_deck":["Strike_R","Strike_R","Strike_R","Strike_R","Strike_R","Defend_R","Defend_R+1","Defend_R","Defend_R","Bash+1","Pain","Iron Wave","Regret","Havoc+1","Rampage+1","Shrug It Off+1","Warcry+1","Exhume+1","Metallicize+1","Pain","Inflame","Feel No Pain","Carnage","Spot Weakness+1"],"relics":["Burning Blood","Unceasing Top","Mango","Toxic Egg 2","Vajra","Bronze Scales","Gremlin Horn","Golden Idol","Black Star","WarpedTongs","Juzu Bracelet","Tiny Chest","Magic Flower"],"potions_floor_usage":[16,16,16,22,22,23],"damage_taken":[{"damage":13,"enemies":"2 Louse","floor":1,"turns":3},{"damage":12,"enemies":"Jaw Worm","floor":4,"turns":4},{"damage":9,"enemies":"Small Slimes","floor":5,"turns":4},{"damage":47,"enemies":"Gremlin Nob","floor":7,"turns":5},{"damage":26,"enemies":"Blue Slaver","floor":13,"turns":3},{"damage":25,"enemies":"Hexaghost","floor":16,"turns":9},{"damage":7,"enemies":"3 Byrds","floor":18,"turns":2},{"damage":10,"enemies":"Chosen","floor":20,"turns":6},{"damage":17,"enemies":"Centurion and Healer","floor":22,"turns":6},{"damage":54,"enemies":"Book of Stabbing","floor":23,"turns":6},{"damage":48,"enemies":"Shelled Parasite and Fungi","floor":25,"turns":2}],"seed_played":"-5331022001098794456","potions_obtained":[{"floor":1,"key":"Explosive Potion"},{"floor":4,"key":"SneckoOil"},{"floor":13,"key":"GamblersBrew"},{"floor":16,"key":"FearPotion"},{"floor":18,"key":"Explosive Potion"},{"floor":20,"key":"Swift Potion"}],"is_trial":false,"path_per_floor":["M","?","?","M","M","R","E","$","T","?","$","R","M","?","R","B",null,"M","?","M","$","M","E","R","M"],"character_chosen":"IRONCLAD","items_purchased":["Bronze Scales","Feel No Pain","Juzu Bracelet"],"campfire_rested":3,"item_purchase_floors":[8,21,21],"current_hp_per_floor":[73,87,80,74,71,71,30,30,30,30,30,56,36,19,45,26,72,71,71,67,67,56,8,34,0],"gold":93,"neow_bonus":"ONE_RARE_RELIC","is_prod":false,"is_daily":false,"chose_seed":false,"campfire_upgraded":1,"win_rate":0,"timestamp":1561452701,"path_taken":["M","?","?","M","M","R","E","$","T","?","?","R","M","?","R","BOSS","M","?","?","$","M","E","R","M"],"build_version":"2019-01-23","purchased_purges":0,"victory":false,"max_hp_per_floor":[80,94,94,94,94,94,94,94,94,87,87,87,87,87,87,87,87,87,87,87,87,87,87,87,87],"card_choices":[{"not_picked":["True Grit","Flex"],"picked":"Iron Wave","floor":1},{"not_picked":["Feed","Hemokinesis"],"picked":"Havoc+1","floor":4},{"not_picked":["Clothesline","Evolve"],"picked":"Rampage","floor":5},{"not_picked":["Barricade","Whirlwind"],"picked":"Shrug It Off+1","floor":7},{"not_picked":["Clash","Body Slam"],"picked":"Warcry+1","floor":13},{"not_picked":["Offering+1","Brutality"],"picked":"Exhume+1","floor":16},{"not_picked":["Iron Wave","Flex+1"],"picked":"Metallicize+1","floor":18},{"not_picked":["Thunderclap","Sword Boomerang"],"picked":"Inflame","floor":20},{"not_picked":["Anger","Clothesline+1"],"picked":"Carnage","floor":22},{"not_picked":["Anger","Seeing Red+1"],"picked":"Spot Weakness+1","floor":23}],"player_experience":846086,"relics_obtained":[{"floor":7,"key":"Vajra"},{"floor":9,"key":"Gremlin Horn"},{"floor":23,"key":"Tiny Chest"},{"floor":23,"key":"Magic Flower"}],"event_choices":[{"damage_healed":0,"gold_gain":0,"player_choice":"Box","damage_taken":0,"relics_obtained":["Mango"],"max_hp_gain":0,"max_hp_loss":0,"event_name":"Big Fish","floor":2,"gold_loss":0,"cards_obtained":["Regret"]},{"damage_healed":0,"gold_gain":0,"player_choice":"Success","damage_taken":7,"relics_obtained":["Toxic Egg 2"],"max_hp_gain":0,"max_hp_loss":0,"event_name":"Scrap Ooze","floor":3,"gold_loss":0},{"damage_healed":0,"gold_gain":0,"player_choice":"Lose Max HP","damage_taken":0,"relics_obtained":["Golden Idol"],"max_hp_gain":0,"max_hp_loss":7,"event_name":"Golden Idol","floor":10,"gold_loss":0},{"damage_healed":0,"gold_gain":0,"player_choice":"Entered Light","damage_taken":17,"max_hp_gain":0,"max_hp_loss":0,"event_name":"Shining Light","floor":14,"gold_loss":0,"cards_upgraded":["Defend_R","Bash"]},{"damage_healed":0,"gold_gain":0,"player_choice":"Rummage","damage_taken":0,"relics_obtained":["WarpedTongs"],"max_hp_gain":0,"max_hp_loss":0,"event_name":"Accursed Blacksmith","floor":19,"gold_loss":0,"cards_obtained":["Pain"]}],"is_beta":false,"boss_relics":[{"not_picked":["Eternal Feather","Busted Crown"],"picked":"Black Star"}],"items_purged_floors":[],"is_endless":false,"potions_floor_spawned":[1,4,13,16,18,20],"killed_by":"Shelled Parasite and Fungi","ascension_level":5}