{"gold_per_floor":[212,212,230,305,330,373,373,416,466,479,498,5,5,29,29,160,160,176,176,176,201,28,28,63,63,108,139,139,159,184,184,184,184],"floor_reached":33,"playtime":3014,"items_purged":[],"score":369,"play_id":"ed9a38a0-e832-44a0-afb6-b18d332f9188","local_time":"20190625192111","is_ascension_mode":true,"campfire_choices":[{"floor":7,"key":"REST"},{"floor":13,"key":"REST"},{"data":"Corruption","floor":15,"key":"SMITH"},{"floor":23,"key":"REST"},{"data":"Skewer","floor":25,"key":"SMITH"},{"floor":32,"key":"REST"}],"neow_cost":"NONE","seed_source_timestamp":468930997431500,"circlet_count":0,"master_deck":["Strike_R","Strike_R","Strike_R","Strike_R","Defend_R","Defend_R","Defend_R","Bash","Metallicize","Rage","Iron Wave","Corruption+1","Clothesline","Cleave","Body Slam","Havoc","Sweeping Beam","Burning Pact","Secret Weapon","Pommel Strike+1","Burning Pact","Impervious","Battle Trance","Finisher","Seeing Red","Discovery","Aggregate+1","Skewer+1","Beam Cell","PanicButton","Dagger Spray","Chill","Backflip"],"relics":["Burning Blood","Bloody Idol","Singing Bowl","Dream Catcher","Lantern","PrismaticShard","Ornamental Fan","Sozu","Anchor","Regal Pillow","Omamori"],"potions_floor_usage":[6,6,14,16,16,16],"damage_taken":[{"damage":8,"enemies":"Jaw Worm","floor":1,"turns":4},{"damage":1,"enemies":"Small Slimes","floor":3,"turns":4},{"damage":3,"enemies":"Cultist","floor":5,"turns":5},{"damage":11,"enemies":"3 Sentries","floor":6,"turns":12},{"damage":37,"enemies":"Gremlin Nob","floor":8,"turns":5},{"damage":0,"enemies":"Blue Slaver","floor":10,"turns":4},{"damage":8,"enemies":"2 Fungi Beasts","floor":11,"turns":4},{"damage":4,"enemies":"Looter","floor":14,"turns":2},{"damage":36,"enemies":"Hexaghost","floor":16,"turns":9},{"damage":17,"enemies":"Chosen","floor":18,"turns":6},{"damage":9,"enemies":"Shell Parasite","floor":21,"turns":4},{"damage":25,"enemies":"Gremlin Leader","floor":24,"turns":7},{"damage":16,"enemies":"Book of Stabbing","floor":27,"turns":5},{"damage":8,"enemies":"Centurion and Healer","floor":29,"turns":5},{"damage":0,"enemies":"Snake Plant","floor":30,"turns":2},{"damage":85,"enemies":"Collector","floor":33,"turns":6}],"seed_played":"8576482116987598274","potions_obtained":[{"floor":1,"key":"SteroidPotion"},{"floor":5,"key":"AttackPotion"},{"floor":8,"key":"LiquidBronze"},{"floor":10,"key":"FearPotion"},{"floor":11,"key":"Fire Potion"},{"floor":14,"key":"Dexterity Potion"}],"is_trial":false,"path_per_floor":["M","?","M","?","M","E","R","E","T","M","M","$","R","M","R","B",null,"M","?","?","M","$","R","E","R","T","E","?","M","M","?","R","B"],"character_chosen":"IRONCLAD","items_purchased":["PrismaticShard","Ornamental Fan","Havoc","Seeing Red","Discovery"],"campfire_rested":4,"item_purchase_floors":[12,12,12,22,22],"current_hp_per_floor":[78,58,63,52,55,50,74,43,43,49,47,47,71,73,73,43,71,60,60,60,57,57,80,61,61,61,51,35,33,39,39,78,0],"gold":184,"neow_bonus":"HUNDRED_GOLD","is_prod":false,"is_daily":false,"chose_seed":false,"campfire_upgraded":2,"win_rate":0,"timestamp":1561486871,"path_taken":["M","?","M","?","M","E","R","E","T","M","M","$","R","M","R","BOSS","M","?","?","M","?","R","E","R","T","E","?","?","M","?","R","BOSS"],"build_version":"2019-01-23","purchased_purges":0,"victory":false,"max_hp_per_floor":[80,80,80,80,80,80,80,80,80,80,80,80,80,80,80,80,80,80,80,80,80,80,80,80,80,80,80,80,80,80,80,80,80],"card_choices":[{"not_picked":["Headbutt","Combust"],"picked":"Metallicize","floor":1},{"not_picked":["Iron Wave","Second Wind"],"picked":"Rage","floor":3},{"not_picked":["True Grit","Thunderclap"],"picked":"Iron Wave","floor":5},{"not_picked":["Clash","Flex"],"picked":"Corruption","floor":6},{"not_picked":["Perfected Strike","Flex"],"picked":"Clothesline","floor":8},{"not_picked":["Rupture","Clothesline"],"picked":"Cleave","floor":10},{"not_picked":["Hemokinesis","Wild Strike"],"picked":"Body Slam","floor":11},{"not_picked":["Good Instincts","PiercingWail"],"picked":"Sweeping Beam","floor":13},{"not_picked":["Double Energy","Compile Driver"],"picked":"Burning Pact","floor":14},{"not_picked":["Multi-Cast","Biased Cognition"],"picked":"Secret Weapon","floor":16},{"not_picked":["Quick Slash","Deep Breath"],"picked":"Pommel Strike+1","floor":18},{"not_picked":["Dark Shackles+1","Barrage+1"],"picked":"Finisher","floor":21},{"not_picked":["Combust","Redo+1"],"picked":"Aggregate+1","floor":23},{"not_picked":["Dark Shackles","Finesse+1"],"picked":"Skewer","floor":24},{"not_picked":["Acrobatics+1","Redo+1"],"picked":"Beam Cell","floor":27},{"not_picked":["Burning Pact","Redo"],"picked":"Dagger Spray","floor":29},{"not_picked":["Thunderclap","Seek"],"picked":"Chill","floor":30},{"not_picked":["Clothesline","Prepared"],"picked":"Backflip","floor":32}],"player_experience":847241,"relics_obtained":[{"floor":6,"key":"Singing Bowl"},{"floor":8,"key":"Dream Catcher"},{"floor":9,"key":"Lantern"},{"floor":24,"key":"Anchor"},{"floor":26,"key":"Regal Pillow"},{"floor":27,"key":"Omamori"}],"event_choices":[{"damage_healed":0,"gold_gain":0,"player_choice":"Take Damage","damage_taken":20,"relics_obtained":["Golden Idol"],"max_hp_gain":0,"max_hp_loss":0,"event_name":"Golden Idol","floor":2,"gold_loss":0},{"damage_healed":0,"gold_gain":75,"player_choice":"Gather Gold","damage_taken":11,"max_hp_gain":0,"max_hp_loss":0,"event_name":"World of Goop","floor":4,"gold_loss":0},{"damage_healed":0,"gold_gain":0,"player_choice":"Read","damage_taken":0,"max_hp_gain":0,"max_hp_loss":0,"event_name":"The Library","floor":19,"gold_loss":0,"cards_obtained":["Burning Pact"]},{"damage_healed":0,"gold_gain":0,"cards_transformed":["Defend_R","Strike_R"],"player_choice":"Became Test Subject","damage_taken":0,"max_hp_gain":0,"max_hp_loss":0,"event_name":"Drug Dealer","floor":20,"gold_loss":0,"cards_obtained":["Impervious","Battle Trance"]},{"damage_healed":0,"gold_gain":0,"player_choice":"CARD ","damage_taken":16,"max_hp_gain":0,"max_hp_loss":0,"event_name":"Knowing Skull","floor":28,"potions_obtained":[],"gold_loss":0,"cards_obtained":["PanicButton"]},{"damage_healed":0,"gold_gain":0,"player_choice":"Gave Idol","damage_taken":0,"relics_obtained":["Bloody Idol"],"max_hp_gain":0,"max_hp_loss":0,"event_name":"Forgotten Altar","floor":31,"relics_lost":["Golden Idol"],"gold_loss":0}],"is_beta":false,"boss_relics":[{"not_picked":["Cursed Key","Lizard Tail"],"picked":"Sozu"}],"items_purged_floors":[],"is_endless":false,"potions_floor_spawned":[1,5,8,10,11,14,27,29],"killed_by":"Collector","ascension_level":5}