{"gold_per_floor":[111,111,211,224,244,273,273,299,299,313,323,323,340,369,369,474,474,485,584,601,612,537,568,568,582,608,7,7,7,32,32,32,32],"floor_reached":33,"playtime":1695,"items_purged":["Strike_B"],"score":406,"play_id":"1ee7c744-8e1f-48b7-804d-cd2c3603bed8","local_time":"20190626005400","is_ascension_mode":true,"campfire_choices":[{"data":"Doom and Gloom","floor":7,"key":"SMITH"},{"floor":15,"key":"REST"},{"floor":24,"key":"REST"},{"data":"Buffer","floor":29,"key":"SMITH"},{"data":"Self Repair","floor":32,"key":"SMITH"}],"neow_cost":"NONE","seed_source_timestamp":997196976123200,"circlet_count":0,"master_deck":["Defend_B+1","Defend_B","Defend_B+1","Defend_B","Zap","Dualcast","Core Surge","Hologram","Cold Snap","Doom and Gloom+1","Leap","Consume","Ball Lightning","Rainbow","Reinforced Body","Fusion","Glacier","Coolheaded","Heatsinks","Storm","Capacitor","Buffer+1","Storm","Self Repair+1","Bite","Bite","Bite","Bite","Bite"],"relics":["Cracked Core","Mercury Hourglass","Torii","The Courier","Thread and Needle","Snecko Eye","Happy Flower","Pen Nib","OrangePellets","Mango"],"potions_floor_usage":[8,23,33],"damage_taken":[{"damage":0,"enemies":"Cultist","floor":1,"turns":3},{"damage":0,"enemies":"Small Slimes","floor":4,"turns":3},{"damage":0,"enemies":"2 Louse","floor":5,"turns":1},{"damage":10,"enemies":"Lagavulin","floor":6,"turns":6},{"damage":6,"enemies":"Gremlin Nob","floor":8,"turns":3},{"damage":8,"enemies":"Blue Slaver","floor":10,"turns":2},{"damage":0,"enemies":"2 Fungi Beasts","floor":11,"turns":2},{"damage":0,"enemies":"3 Louse","floor":13,"turns":1},{"damage":13,"enemies":"Lagavulin","floor":14,"turns":5},{"damage":3,"enemies":"Hexaghost","floor":16,"turns":10},{"damage":22,"enemies":"2 Thieves","floor":18,"turns":3},{"damage":1,"enemies":"Shell Parasite","floor":20,"turns":5},{"damage":17,"enemies":"Snake Plant","floor":21,"turns":2},{"damage":14,"enemies":"Slavers","floor":23,"turns":6},{"damage":1,"enemies":"Centurion and Healer","floor":25,"turns":5},{"damage":9,"enemies":"Book of Stabbing","floor":30,"turns":6},{"damage":57,"enemies":"Champ","floor":33,"turns":9}],"seed_played":"-3501778841760862794","potions_obtained":[{"floor":1,"key":"Fire Potion"},{"floor":10,"key":"SneckoOil"},{"floor":11,"key":"EssenceOfSteel"},{"floor":14,"key":"Weak Potion"},{"floor":18,"key":"Ancient Potion"},{"floor":30,"key":"Fire Potion"}],"is_trial":false,"path_per_floor":["M","?","?","M","M","E","R","E","T","M","M","T","M","E","R","B",null,"M","?","M","M","?","E","R","M","T","$","?","R","E","?","R","B"],"character_chosen":"DEFECT","items_purchased":["OrangePellets","Coolheaded","Heatsinks","Storm","Capacitor","Buffer","Storm"],"campfire_rested":2,"item_purchase_floors":[27,27,27,27,27,27,27],"current_hp_per_floor":[75,60,60,60,60,50,50,44,44,36,36,36,36,23,45,42,67,45,45,44,27,27,13,35,34,34,34,34,34,39,39,39,0],"gold":32,"neow_bonus":"ONE_RANDOM_RARE_CARD","is_prod":false,"is_daily":false,"chose_seed":false,"campfire_upgraded":3,"win_rate":0,"timestamp":1561524840,"path_taken":["M","?","?","?","M","E","R","E","T","M","M","?","M","E","R","BOSS","M","?","M","M","?","E","R","M","T","$","?","R","E","?","R","BOSS"],"build_version":"2019-01-23","purchased_purges":1,"victory":false,"max_hp_per_floor":[75,75,75,75,75,75,75,75,75,75,75,75,75,75,75,75,75,75,75,75,75,75,75,75,75,75,75,75,75,89,62,62,62],"card_choices":[{"not_picked":["Recycle","Turbo"],"picked":"Hologram","floor":1},{"not_picked":["Streamline","Aggregate"],"picked":"Cold Snap","floor":4},{"not_picked":["Conserve Battery","Sweeping Beam"],"picked":"Doom and Gloom","floor":5},{"not_picked":["Streamline","Compile Driver"],"picked":"Leap","floor":6},{"not_picked":["Amplify","Rebound","Turbo"],"picked":"SKIP","floor":8},{"not_picked":["Sweeping Beam","Cold Snap"],"picked":"Consume","floor":10},{"not_picked":["Beam Cell","Streamline","Hello World"],"picked":"SKIP","floor":11},{"not_picked":["Conserve Battery","Auto Shields"],"picked":"Ball Lightning","floor":13},{"not_picked":["Scrape","Rip and Tear","Barrage"],"picked":"SKIP","floor":14},{"not_picked":["Hyperbeam","All For One"],"picked":"Rainbow","floor":16},{"not_picked":["Blizzard","Darkness"],"picked":"Reinforced Body","floor":18},{"not_picked":["Streamline","Steam","Sweeping Beam+1"],"picked":"SKIP","floor":20},{"not_picked":["Rebound","Turbo+1","Streamline"],"picked":"SKIP","floor":21},{"not_picked":["Steam","Sweeping Beam"],"picked":"Fusion","floor":23},{"not_picked":["Thunder Strike","Sweeping Beam+1"],"picked":"Glacier","floor":25},{"not_picked":["Beam Cell+1","Go for the Eyes"],"picked":"Self Repair","floor":30}],"player_experience":277480,"relics_obtained":[{"floor":6,"key":"Mercury Hourglass"},{"floor":8,"key":"Torii"},{"floor":12,"key":"The Courier"},{"floor":14,"key":"Thread and Needle"},{"floor":23,"key":"Happy Flower"},{"floor":26,"key":"Pen Nib"},{"floor":30,"key":"Mango"}],"event_choices":[{"damage_healed":0,"gold_gain":0,"player_choice":"Entered Light","damage_taken":15,"max_hp_gain":0,"max_hp_loss":0,"event_name":"Shining Light","floor":2,"gold_loss":0,"cards_upgraded":["Defend_B","Defend_B"]},{"damage_healed":0,"gold_gain":100,"player_choice":"Pray","damage_taken":0,"max_hp_gain":0,"max_hp_loss":0,"event_name":"Golden Shrine","floor":3,"gold_loss":0},{"damage_healed":0,"gold_gain":99,"player_choice":"Stole From Cult","damage_taken":0,"max_hp_gain":0,"max_hp_loss":0,"event_name":"Nest","floor":19,"gold_loss":0},{"cards_removed":["Strike_B"],"damage_healed":0,"gold_gain":0,"player_choice":"Gave Gold","damage_taken":0,"max_hp_gain":0,"max_hp_loss":0,"event_name":"Beggar","floor":22,"gold_loss":75},{"damage_healed":0,"gold_gain":0,"player_choice":"Became a vampire","damage_taken":0,"max_hp_gain":0,"max_hp_loss":27,"event_name":"Vampires","floor":31,"gold_loss":0,"cards_obtained":["Bite","Bite","Bite","Bite","Bite"]}],"is_beta":false,"boss_relics":[{"not_picked":["Busted Crown","Black Star"],"picked":"Snecko Eye"}],"items_purged_floors":[27],"is_endless":false,"potions_floor_spawned":[1,10,11,14,18,30],"killed_by":"Champ","ascension_level":5}