{"gold_per_floor":[144,319,319,44,89,89,89,89,89,134,224,224,269,65,65,365,365,410,455,455,500,0,90,90,90,90,180,225,270,315,360,360,660,660,705,705,750,795,1095,1185,11,56,81,81,81,126,234,234,234,234],"floor_reached":51,"playtime":2889,"items_purged":[],"score":1017,"play_id":"8a019c22-71f2-4d16-89f4-ac778b018406","local_time":"20190323100311","daily_mods":["Cursed Run","Colorless Cards","Midas"],"is_ascension_mode":false,"campfire_choices":[{"floor":6,"key":"REST"},{"floor":8,"key":"REST"},{"floor":15,"key":"REST"},{"floor":24,"key":"REST"},{"floor":32,"key":"REST"},{"floor":44,"key":"REST"},{"floor":49,"key":"DIG"}],"neow_cost":"","seed_source_timestamp":0,"circlet_count":0,"master_deck":["Strike_B","Strike_B","Strike_B","Strike_B","Defend_B","Defend_B","Defend_B","Defend_B+1","Zap+1","Dualcast","Tempest","Doubt","Thunder Strike","Sweeping Beam","Normality","Rainbow","Turbo","Parasite","Cold Snap","Rebound","Normality","Magnetism","Go for the Eyes","Melter+1","RitualDagger","Ball Lightning+1","FTL","Zap","Bandage Up","Shame","Coolheaded+1","Dramatic Entrance","Echo Form","Hello World","Ball Lightning","Electrodynamics","Shame","Electrodynamics","Ball Lightning","Conserve Battery","Steam","Hologram+1","Beam Cell","Capacitor","Pain","Ball Lightning+1","Storm+1","Discovery","Cold Snap+1","Violence","Blind","Static Discharge","Gash","Stack+1","Parasite","Steam+1","Dramatic Entrance","Thinking Ahead","Mind Blast","Redo+1","Self Repair","Writhe","Parasite"],"special_seed":17978,"relics":["Cursed Key","Darkstone Periapt","Du-Vu Doll","Sling","Singing Bowl","Potion Belt","Bronze Scales","Black Star","Shuriken","Bottled Flame","Bag of Marbles","Regal Pillow","Meat on the Bone","Dream Catcher","Ginger","Orrery","WarpedTongs","Thread and Needle","Pen Nib","Juzu Bracelet","Runic Capacitor","Dead Branch","Pocketwatch","Orichalcum","Shovel","Mango"],"potions_floor_usage":[21,23,23,27,33,33,33,39,39,50],"damage_taken":[{"damage":6,"enemies":"Jaw Worm","floor":1,"turns":3},{"damage":8,"enemies":"2 Louse","floor":5,"turns":3},{"damage":2,"enemies":"Small Slimes","floor":10,"turns":3},{"damage":8,"enemies":"Gremlin Nob","floor":11,"turns":3},{"damage":9,"enemies":"3 Louse","floor":13,"turns":3},{"damage":26,"enemies":"The Guardian","floor":16,"turns":6},{"damage":3,"enemies":"Spheric Guardian","floor":18,"turns":3},{"damage":18,"enemies":"Shell Parasite","floor":19,"turns":3},{"damage":20,"enemies":"Centurion and Healer","floor":21,"turns":6},{"damage":19,"enemies":"Book of Stabbing","floor":23,"turns":3},{"damage":19,"enemies":"Slavers","floor":27,"turns":3},{"damage":31,"enemies":"Snake Plant","floor":28,"turns":3},{"damage":0,"enemies":"3 Cultists","floor":29,"turns":3},{"damage":3,"enemies":"Snecko","floor":30,"turns":2},{"damage":14,"enemies":"Snake Plant","floor":31,"turns":2},{"damage":36,"enemies":"Champ","floor":33,"turns":6},{"damage":10,"enemies":"Orb Walker","floor":35,"turns":2},{"damage":8,"enemies":"3 Shapes","floor":37,"turns":2},{"damage":19,"enemies":"3 Darklings","floor":38,"turns":3},{"damage":42,"enemies":"Mind Bloom Boss Battle","floor":39,"turns":4},{"damage":41,"enemies":"Reptomancer","floor":40,"turns":3},{"damage":0,"enemies":"Sphere and 2 Shapes","floor":42,"turns":1},{"damage":0,"enemies":"Transient","floor":46,"turns":5},{"damage":0,"enemies":"2 Orb Walkers","floor":47,"turns":1},{"damage":67,"enemies":"Donu and Deca","floor":50,"turns":6}],"seed_played":"3444376581960519831","potions_obtained":[{"floor":5,"key":"SpeedPotion"},{"floor":10,"key":"Ancient Potion"},{"floor":19,"key":"FearPotion"},{"floor":21,"key":"Fire Potion"},{"floor":29,"key":"PowerPotion"},{"floor":30,"key":"Explosive Potion"},{"floor":31,"key":"PowerPotion"},{"floor":33,"key":"Energy Potion"},{"floor":37,"key":"LiquidBronze"},{"floor":46,"key":"Regen Potion"}],"is_trial":false,"path_per_floor":["M","?","?","$","M","R","?","R","T","M","E","?","M","$","R","B",null,"M","M","?","M","$","E","R","?","T","E","M","M","M","M","R","B",null,"M","?","M","M","?","E","$","M","T","R","?","M","?","?","R","B",null],"character_chosen":"DEFECT","items_purchased":["Sling","Thunder Strike","Bronze Scales","Rebound","Shuriken","Bottled Flame","Runic Capacitor","Dead Branch","Pocketwatch","Violence","Blind","Static Discharge","Gash"],"campfire_rested":6,"item_purchase_floors":[4,4,14,14,22,22,41,41,41,41,41,41,41],"current_hp_per_floor":[69,75,59,59,51,75,75,81,87,85,77,93,84,84,93,73,99,96,78,72,52,52,33,77,77,83,68,53,57,54,52,98,68,111,101,107,107,96,66,41,41,53,59,110,100,104,104,129,143,100],"gold":234,"neow_bonus":"","is_prod":false,"is_daily":true,"chose_seed":false,"campfire_upgraded":0,"win_rate":0,"timestamp":1553335391,"path_taken":["M","?","?","$","M","R","?","R","T","M","E","?","M","$","R","BOSS","M","M","?","M","$","E","R","?","T","E","M","?","M","M","R","BOSS","M","?","?","M","?","E","$","M","T","R","?","M","?","?","R","BOSS"],"build_version":"2019-01-23","purchased_purges":0,"victory":true,"max_hp_per_floor":[75,81,81,81,81,81,81,81,87,87,87,93,93,93,93,99,99,99,99,99,99,99,99,99,99,105,105,105,105,105,105,105,111,111,111,117,117,117,117,117,117,117,123,123,123,123,123,129,143,149],"card_choices":[{"not_picked":["Conserve Battery","Redo"],"picked":"Tempest","floor":1},{"not_picked":["Barrage","Leap"],"picked":"Sweeping Beam","floor":5},{"not_picked":["Gash","Panacea"],"picked":"Rainbow","floor":10},{"not_picked":["Hologram","Compile Driver"],"picked":"Turbo","floor":11},{"not_picked":["Beam Cell","Gash"],"picked":"Cold Snap","floor":13},{"not_picked":["Hyperbeam","Seek"],"picked":"Magnetism","floor":16},{"not_picked":["Steam","Streamline"],"picked":"Go for the Eyes","floor":18},{"not_picked":["Go for the Eyes+1","Stack"],"picked":"Melter+1","floor":19},{"not_picked":["Scrape","Aggregate+1"],"picked":"Ball Lightning+1","floor":21},{"not_picked":["Swift Strike","Panacea"],"picked":"FTL","floor":23},{"not_picked":["Redo","Barrage"],"picked":"Coolheaded+1","floor":27},{"not_picked":["Streamline+1","Leap+1"],"picked":"Dramatic Entrance","floor":28},{"not_picked":["Steam","Redo"],"picked":"Echo Form","floor":29},{"not_picked":["Rebound","Beam Cell"],"picked":"Hello World","floor":30},{"not_picked":["Gash","Jack Of All Trades"],"picked":"Ball Lightning","floor":31},{"not_picked":["Ball Lightning","Streamline"],"picked":"Electrodynamics","floor":32},{"not_picked":["Rainbow","HandOfGreed"],"picked":"Electrodynamics","floor":33},{"not_picked":["Steam","Rebound+1"],"picked":"Ball Lightning","floor":34},{"not_picked":["Aggregate+1","Compile Driver+1"],"picked":"Conserve Battery","floor":34},{"not_picked":["Barrage","Forethought+1"],"picked":"Steam","floor":34},{"not_picked":["Streamline","Static Discharge"],"picked":"Hologram+1","floor":34},{"not_picked":["Redo","Panacea"],"picked":"Beam Cell","floor":34},{"not_picked":["Cold Snap+1","Deep Breath+1"],"picked":"Capacitor","floor":35},{"not_picked":["Go for the Eyes","Barrage"],"picked":"Ball Lightning+1","floor":37},{"not_picked":["Leap+1","FTL"],"picked":"Storm+1","floor":38},{"not_picked":["Seek","Beam Cell"],"picked":"Discovery","floor":39},{"not_picked":["Go for the Eyes+1","Apotheosis"],"picked":"Cold Snap+1","floor":40},{"not_picked":["Enlightenment+1","Ball Lightning+1"],"picked":"Stack+1","floor":42},{"not_picked":["Swift Strike+1","FTL+1"],"picked":"Steam+1","floor":44},{"not_picked":["Bandage Up","Trip"],"picked":"Dramatic Entrance","floor":45},{"not_picked":["Dark Shackles","Sadistic Nature"],"picked":"Thinking Ahead","floor":45},{"not_picked":["Impatience","Master of Strategy"],"picked":"Mind Blast","floor":45},{"not_picked":["Hologram+1","Ball Lightning"],"picked":"Redo+1","floor":46},{"not_picked":["Gash+1","Compile Driver"],"picked":"Self Repair","floor":47}],"player_experience":371542,"relics_obtained":[{"floor":9,"key":"Singing Bowl"},{"floor":11,"key":"Potion Belt"},{"floor":23,"key":"Bag of Marbles"},{"floor":23,"key":"Regal Pillow"},{"floor":26,"key":"Meat on the Bone"},{"floor":27,"key":"Dream Catcher"},{"floor":27,"key":"Ginger"},{"floor":39,"key":"Thread and Needle"},{"floor":40,"key":"Pen Nib"},{"floor":40,"key":"Juzu Bracelet"},{"floor":43,"key":"Orichalcum"},{"floor":47,"key":"Shovel"},{"floor":49,"key":"Mango"}],"event_choices":[{"damage_healed":0,"gold_gain":175,"player_choice":"AGREE","damage_taken":0,"max_hp_gain":0,"max_hp_loss":0,"event_name":"Liars Game","floor":2,"gold_loss":0,"cards_obtained":["Doubt"]},{"damage_healed":0,"gold_gain":0,"player_choice":"Entered Light","damage_taken":16,"max_hp_gain":0,"max_hp_loss":0,"event_name":"Shining Light","floor":3,"gold_loss":0,"cards_upgraded":["Defend_B","Zap"]},{"damage_healed":0,"gold_gain":0,"player_choice":"Leave","damage_taken":0,"max_hp_gain":0,"max_hp_loss":0,"event_name":"The Cleric","floor":7,"gold_loss":0},{"damage_healed":21,"gold_gain":0,"player_choice":"Healed and dodged fight","damage_taken":0,"max_hp_gain":0,"max_hp_loss":0,"event_name":"Mushrooms","floor":12,"gold_loss":0,"cards_obtained":["Parasite"]},{"damage_healed":0,"gold_gain":0,"player_choice":"Joined the Cult","damage_taken":6,"max_hp_gain":0,"max_hp_loss":0,"event_name":"Nest","floor":20,"gold_loss":0,"cards_obtained":["RitualDagger"]},{"damage_healed":0,"gold_gain":0,"player_choice":"2 cards matched","damage_taken":0,"max_hp_gain":0,"max_hp_loss":0,"event_name":"Match and Keep!","floor":25,"gold_loss":0,"cards_obtained":["Zap","Bandage Up"]},{"damage_healed":0,"gold_gain":0,"player_choice":"Rummage","damage_taken":0,"relics_obtained":["WarpedTongs"],"max_hp_gain":0,"max_hp_loss":0,"event_name":"Accursed Blacksmith","floor":36,"gold_loss":0,"cards_obtained":["Pain"]},{"damage_healed":0,"gold_gain":0,"player_choice":"Fight","damage_taken":0,"max_hp_gain":0,"max_hp_loss":0,"event_name":"MindBloom","floor":39,"gold_loss":0},{"damage_healed":0,"gold_gain":0,"player_choice":"Memory 3","damage_taken":10,"max_hp_gain":0,"max_hp_loss":0,"event_name":"SensoryStone","floor":45,"gold_loss":0},{"damage_healed":0,"gold_gain":0,"player_choice":"Fight","damage_taken":0,"max_hp_gain":0,"max_hp_loss":0,"event_name":"Mysterious Sphere","floor":47,"gold_loss":0},{"damage_healed":31,"gold_gain":0,"player_choice":"Writhe","damage_taken":0,"max_hp_gain":0,"max_hp_loss":0,"event_name":"Winding Halls","floor":48,"gold_loss":0,"cards_obtained":["Writhe"]}],"is_beta":false,"boss_relics":[{"not_picked":["Runic Dome","White Beast Statue"],"picked":"Black Star"},{"not_picked":["Snecko Eye","Lizard Tail"],"picked":"Orrery"}],"items_purged_floors":[],"is_endless":false,"potions_floor_spawned":[5,10,19,21,29,30,31,33,37,46],"ascension_level":0}