{"gold_per_floor":[114,114,18,35,50,50,50,50,50,62,62,74,92,120,120,218,218,236,236,249,249,259,292,30,47,128,128,46,46],"floor_reached":29,"playtime":3107,"items_purged":[],"score":235,"play_id":"8cef4f95-6eb6-4fea-80ca-6ca35807ac5d","local_time":"20190307180313","is_ascension_mode":false,"campfire_choices":[{"data":"Haku_2C","floor":6,"key":"SMITH"},{"floor":8,"key":"RECALL"},{"data":"Haku_SwordOfDoom","floor":11,"key":"SMITH"},{"floor":15,"key":"REST"},{"floor":27,"key":"REST"}],"neow_cost":"NONE","seed_source_timestamp":521208236939700,"circlet_count":0,"master_deck":["Haku_4C","Haku_4C","Haku_4C","Haku_4C","Haku_Blocking","Haku_Blocking","Haku_Blocking","Haku_Guren","Haku_3C","Haku_SwordOfDoom+1","Haku_Awakening","Haku_Airgrab","Haku_2C+1","Haku_InstantBarrier","Haku_EndGazer","Haku_Zantetsu","Haku_Yanagi","Haku_CT","Haku_Enma","Haku_Timekiller","Haku_Airgrab","Haku_Kishuu","Haku_JB","Haku_Shippu","Haku_6D","Haku_EndGazer+1","Haku_Spellbook","Haku_EA+1","Haku_JD","Haku_JC","Haku_Thin","Haku_PassiveMeter"],"relics":["Haku_Susanoo","Bottled Tornado","Odd Mushroom","Nloth\u0027s Gift","Ornamental Fan","Kunai","Darkstone Periapt"],"potions_floor_usage":[13,16,16,23,25,29],"damage_taken":[{"damage":1,"enemies":"Jaw Worm","floor":1,"turns":4},{"damage":2,"enemies":"Cultist","floor":4,"turns":4},{"damage":7,"enemies":"Small Slimes","floor":5,"turns":3},{"damage":7,"enemies":"3 Louse","floor":10,"turns":4},{"damage":10,"enemies":"Exordium Wildlife","floor":12,"turns":5},{"damage":0,"enemies":"Red Slaver","floor":13,"turns":2},{"damage":5,"enemies":"The Mushroom Lair","floor":14,"turns":4},{"damage":64,"enemies":"The Guardian","floor":16,"turns":12},{"damage":20,"enemies":"3 Byrds","floor":18,"turns":5},{"damage":16,"enemies":"Spheric Guardian","floor":20,"turns":4},{"damage":1,"enemies":"Centurion and Healer","floor":22,"turns":8},{"damage":20,"enemies":"Book of Stabbing","floor":23,"turns":7},{"damage":3,"enemies":"Sentry and Sphere","floor":25,"turns":5},{"damage":50,"enemies":"Gremlin Leader","floor":29,"turns":4}],"seed_played":"-573858568030905728","potions_obtained":[{"floor":1,"key":"Energy Potion"},{"floor":10,"key":"Dexterity Potion"},{"floor":12,"key":"Block Potion"},{"floor":14,"key":"Swift Potion"},{"floor":22,"key":"PowerPotion"},{"floor":23,"key":"Energy Potion"},{"floor":25,"key":"SpeedPotion"}],"is_trial":false,"path_per_floor":["M","?","$","M","M","R","?","R","T","M","R","M","M","?","R","B",null,"M","?","M","T","M","E","$","M","T","R","$","E"],"character_chosen":"HAKUMEN","items_purchased":["Haku_Awakening","Haku_Airgrab","Kunai","Haku_JC","Haku_PassiveMeter"],"campfire_rested":2,"item_purchase_floors":[3,3,24,24,28],"current_hp_per_floor":[82,82,82,80,73,73,73,73,73,66,66,56,56,51,75,11,83,63,63,47,47,46,26,26,23,23,47,47,0],"gold":46,"neow_bonus":"TEN_PERCENT_HP_BONUS","is_prod":false,"is_daily":false,"chose_seed":false,"campfire_upgraded":2,"win_rate":0.0,"timestamp":1551981793,"path_taken":["M","?","?","M","M","R","?","R","T","M","R","M","M","?","R","BOSS","M","?","?","?","M","E","$","M","T","R","$","E"],"build_version":"2019-01-23","purchased_purges":0,"victory":false,"max_hp_per_floor":[83,83,83,83,83,83,83,83,83,83,83,83,83,83,83,83,83,83,83,83,83,83,83,83,83,83,83,83,83],"card_choices":[{"not_picked":["Haku_Thin","Haku_Kishuu"],"picked":"Haku_SwordOfDoom","floor":1},{"not_picked":["Haku_QueenOfRose","Haku_JA"],"picked":"Haku_2C","floor":4},{"not_picked":["Haku_2B","Haku_JA"],"picked":"Haku_InstantBarrier","floor":5},{"not_picked":["Haku_Barrier","Haku_ActiveFlow"],"picked":"Haku_Zantetsu","floor":10},{"not_picked":["Haku_Guren","Haku_Kishuu"],"picked":"Haku_Yanagi","floor":12},{"not_picked":["Haku_Airdash","Haku_2D"],"picked":"Haku_CT","floor":13},{"not_picked":["Haku_Grab","Haku_Fuzzy"],"picked":"Haku_Enma","floor":14},{"not_picked":["Haku_Akumetsu","Haku_Gate"],"picked":"Haku_Timekiller","floor":16},{"not_picked":["Haku_Renka","Haku_JA"],"picked":"Haku_Airgrab","floor":17},{"not_picked":["Haku_5A","Haku_QueenOfRose"],"picked":"Haku_Kishuu","floor":17},{"not_picked":["Haku_2B","Haku_Guren"],"picked":"Haku_JB","floor":17},{"not_picked":["Haku_EndGazer","Haku_Barrier"],"picked":"Haku_Shippu","floor":17},{"not_picked":["Haku_Enma","Haku_EndGazer"],"picked":"Haku_6D","floor":17},{"not_picked":["Haku_CA","Haku_JD"],"picked":"Haku_EndGazer+1","floor":18},{"not_picked":["Haku_Barrier","Haku_Kishuu+1"],"picked":"Haku_Spellbook","floor":20},{"not_picked":["Haku_5C","Haku_3C"],"picked":"Haku_EA+1","floor":22},{"not_picked":["Haku_Gate","Haku_Airgrab"],"picked":"Haku_JD","floor":23},{"not_picked":["Haku_Airdash+1","Haku_InJustice"],"picked":"Haku_Thin","floor":25}],"player_experience":262487,"relics_obtained":[{"floor":9,"key":"Bottled Tornado"},{"floor":14,"key":"Odd Mushroom"},{"floor":23,"key":"Ornamental Fan"},{"floor":26,"key":"Darkstone Periapt"}],"event_choices":[{"damage_healed":0,"gold_gain":0,"player_choice":"Bought 0 Potions","damage_taken":0,"max_hp_gain":0,"max_hp_loss":0,"event_name":"The Woman in Blue","floor":2,"gold_loss":0},{"damage_healed":0,"gold_gain":0,"cards_transformed":["Haku_Blocking"],"player_choice":"Change","damage_taken":0,"max_hp_gain":0,"max_hp_loss":0,"event_name":"Living Wall","floor":7,"gold_loss":0,"cards_obtained":["Haku_EndGazer"]},{"damage_healed":0,"gold_gain":0,"player_choice":"Fought Mushrooms","damage_taken":0,"max_hp_gain":0,"max_hp_loss":0,"event_name":"Mushrooms","floor":14,"gold_loss":0},{"damage_healed":0,"gold_gain":0,"player_choice":"Traded Relic","damage_taken":0,"relics_obtained":["Nloth\u0027s Gift"],"max_hp_gain":0,"max_hp_loss":0,"event_name":"N\u0027loth","floor":19,"relics_lost":["Orrery"],"gold_loss":0}],"is_beta":false,"boss_relics":[{"not_picked":["Coffee Dripper","Empty Cage"],"picked":"Orrery"}],"items_purged_floors":[],"is_endless":false,"potions_floor_spawned":[1,10,12,14,22,23,25],"killed_by":"Gremlin Leader","ascension_level":0}