{"gold_per_floor":[112,112,112,22,322,347,347,386,386,386],"floor_reached":10,"playtime":423,"items_purged":[],"score":83,"play_id":"030b6166-0fab-4d8b-995e-e707e3550311","local_time":"20190308122211","is_ascension_mode":true,"campfire_choices":[],"neow_cost":"NONE","seed_source_timestamp":589831398493800,"circlet_count":0,"master_deck":["Strike_R","Strike_R","Strike_R","Strike_R","Strike_R","Defend_R","Defend_R","Defend_R","Defend_R","Bash","Clash","Swift Strike","Regret","Infernal Blade","Injury","Anger"],"relics":["Burning Blood","Regal Pillow","Incense Burner","Centennial Puzzle","Old Coin","Pear","Golden Idol","Mercury Hourglass","Letter Opener"],"potions_floor_usage":[8],"damage_taken":[{"damage":6,"enemies":"Cultist","floor":1,"turns":3},{"damage":27,"enemies":"Gremlin Nob","floor":6,"turns":4},{"damage":45,"enemies":"3 Sentries","floor":8,"turns":12},{"damage":24,"enemies":"Lagavulin","floor":10,"turns":4}],"seed_played":"-1939602399691179595","potions_obtained":[{"floor":6,"key":"PowerPotion"}],"is_trial":false,"path_per_floor":["M","T","?","$","?","E","?","E","T","E"],"character_chosen":"IRONCLAD","items_purchased":["Swift Strike"],"campfire_rested":0,"item_purchase_floors":[4],"current_hp_per_floor":[80,80,73,73,73,62,62,23,23,0],"gold":386,"neow_bonus":"RANDOM_COMMON_RELIC","is_prod":false,"is_daily":false,"chose_seed":false,"campfire_upgraded":0,"win_rate":0,"timestamp":1552047731,"path_taken":["M","?","?","$","?","E","?","E","T","E"],"build_version":"2019-01-23","purchased_purges":0,"victory":false,"max_hp_per_floor":[80,80,80,80,80,90,90,90,90,90],"card_choices":[{"not_picked":["Wild Strike","Clothesline"],"picked":"Clash","floor":1},{"not_picked":["Flame Barrier","Clash"],"picked":"Infernal Blade","floor":6},{"not_picked":["Pommel Strike","Warcry"],"picked":"Anger","floor":8}],"player_experience":277370,"relics_obtained":[{"floor":2,"key":"Incense Burner"},{"floor":6,"key":"Pear"},{"floor":8,"key":"Mercury Hourglass"},{"floor":9,"key":"Letter Opener"}],"event_choices":[{"damage_healed":0,"gold_gain":0,"player_choice":"Success","damage_taken":7,"relics_obtained":["Centennial Puzzle"],"max_hp_gain":0,"max_hp_loss":0,"event_name":"Scrap Ooze","floor":3,"gold_loss":0},{"damage_healed":0,"gold_gain":0,"player_choice":"Box","damage_taken":0,"relics_obtained":["Old Coin"],"max_hp_gain":0,"max_hp_loss":0,"event_name":"Big Fish","floor":5,"gold_loss":0,"cards_obtained":["Regret"]},{"damage_healed":0,"gold_gain":0,"player_choice":"Take Wound","damage_taken":0,"relics_obtained":["Golden Idol"],"max_hp_gain":0,"max_hp_loss":0,"event_name":"Golden Idol","floor":7,"gold_loss":0,"cards_obtained":["Injury"]}],"is_beta":false,"boss_relics":[],"items_purged_floors":[],"is_endless":false,"potions_floor_spawned":[6],"killed_by":"Lagavulin","ascension_level":3}