{"gold_per_floor":[111,33,46,46,6,6,32,32,32,65,65,65,81,114,114,214,214,233,158,158,58,58,58,91,106,106,137,137,137,148,160,160,258,258,276,9,25,125,0,34,34,66,93,123,10,42,42,56,56,56,56,56,4,33,33],"floor_reached":56,"playtime":2920,"items_purged":["Strike_G","Strike_G","Strike_G"],"score":1747,"play_id":"164ce28f-4d51-4b47-a128-788ae217edfd","local_time":"20190625141951","is_ascension_mode":true,"campfire_choices":[{"data":"Noxious Fumes","floor":6,"key":"SMITH"},{"data":"Crippling Poison","floor":8,"key":"SMITH"},{"floor":12,"key":"REST"},{"data":"Crippling Poison","floor":15,"key":"SMITH"},{"data":"Envenom","floor":23,"key":"SMITH"},{"data":"Night Terror","floor":32,"key":"SMITH"},{"data":"Footwork","floor":41,"key":"SMITH"},{"data":"After Image","floor":47,"key":"SMITH"},{"floor":49,"key":"RECALL"},{"data":"Leg Sweep","floor":52,"key":"SMITH"}],"neow_cost":"NONE","seed_source_timestamp":957913078501500,"circlet_count":0,"master_deck":["Defend_G+1","Defend_G","Defend_G","Defend_G","Defend_G","Survivor","Neutralize","Poisoned Stab","Well Laid Plans","Cloak And Dagger+1","Noxious Fumes+1","Crippling Poison+1","Crippling Poison+1","Deflect","Dash","Envenom+1","Leg Sweep+1","Night Terror+1","Footwork+1","After Image+1","Dodge and Roll+1","After Image","Escape Plan","PiercingWail+1","Poisoned Stab+1"],"relics":["Ring of the Snake","NeowsBlessing","Juzu Bracelet","Singing Bowl","Pantograph","Happy Flower","Velvet Choker","Dodecahedron","Pen Nib","Paper Crane","Philosopher\u0027s Stone","Membership Card","Oddly Smooth Stone","Bird Faced Urn","Red Mask","Blue Candle","Centennial Puzzle","Frozen Egg 2","Bottled Lightning","Bottled Tornado"],"potions_floor_usage":[27,27,42,42,46,46,46,46,55,55,55],"damage_taken":[{"damage":0,"enemies":"Cultist","floor":1,"turns":1},{"damage":0,"enemies":"2 Louse","floor":3,"turns":1},{"damage":0,"enemies":"3 Sentries","floor":7,"turns":1},{"damage":23,"enemies":"Gremlin Nob","floor":10,"turns":4},{"damage":3,"enemies":"Jaw Worm","floor":13,"turns":4},{"damage":8,"enemies":"3 Sentries","floor":14,"turns":7},{"damage":0,"enemies":"The Guardian","floor":16,"turns":9},{"damage":5,"enemies":"Shell Parasite","floor":18,"turns":6},{"damage":22,"enemies":"Book of Stabbing","floor":24,"turns":6},{"damage":0,"enemies":"Spheric Guardian","floor":25,"turns":4},{"damage":24,"enemies":"Slavers","floor":27,"turns":4},{"damage":0,"enemies":"Snake Plant","floor":30,"turns":4},{"damage":0,"enemies":"Cultist and Chosen","floor":31,"turns":7},{"damage":28,"enemies":"Collector","floor":33,"turns":9},{"damage":9,"enemies":"Orb Walker","floor":35,"turns":5},{"damage":15,"enemies":"3 Darklings","floor":37,"turns":4},{"damage":0,"enemies":"Mind Bloom Boss Battle","floor":38,"turns":8},{"damage":1,"enemies":"Giant Head","floor":40,"turns":10},{"damage":70,"enemies":"Reptomancer","floor":42,"turns":7},{"damage":6,"enemies":"Nemesis","floor":44,"turns":10},{"damage":21,"enemies":"Reptomancer","floor":46,"turns":8},{"damage":4,"enemies":"Spire Growth","floor":48,"turns":7},{"damage":15,"enemies":"Donu and Deca","floor":50,"turns":15},{"damage":15,"enemies":"Shield and Spear","floor":54,"turns":7},{"damage":75,"enemies":"The Heart","floor":55,"turns":13}],"seed_played":"2030661378499803400","potions_obtained":[{"floor":3,"key":"Swift Potion"},{"floor":10,"key":"AttackPotion"},{"floor":14,"key":"GamblersBrew"},{"floor":18,"key":"AttackPotion"},{"floor":33,"key":"Regen Potion"},{"floor":35,"key":"Strength Potion"}],"is_trial":false,"path_per_floor":["M","$","M","?","$","R","E","R","T","E","?","R","M","E","R","B",null,"M","$","?","$","?","R","E","M","T","E","?","?","M","M","R","B",null,"M","$","M","?","?","E","R","E","T","E","$","E","R","M","R","B",null,"R","$","E","B",null],"character_chosen":"THE_SILENT","items_purchased":["Well Laid Plans","Noxious Fumes","Membership Card","Oddly Smooth Stone","EntropicBrew","Strength Potion","Dexterity Potion"],"campfire_rested":1,"item_purchase_floors":[2,5,36,36,45,53,53],"current_hp_per_floor":[63,63,63,63,63,63,63,63,63,40,26,47,44,36,36,61,68,63,63,63,63,63,63,43,45,45,21,21,21,21,23,23,20,62,55,55,40,67,67,78,78,30,30,36,36,35,35,49,49,77,82,82,82,79,21],"gold":33,"neow_bonus":"THREE_ENEMY_KILL","is_prod":false,"is_daily":false,"chose_seed":false,"campfire_upgraded":8,"win_rate":0,"timestamp":1561486791,"path_taken":["M","$","M","?","$","R","E","R","T","E","?","R","M","E","R","BOSS","M","$","?","$","?","R","E","M","T","E","?","?","M","M","R","BOSS","M","?","M","?","?","E","R","E","T","E","$","E","R","M","R","BOSS","R","$","E","BOSS"],"build_version":"2019-01-23","purchased_purges":3,"victory":true,"max_hp_per_floor":[70,70,70,70,70,70,70,70,70,70,70,70,70,70,70,70,70,70,70,70,70,70,70,72,74,74,74,74,74,74,76,76,76,76,78,78,78,80,80,82,82,82,82,82,82,84,84,84,84,84,84,84,84,84,84],"card_choices":[{"not_picked":["Outmaneuver","Quick Slash"],"picked":"Poisoned Stab","floor":1},{"not_picked":["Accuracy","Flying Knee"],"picked":"Cloak And Dagger","floor":3},{"not_picked":["Masterful Stab","Adrenaline"],"picked":"Crippling Poison","floor":7},{"not_picked":["Masterful Stab","Dagger Spray"],"picked":"Crippling Poison","floor":10},{"not_picked":["Poisoned Stab","Underhanded Strike"],"picked":"Deflect","floor":13},{"not_picked":["Bouncing Flask","Concentrate"],"picked":"Dash","floor":14},{"not_picked":["Tools of the Trade","Unload"],"picked":"Envenom","floor":16},{"not_picked":["Cloak And Dagger+1","Heel Hook"],"picked":"Leg Sweep","floor":18},{"not_picked":["Sucker Punch","Underhanded Strike","Infinite Blades"],"picked":"Singing Bowl","floor":24},{"not_picked":["Prepared","Cloak And Dagger","Blade Dance"],"picked":"Singing Bowl","floor":25},{"not_picked":["Dodge and Roll","Deflect"],"picked":"Night Terror","floor":27},{"not_picked":["Distraction+1","Dodge and Roll+1"],"picked":"Footwork","floor":30},{"not_picked":["Deadly Poison","Dagger Spray","Quick Slash+1"],"picked":"Singing Bowl","floor":31},{"not_picked":["Phantasmal Killer","Night Terror"],"picked":"After Image","floor":33},{"not_picked":["Poisoned Stab+1","Reflex","Outmaneuver"],"picked":"Singing Bowl","floor":35},{"not_picked":["Masterful Stab","Poisoned Stab"],"picked":"Dodge and Roll+1","floor":37},{"not_picked":["Skewer","Slice+1","Poisoned Stab"],"picked":"Singing Bowl","floor":38},{"not_picked":["Slice+1","Flechettes+1","Flying Knee+1"],"picked":"Singing Bowl","floor":40},{"not_picked":["Sucker Punch","Setup+1"],"picked":"After Image","floor":42},{"not_picked":["Bane","Deadly Poison+1"],"picked":"Escape Plan","floor":44},{"not_picked":["Setup+1","Blade Dance","Bullet Time"],"picked":"Singing Bowl","floor":46},{"not_picked":["Escape Plan+1","Underhanded Strike"],"picked":"PiercingWail+1","floor":48},{"not_picked":["Eviscerate+1","Die Die Die"],"picked":"Poisoned Stab+1","floor":54}],"player_experience":263667,"relics_obtained":[{"floor":7,"key":"Juzu Bracelet"},{"floor":9,"key":"Singing Bowl"},{"floor":10,"key":"Pantograph"},{"floor":14,"key":"Happy Flower"},{"floor":24,"key":"Dodecahedron"},{"floor":26,"key":"Pen Nib"},{"floor":27,"key":"Paper Crane"},{"floor":38,"key":"Bird Faced Urn"},{"floor":40,"key":"Blue Candle"},{"floor":42,"key":"Centennial Puzzle"},{"floor":44,"key":"Frozen Egg 2"},{"floor":46,"key":"Bottled Lightning"},{"floor":54,"key":"Bottled Tornado"}],"event_choices":[{"cards_removed":["Strike_G"],"damage_healed":0,"gold_gain":0,"player_choice":"Forget","damage_taken":0,"max_hp_gain":0,"max_hp_loss":0,"event_name":"Living Wall","floor":4,"gold_loss":0},{"damage_healed":0,"gold_gain":0,"player_choice":"Entered Light","damage_taken":14,"max_hp_gain":0,"max_hp_loss":0,"event_name":"Shining Light","floor":11,"gold_loss":0,"cards_upgraded":["Cloak And Dagger","Defend_G"]},{"damage_healed":0,"gold_gain":0,"player_choice":"Ignored","damage_taken":0,"max_hp_gain":0,"max_hp_loss":0,"event_name":"Vampires","floor":20,"gold_loss":0},{"damage_healed":0,"gold_gain":0,"player_choice":"Ignored","damage_taken":0,"max_hp_gain":0,"max_hp_loss":0,"event_name":"Beggar","floor":22,"gold_loss":0},{"cards_removed":["Strike_G"],"damage_healed":0,"gold_gain":0,"player_choice":"Offered Basic","damage_taken":0,"max_hp_gain":0,"max_hp_loss":0,"event_name":"Bonfire Elementals","floor":28,"gold_loss":0},{"damage_healed":0,"gold_gain":0,"player_choice":"Ignored","damage_taken":0,"max_hp_gain":0,"max_hp_loss":0,"event_name":"N\u0027loth","floor":29,"gold_loss":0},{"damage_healed":0,"gold_gain":0,"player_choice":"Fight","damage_taken":0,"max_hp_gain":0,"max_hp_loss":0,"event_name":"MindBloom","floor":38,"gold_loss":0},{"damage_healed":0,"gold_gain":0,"player_choice":"Paid","damage_taken":0,"relics_obtained":["Red Mask"],"max_hp_gain":0,"max_hp_loss":0,"event_name":"Tomb of Lord Red Mask","floor":39,"gold_loss":125}],"is_beta":false,"boss_relics":[{"not_picked":["Calling Bell","Coffee Dripper"],"picked":"Velvet Choker"},{"not_picked":["Lizard Tail","Snecko Eye"],"picked":"Philosopher\u0027s Stone"}],"items_purged_floors":[19,21,45],"is_endless":false,"potions_floor_spawned":[3,10,14,18,24,33,35,40],"ascension_level":7}