{"gold_per_floor":[114,114,289,289,15,15,30,45,70,85,100,115,115,130,130,230,230,245,260,275,550,565,565,595,610,635,2,2,2,2],"floor_reached":30,"playtime":2216,"items_purged":[],"score":794,"play_id":"05449168-3538-4f7c-9c77-29b3495644cb","local_time":"20190424084543","daily_mods":["Insanity","Hoarder","Binary"],"is_ascension_mode":false,"campfire_choices":[{"data":"Storm","floor":6,"key":"SMITH"},{"data":"Chill","floor":13,"key":"SMITH"},{"data":"Self Repair","floor":15,"key":"SMITH"},{"floor":23,"key":"REST"}],"neow_cost":"","seed_source_timestamp":0,"circlet_count":0,"master_deck":["Storm+1","Chill+1","Fusion","Skim","Sweeping Beam","Redo","Leap","Leap","Compile Driver","Skim","Barrage","Turbo","Aggregate","Static Discharge","Cold Snap","Rebound","Streamline","Redo","FTL","Leap","Beam Cell","Static Discharge","Doom and Gloom","Compile Driver","Sweeping Beam","Streamline","Ball Lightning","Conserve Battery","Leap","Loop","Turbo","Beam Cell","Sweeping Beam","Auto Shields","Gash","Hologram","Melter","Turbo","Cold Snap","Ball Lightning","Stack","Go for the Eyes","Ball Lightning","Turbo","Glacier","Rip and Tear","Leap","Self Repair+1","Cold Snap","Cold Snap","Cold Snap","Doubt","Doubt","Doubt","Regret","Regret","Regret","Sweeping Beam","Sweeping Beam","Sweeping Beam","Coolheaded","Coolheaded","Coolheaded","Ball Lightning","Ball Lightning","Ball Lightning","Static Discharge","Static Discharge","Static Discharge","Heatsinks","Heatsinks","Heatsinks","Aggregate","Aggregate","Aggregate","Barrage","Barrage","Barrage","Echo Form","Echo Form","Echo Form","Pain","Pain","Pain","Clumsy","Clumsy","Clumsy","Pain","Pain","Pain","Heatsinks+1","Heatsinks+1","Heatsinks+1","Cold Snap+1","Cold Snap+1","Cold Snap+1","Fusion","Fusion","Fusion","Regret","Regret","Regret","Recycle","Recycle","Recycle","Skim","Skim","Skim","Recycle","Recycle","Recycle","Bandage Up","Bandage Up","Bandage Up","Stack","Stack","Stack","Conserve Battery","Conserve Battery","Conserve Battery","Sweeping Beam","Sweeping Beam","Sweeping Beam","Fusion","Fusion","Fusion"],"special_seed":18010,"relics":["Cracked Core","Thread and Needle","Matryoshka","Lantern","DataDisk","Calling Bell","Vajra","Question Card","Unceasing Top","Orichalcum","Anchor","Dream Catcher","Dead Branch","Regal Pillow"],"potions_floor_usage":[12,16,20,25],"damage_taken":[{"damage":0,"enemies":"Jaw Worm","floor":1,"turns":2},{"damage":4,"enemies":"2 Louse","floor":7,"turns":2},{"damage":0,"enemies":"Cultist","floor":8,"turns":3},{"damage":0,"enemies":"2 Fungi Beasts","floor":10,"turns":2},{"damage":3,"enemies":"Gremlin Gang","floor":11,"turns":2},{"damage":0,"enemies":"Red Slaver","floor":12,"turns":2},{"damage":0,"enemies":"Looter","floor":14,"turns":3},{"damage":15,"enemies":"Hexaghost","floor":16,"turns":7},{"damage":7,"enemies":"2 Thieves","floor":18,"turns":4},{"damage":7,"enemies":"Chosen","floor":19,"turns":3},{"damage":10,"enemies":"3 Cultists","floor":20,"turns":5},{"damage":28,"enemies":"Snake Plant","floor":22,"turns":3},{"damage":21,"enemies":"Book of Stabbing","floor":24,"turns":4},{"damage":14,"enemies":"Snecko","floor":25,"turns":7},{"damage":14,"enemies":"Sentry and Sphere","floor":30,"turns":3}],"seed_played":"779562591292708448","potions_obtained":[{"floor":1,"key":"AttackPotion"},{"floor":10,"key":"Energy Potion"},{"floor":11,"key":"Dexterity Potion"},{"floor":19,"key":"SpeedPotion"},{"floor":24,"key":"EssenceOfSteel"}],"is_trial":false,"path_per_floor":["M","?","?","?","$","R","M","M","T","M","M","M","R","M","R","B",null,"M","M","M","?","M","R","E","M","T","$","?","$","M"],"character_chosen":"DEFECT","items_purchased":["Matryoshka","Sweeping Beam","Dead Branch","Regal Pillow","Bandage Up","Stack","Conserve Battery"],"campfire_rested":1,"item_purchase_floors":[5,5,27,27,27,27,27],"current_hp_per_floor":[75,75,75,75,75,75,75,75,75,75,72,72,72,72,72,57,75,68,61,51,51,23,45,24,10,10,10,10,10,0],"gold":2,"neow_bonus":"","is_prod":false,"is_daily":true,"chose_seed":false,"campfire_upgraded":3,"win_rate":0,"timestamp":1556091943,"path_taken":["M","?","?","?","$","R","M","?","T","M","M","M","R","M","R","BOSS","M","M","?","?","?","R","E","M","T","?","?","$","M"],"build_version":"2019-01-23","purchased_purges":0,"victory":false,"max_hp_per_floor":[75,75,75,75,75,75,75,75,75,75,75,75,75,75,75,75,75,75,75,75,75,75,75,75,75,75,75,75,75,75],"card_choices":[{"not_picked":["Ball Lightning"],"picked":"Cold Snap","floor":1},{"not_picked":["Streamline"],"picked":"Coolheaded","floor":7},{"not_picked":["Turbo"],"picked":"Ball Lightning","floor":8},{"not_picked":["Darkness"],"picked":"Static Discharge","floor":10},{"not_picked":["Conserve Battery"],"picked":"Heatsinks","floor":11},{"not_picked":["Compile Driver"],"picked":"Aggregate","floor":12},{"not_picked":["Genetic Algorithm"],"picked":"Barrage","floor":14},{"not_picked":["Buffer"],"picked":"Echo Form","floor":16},{"not_picked":["Leap+1","Undo"],"picked":"Heatsinks+1","floor":18},{"not_picked":["Streamline","Multi-Cast"],"picked":"Cold Snap+1","floor":19},{"not_picked":["Rebound","Sunder"],"picked":"Fusion","floor":20},{"not_picked":["Barrage","Cold Snap"],"picked":"Recycle","floor":22},{"not_picked":["Consume","Rip and Tear"],"picked":"Skim","floor":24},{"not_picked":["Chaos","Sunder+1"],"picked":"Recycle","floor":25}],"player_experience":623662,"relics_obtained":[{"floor":9,"key":"Lantern"},{"floor":9,"key":"DataDisk"},{"floor":17,"key":"Vajra"},{"floor":17,"key":"Question Card"},{"floor":17,"key":"Unceasing Top"},{"floor":24,"key":"Orichalcum"},{"floor":26,"key":"Anchor"},{"floor":26,"key":"Dream Catcher"}],"event_choices":[{"damage_healed":0,"gold_gain":0,"player_choice":"Leave","damage_taken":0,"max_hp_gain":0,"max_hp_loss":0,"event_name":"The Cleric","floor":2,"gold_loss":0},{"damage_healed":0,"gold_gain":175,"player_choice":"AGREE","damage_taken":0,"max_hp_gain":0,"max_hp_loss":0,"event_name":"Liars Game","floor":3,"gold_loss":0,"cards_obtained":["Doubt"]},{"damage_healed":0,"gold_gain":0,"player_choice":"Box","damage_taken":0,"relics_obtained":["Thread and Needle"],"max_hp_gain":0,"max_hp_loss":0,"event_name":"Big Fish","floor":4,"gold_loss":0,"cards_obtained":["Regret"]},{"damage_healed":0,"gold_gain":275,"player_choice":"Desecrate","damage_taken":0,"max_hp_gain":0,"max_hp_loss":0,"event_name":"Golden Shrine","floor":21,"gold_loss":0,"cards_obtained":["Regret"]},{"damage_healed":0,"gold_gain":0,"cards_transformed":["Undo","Reinforced Body"],"player_choice":"Became Test Subject","damage_taken":0,"max_hp_gain":0,"max_hp_loss":0,"event_name":"Drug Dealer","floor":28,"gold_loss":0,"cards_obtained":["Sweeping Beam","Fusion"]}],"is_beta":false,"boss_relics":[{"not_picked":["Philosopher\u0027s Stone","Busted Crown"],"picked":"Calling Bell"}],"items_purged_floors":[],"is_endless":false,"potions_floor_spawned":[1,10,11,19,24],"killed_by":"Sentry and Sphere","ascension_level":0}