{"gold_per_floor":[20,20,20,38,57,86,86,112,112,112,132,132,159,172,172,172],"floor_reached":16,"playtime":661,"items_purged":[],"score":132,"play_id":"0c0ab0ef-2c20-4455-8d37-e0a61b858d8f","local_time":"20181122190309","is_ascension_mode":true,"campfire_choices":[{"data":"Catalyst","floor":7,"key":"SMITH"},{"data":"Noxious Fumes","floor":10,"key":"SMITH"},{"floor":15,"key":"REST"}],"neow_cost":"NO_GOLD","seed_source_timestamp":602271628771876,"circlet_count":0,"master_deck":["Defend_G","Defend_G","Defend_G","Defend_G","Defend_G","Strike_G","Strike_G","Strike_G","Survivor","Neutralize","Choke","Infinite Blades","Noxious Fumes+1","Catalyst+1","Dagger Spray","Noxious Fumes+1","Riddle With Holes","Leg Sweep","Deflect","Blur"],"relics":["Ring of the Snake","Ornamental Fan","Dodecahedron","Ice Cream","Paper Crane","Torii"],"potions_floor_usage":[14,14],"damage_taken":[{"damage":1,"enemies":"Small Slimes","floor":1,"turns":3},{"damage":0,"enemies":"2 Louse","floor":4,"turns":3},{"damage":2,"enemies":"Cultist","floor":5,"turns":4},{"damage":13,"enemies":"Gremlin Nob","floor":6,"turns":4},{"damage":11,"enemies":"3 Sentries","floor":8,"turns":5},{"damage":7,"enemies":"Exordium Thugs","floor":11,"turns":4},{"damage":16,"enemies":"Gremlin Nob","floor":13,"turns":5},{"damage":0,"enemies":"Large Slime","floor":14,"turns":5},{"damage":27,"enemies":"The Guardian","floor":16,"turns":2}],"seed_played":"-503763092724667557","potions_obtained":[{"floor":4,"key":"SteroidPotion"},{"floor":11,"key":"Dexterity Potion"},{"floor":13,"key":"PowerPotion"}],"is_trial":false,"path_per_floor":["M","?","?","M","M","E","R","E","T","R","M","?","E","M","R","B"],"character_chosen":"THE_SILENT","items_purchased":[],"campfire_rested":1,"item_purchase_floors":[],"current_hp_per_floor":[69,51,51,51,49,36,36,25,25,25,18,18,2,2,23,0],"gold":172,"neow_bonus":"TRANSFORM_TWO_CARDS","is_prod":false,"is_daily":false,"chose_seed":false,"campfire_upgraded":2,"win_rate":0,"timestamp":1542931389,"path_taken":["M","?","?","M","M","E","R","E","T","R","M","?","E","M","R","BOSS"],"build_version":"2018-11-15","purchased_purges":0,"victory":false,"max_hp_per_floor":[70,70,70,70,70,70,70,70,70,70,70,70,70,70,70,70],"card_choices":[{"not_picked":["Dodge and Roll","Expertise"],"picked":"Noxious Fumes","floor":1},{"not_picked":["Bane","Deadly Poison"],"picked":"Catalyst","floor":4},{"not_picked":["Bane","Flying Knee"],"picked":"Dagger Spray","floor":5},{"not_picked":["Terror","Infinite Blades"],"picked":"Noxious Fumes","floor":6},{"not_picked":["Distraction","Underhanded Strike"],"picked":"Riddle With Holes","floor":8},{"not_picked":["Prepared","Calculated Gamble"],"picked":"Leg Sweep","floor":11},{"not_picked":["Outmaneuver","Tactician"],"picked":"Deflect","floor":13},{"not_picked":["Sucker Punch","Heel Hook"],"picked":"Blur","floor":14}],"player_experience":150317,"relics_obtained":[{"floor":6,"key":"Dodecahedron"},{"floor":8,"key":"Ice Cream"},{"floor":9,"key":"Paper Crane"},{"floor":13,"key":"Torii"}],"event_choices":[{"damage_healed":0,"gold_gain":0,"player_choice":"Success","damage_taken":18,"relics_obtained":["Ornamental Fan"],"max_hp_gain":0,"max_hp_loss":0,"event_name":"Scrap Ooze","floor":2,"gold_loss":0},{"damage_healed":0,"gold_gain":0,"player_choice":"Grow","damage_taken":0,"max_hp_gain":0,"max_hp_loss":0,"event_name":"Living Wall","floor":3,"gold_loss":0,"cards_upgraded":["Noxious Fumes"]},{"damage_healed":0,"gold_gain":0,"player_choice":"0 cards matched","damage_taken":0,"max_hp_gain":0,"max_hp_loss":0,"event_name":"Match and Keep!","floor":12,"gold_loss":0,"cards_obtained":[]}],"is_beta":false,"boss_relics":[],"items_purged_floors":[],"is_endless":false,"potions_floor_spawned":[4,11,13],"killed_by":"The Guardian","ascension_level":2}