{"gold_per_floor":[114,114,14,25,43,78,78,93,161,161,161,191,206,217,217,319,319,337,351,273,33,33,33,60,60,105,130,230,247,247,261,261,361,361,379,390,400,418,127,153,153,184,184,184,184,203,203,214,214,214,214,214,123,150,150],"floor_reached":56,"playtime":4228,"items_purged":["Strike_R","Strike_R"],"score":1651,"play_id":"682430d4-b66f-4aef-acff-92b4212770bb","local_time":"20190522173108","is_ascension_mode":true,"campfire_choices":[{"data":"Armaments","floor":7.0,"key":"SMITH"},{"data":"Inflame","floor":10.0,"key":"SMITH"},{"data":"Disarm","floor":15.0,"key":"SMITH"},{"data":"Feed","floor":23.0,"key":"SMITH"},{"floor":25.0,"key":"REST"},{"data":"Evolve","floor":30.0,"key":"SMITH"},{"data":"Metallicize","floor":32.0,"key":"SMITH"},{"floor":41,"key":"REST"},{"floor":45,"key":"RECALL"},{"floor":47,"key":"REST"},{"floor":49,"key":"REST"},{"floor":52,"key":"REST"}],"neow_cost":"NONE","seed_source_timestamp":0,"circlet_count":0,"master_deck":["Strike_R","Strike_R","Defend_R","Defend_R","Defend_R","Defend_R","Bash","Battle Trance","Headbutt","Armaments+1","True Grit+1","Flame Barrier","Inflame+1","Shrug It Off","Metallicize+1","Disarm+1","Feed+1","Evolve+1","Inflame","Metallicize","Corruption","Body Slam","Inflame+1","Rage","Magnetism","Dual Wield+1","True Grit+1","Warcry","Havoc","Entrench","True Grit","Parasite","Armaments+1","Burning Pact","Sever Soul+1","Spot Weakness","Second Wind","Body Slam+1"],"special_seed":0,"relics":["Burning Blood","Dead Branch","Mummified Hand","Dream Catcher","Mark of Pain","ClockworkSouvenir","Bottled Tornado","Potion Belt","Bag of Marbles","Fusion Hammer","Blue Candle","Pear","Prayer Wheel","Incense Burner"],"potions_floor_usage":[38,40,52,55,55,55,55],"damage_taken":[{"damage":11.0,"enemies":"Jaw Worm","floor":1.0,"turns":4.0},{"damage":1.0,"enemies":"Cultist","floor":4.0,"turns":3.0},{"damage":1.0,"enemies":"2 Louse","floor":5.0,"turns":2.0},{"damage":26.0,"enemies":"3 Sentries","floor":6.0,"turns":14.0},{"damage":18.0,"enemies":"Lots of Slimes","floor":8.0,"turns":5.0},{"damage":22.0,"enemies":"Gremlin Nob","floor":12.0,"turns":5.0},{"damage":2.0,"enemies":"Exordium Thugs","floor":13.0,"turns":4.0},{"damage":8.0,"enemies":"Large Slime","floor":14.0,"turns":10.0},{"damage":19.0,"enemies":"The Guardian","floor":16.0,"turns":16.0},{"damage":24.0,"enemies":"3 Byrds","floor":18.0,"turns":5.0},{"damage":4.0,"enemies":"Spheric Guardian","floor":19.0,"turns":6.0},{"damage":27.0,"enemies":"Slavers","floor":24.0,"turns":8.0},{"damage":5.0,"enemies":"Book of Stabbing","floor":27.0,"turns":8.0},{"damage":11.0,"enemies":"Snecko","floor":29.0,"turns":7.0},{"damage":9.0,"enemies":"Cultist and Chosen","floor":31.0,"turns":3.0},{"damage":8.0,"enemies":"Champ","floor":33.0,"turns":5.0},{"damage":1.0,"enemies":"3 Darklings","floor":35.0,"turns":5.0},{"damage":0,"enemies":"3 Shapes","floor":36,"turns":4},{"damage":3,"enemies":"Maw","floor":37,"turns":5},{"damage":5,"enemies":"Jaw Worm Horde","floor":38,"turns":3},{"damage":46,"enemies":"Nemesis","floor":40,"turns":5},{"damage":77,"enemies":"Reptomancer","floor":42,"turns":4},{"damage":19,"enemies":"3 Darklings","floor":46,"turns":4},{"damage":0,"enemies":"Writhing Mass","floor":48,"turns":4},{"damage":32,"enemies":"Donu and Deca","floor":50,"turns":5},{"damage":41,"enemies":"Shield and Spear","floor":54,"turns":5},{"damage":32,"enemies":"The Heart","floor":55,"turns":6}],"seed_played":"-1754772579767384832","potions_obtained":[{"floor":4.0,"key":"Dexterity Potion"},{"floor":5.0,"key":"Dexterity Potion"},{"floor":6.0,"key":"Energy Potion"},{"floor":14.0,"key":"AttackPotion"},{"floor":24.0,"key":"AttackPotion"},{"floor":29.0,"key":"FearPotion"},{"floor":35.0,"key":"Block Potion"},{"floor":42,"key":"SteroidPotion"},{"floor":46,"key":"SneckoOil"},{"floor":48,"key":"Fruit Juice"}],"is_trial":false,"path_per_floor":["M","?","$","M","M","E","R","M","T","R","?","E","M","M","R","B",null,"M","M","$","$","?","R","E","R","T","E","?","M","R","M","R","B",null,"M","M","M","M","$","E","R","E","T","?","R","M","R","M","R","B",null,"R","$","E","B",null],"character_chosen":"IRONCLAD","items_purchased":["True Grit","Inflame","ClockworkSouvenir","Metallicize","Magnetism","PowerPotion","Second Wind"],"campfire_rested":5,"item_purchase_floors":[3,20,21,21,39,53,53],"current_hp_per_floor":[67,67,67,72,77,57,57,45,45,45,45,29,33,31,31,18,65,50,56,56,56,39,39,22,50,50,55,55,54,54,51,51,49,90,95,101,108,112,112,72,105,48,48,48,48,35,72,82,121,99,125,139,139,104,78],"gold":150,"neow_bonus":"TRANSFORM_CARD","is_prod":false,"is_daily":false,"chose_seed":false,"campfire_upgraded":6,"win_rate":0,"timestamp":1558560668,"path_taken":["M","?","?","M","?","E","R","M","T","R","?","E","M","M","R","BOSS","M","M","?","$","?","R","E","R","T","E","?","M","R","M","R","BOSS","M","M","M","?","$","E","R","E","T","?","R","M","R","M","R","BOSS","R","$","E","BOSS"],"build_version":"2019-01-23","purchased_purges":2,"victory":true,"max_hp_per_floor":[80,80,80,80,80,80,80,80,80,80,80,80,80,80,80,80,80,83,87,87,87,92,92,96,96,96,100,100,104,104,104,104,104,104,104,104,108,112,112,112,112,126,126,126,126,126,126,130,130,134,134,139,139,139,139],"card_choices":[{"not_picked":["Seeing Red","Havoc"],"picked":"Headbutt","floor":1.0},{"not_picked":["Power Through","Clash","Uppercut"],"picked":"SKIP","floor":4.0},{"not_picked":["Whirlwind","Intimidate"],"picked":"Flame Barrier","floor":5.0},{"not_picked":["Clothesline","Perfected Strike"],"picked":"Inflame","floor":6.0},{"not_picked":["Combust","Corruption"],"picked":"Shrug It Off","floor":8.0},{"not_picked":["Flex","Power Through"],"picked":"Metallicize","floor":12.0},{"not_picked":["Searing Blow","Heavy Blade"],"picked":"Disarm","floor":13.0},{"not_picked":["Whirlwind","Seeing Red","Armaments"],"picked":"SKIP","floor":14.0},{"not_picked":["Impervious","Double Tap"],"picked":"Feed","floor":16.0},{"not_picked":["Warcry","Hemokinesis"],"picked":"Evolve","floor":18.0},{"not_picked":["Heavy Blade","Flex"],"picked":"Power Through+1","floor":19.0},{"not_picked":["Bloodletting","Thunderclap","Armaments"],"picked":"SKIP","floor":24.0},{"not_picked":["Bloodletting","Thunderclap","Armaments"],"picked":"SKIP","floor":24.0},{"not_picked":["Seeing Red","Headbutt"],"picked":"Corruption","floor":27.0},{"not_picked":["Blood for Blood+1","Rage"],"picked":"Body Slam","floor":29.0},{"not_picked":["Havoc","Infernal Blade","Flex"],"picked":"SKIP","floor":31.0},{"not_picked":["Uppercut+1","Thunderclap+1","Fire Breathing"],"picked":"SKIP","floor":35.0},{"not_picked":["Clothesline","Rage","Headbutt+1"],"picked":"SKIP","floor":36},{"not_picked":["Havoc+1","Intimidate+1"],"picked":"Inflame+1","floor":37},{"not_picked":["Clothesline+1","Iron Wave"],"picked":"Rage","floor":38},{"not_picked":["Bloodletting","Anger+1"],"picked":"Dual Wield+1","floor":40},{"not_picked":["Anger","Havoc"],"picked":"True Grit+1","floor":41},{"not_picked":["Sword Boomerang+1","Bloodletting"],"picked":"Warcry","floor":42},{"not_picked":["Searing Blow","Rampage"],"picked":"Havoc","floor":46},{"not_picked":["Seeing Red","Cleave+1"],"picked":"Entrench","floor":46},{"not_picked":["Sword Boomerang","Double Tap"],"picked":"True Grit","floor":47},{"not_picked":["Uppercut+1","Cleave"],"picked":"Armaments+1","floor":48},{"not_picked":["Bloodletting","Iron Wave"],"picked":"Burning Pact","floor":48},{"not_picked":["Havoc+1","Body Slam"],"picked":"Sever Soul+1","floor":49},{"not_picked":["Clash","Flex"],"picked":"Spot Weakness","floor":52},{"not_picked":["Carnage+1","Havoc"],"picked":"Body Slam+1","floor":54}],"player_experience":242998,"relics_obtained":[{"floor":6.0,"key":"Dead Branch"},{"floor":9.0,"key":"Mummified Hand"},{"floor":12.0,"key":"Dream Catcher"},{"floor":24.0,"key":"Bottled Tornado"},{"floor":26.0,"key":"Potion Belt"},{"floor":27.0,"key":"Bag of Marbles"},{"floor":40,"key":"Blue Candle"},{"floor":42,"key":"Pear"},{"floor":54,"key":"Incense Burner"}],"event_choices":[{"damage_healed":0.0,"max_hp_gain":0.0,"max_hp_loss":0.0,"gold_gain":0.0,"event_name":"Match and Keep!","player_choice":"1 cards matched","floor":2.0,"gold_loss":0.0,"damage_taken":0.0,"cards_obtained":["Armaments"]},{"damage_healed":0.0,"max_hp_gain":0.0,"max_hp_loss":0.0,"gold_gain":0.0,"event_name":"Accursed Blacksmith","player_choice":"Forge","floor":11.0,"gold_loss":0.0,"damage_taken":0.0,"cards_upgraded":["True Grit"]},{"damage_healed":0.0,"max_hp_gain":5.0,"max_hp_loss":0.0,"gold_gain":0.0,"event_name":"Forgotten Altar","player_choice":"Shed Blood","floor":22.0,"gold_loss":0.0,"damage_taken":22.0},{"damage_healed":0.0,"max_hp_gain":0.0,"max_hp_loss":0.0,"gold_gain":100.0,"event_name":"Golden Shrine","player_choice":"Pray","floor":28.0,"gold_loss":0.0,"damage_taken":0.0},{"cards_removed":["Power Through"],"damage_healed":0,"gold_gain":0,"player_choice":"Gave Card","damage_taken":0,"relics_obtained":["Prayer Wheel"],"max_hp_gain":0,"max_hp_loss":0,"event_name":"WeMeetAgain","floor":44,"gold_loss":0}],"is_beta":false,"boss_relics":[{"not_picked":["Snecko Eye","Empty Cage"],"picked":"Mark of Pain"},{"not_picked":["Runic Pyramid","White Beast Statue"],"picked":"Fusion Hammer"}],"items_purged_floors":[3,39],"is_endless":false,"potions_floor_spawned":[4,5,6,14,19,24,29,35,42,46,48],"ascension_level":7}