{"gold_per_floor":[117,117,129,141,61,90,100,127,127,46,66,84,84,101,101,172,222,232,250,269,269,285,285,311,321,321,334,348,447,447],"floor_reached":30,"playtime":1333,"items_purged":[],"score":442,"play_id":"fedeb77e-3f18-4269-abf9-0c32e44844f0","local_time":"20190629203110","is_ascension_mode":true,"campfire_choices":[{"floor":13.0,"key":"REST"},{"data":"Electrodynamics","floor":15.0,"key":"SMITH"},{"data":"White Noise","floor":23.0,"key":"SMITH"}],"neow_cost":"NONE","seed_source_timestamp":0,"circlet_count":0,"master_deck":["AscendersBane","Strike_B","Strike_B","Strike_B","Strike_B","Defend_B","Defend_B","Defend_B","Defend_B","Zap+1","Dualcast","Coolheaded","Good Instincts","Electrodynamics+1","Compile Driver","Streamline","Melter","Leap","Leap","Bandage Up","Biased Cognition","Glacier","Seek+1","White Noise+1","Coolheaded","Capacitor","Go for the Eyes","Gash","Defragment+1","Core Surge"],"special_seed":0,"relics":["Cracked Core","Bronze Scales","Happy Flower","Oddly Smooth Stone","Tiny House","Question Card","Strawberry"],"potions_floor_usage":[30],"damage_taken":[{"damage":7.0,"enemies":"Small Slimes","floor":1.0,"turns":3.0},{"damage":0.0,"enemies":"Cultist","floor":3.0,"turns":3.0},{"damage":0.0,"enemies":"2 Louse","floor":4.0,"turns":2.0},{"damage":3.0,"enemies":"3 Sentries","floor":6.0,"turns":2.0},{"damage":0.0,"enemies":"2 Fungi Beasts","floor":7.0,"turns":2.0},{"damage":32.0,"enemies":"Gremlin Nob","floor":8.0,"turns":4.0},{"damage":0.0,"enemies":"Large Slime","floor":11.0,"turns":3.0},{"damage":2.0,"enemies":"Blue Slaver","floor":12.0,"turns":3.0},{"damage":8.0,"enemies":"Gremlin Gang","floor":14.0,"turns":3.0},{"damage":38.0,"enemies":"Slime Boss","floor":16.0,"turns":13.0},{"damage":6.0,"enemies":"Shell Parasite","floor":18.0,"turns":5.0},{"damage":4.0,"enemies":"3 Byrds","floor":19.0,"turns":3.0},{"damage":6.0,"enemies":"3 Cultists","floor":20.0,"turns":3.0},{"damage":12.0,"enemies":"Snake Plant","floor":22.0,"turns":4.0},{"damage":19.0,"enemies":"Slavers","floor":24.0,"turns":2.0},{"damage":0.0,"enemies":"Sentry and Sphere","floor":25.0,"turns":2.0},{"damage":12.0,"enemies":"Centurion and Healer","floor":27.0,"turns":5.0},{"damage":11.0,"enemies":"Snake Plant","floor":28.0,"turns":4.0},{"damage":33,"enemies":"Masked Bandits","floor":30,"turns":3}],"seed_played":"1338433435209641457","potions_obtained":[{"floor":4.0,"key":"FocusPotion"},{"floor":7.0,"key":"Explosive Potion"},{"floor":11.0,"key":"SmokeBomb"},{"floor":16.0,"key":"Energy Potion"},{"floor":17.0,"key":"FocusPotion"},{"floor":20.0,"key":"FocusPotion"}],"is_trial":false,"path_per_floor":["M","?","M","M","$","E","M","E","T","$","M","M","R","M","R","B",null,"M","M","M","?","M","R","E","M","T","M","M","?","?"],"character_chosen":"DEFECT","items_purchased":["Melter","Bandage Up"],"campfire_rested":1,"item_purchase_floors":[5,10],"current_hp_per_floor":[61,61,61,61,61,58,58,26,26,26,30,32,54,46,46,12,64,62,62,60,60,52,52,37,37,44,36,29,29,0],"gold":447,"neow_bonus":"UPGRADE_CARD","is_prod":false,"is_daily":false,"chose_seed":false,"campfire_upgraded":2,"win_rate":0,"timestamp":1561811470,"path_taken":["M","?","M","M","$","E","M","E","T","$","?","M","R","M","R","BOSS","M","M","M","?","M","R","E","M","T","M","M","?","?"],"build_version":"2019-01-23","purchased_purges":0,"victory":false,"max_hp_per_floor":[75,75,75,75,75,75,75,75,75,75,75,75,75,75,75,75,80,80,80,80,80,80,80,80,80,87,87,87,87,87],"card_choices":[{"not_picked":["Gash","Barrage"],"picked":"Coolheaded","floor":1.0},{"not_picked":["Coolheaded","Go for the Eyes"],"picked":"Compile Driver","floor":3.0},{"not_picked":["Conserve Battery","Beam Cell"],"picked":"Streamline","floor":4.0},{"not_picked":["Beam Cell","Redo","Streamline"],"picked":"SKIP","floor":6.0},{"not_picked":["Darkness","Doom and Gloom"],"picked":"Leap","floor":7.0},{"not_picked":["Beam Cell","Sunder"],"picked":"Leap","floor":8.0},{"not_picked":["Go for the Eyes","Coolheaded"],"picked":"Biased Cognition","floor":11.0},{"not_picked":["Rebound","Gash"],"picked":"Glacier","floor":12.0},{"not_picked":["Melter","Coolheaded","Stack"],"picked":"SKIP","floor":14.0},{"not_picked":["Creative AI","Amplify"],"picked":"Seek","floor":16.0},{"not_picked":["Leap","Go for the Eyes"],"picked":"White Noise","floor":18.0},{"not_picked":["Skim","Doom and Gloom","Stack"],"picked":"SKIP","floor":19.0},{"not_picked":["Sweeping Beam","Undo"],"picked":"Coolheaded","floor":20.0},{"not_picked":["Reprogram","Tempest"],"picked":"Go for the Eyes","floor":22.0},{"not_picked":["Heatsinks","Steam","Lockon"],"picked":"SKIP","floor":24.0},{"not_picked":["Ball Lightning","Turbo","Steam+1"],"picked":"Gash","floor":25.0},{"not_picked":["Sweeping Beam","Go for the Eyes","Ball Lightning"],"picked":"Defragment+1","floor":27.0},{"not_picked":["Rebound","Fusion","Leap"],"picked":"Core Surge","floor":28}],"player_experience":811119,"relics_obtained":[{"floor":6.0,"key":"Bronze Scales"},{"floor":8.0,"key":"Happy Flower"},{"floor":9.0,"key":"Oddly Smooth Stone"},{"floor":24.0,"key":"Question Card"},{"floor":26.0,"key":"Strawberry"}],"event_choices":[{"damage_healed":0.0,"max_hp_gain":0.0,"max_hp_loss":0.0,"gold_gain":0.0,"event_name":"Match and Keep!","player_choice":"2 cards matched","floor":2.0,"gold_loss":0.0,"damage_taken":0.0,"cards_obtained":["Good Instincts","Electrodynamics"]},{"damage_healed":0.0,"max_hp_gain":0.0,"max_hp_loss":0.0,"gold_gain":0.0,"event_name":"The Library","player_choice":"Read","floor":21.0,"gold_loss":0.0,"damage_taken":0.0,"cards_obtained":["Capacitor"]},{"damage_healed":0,"gold_gain":99,"player_choice":"Stole From Cult","damage_taken":0,"max_hp_gain":0,"max_hp_loss":0,"event_name":"Nest","floor":29,"gold_loss":0},{"damage_healed":0,"gold_gain":0,"player_choice":"Fought Bandits","damage_taken":0,"max_hp_gain":0,"max_hp_loss":0,"event_name":"Masked Bandits","floor":30,"gold_loss":0}],"is_beta":false,"boss_relics":[{"not_picked":["White Beast Statue","Runic Dome"],"picked":"Tiny House"}],"items_purged_floors":[],"is_endless":false,"potions_floor_spawned":[4,7,11,16,20,25],"killed_by":"Masked Bandits","ascension_level":13}