{"gold_per_floor":[119,69,82,157,167,194,194,194,194,220,234,234,31,45,45,147,147,147,147,147,147,147,147,147,72,72,32,32,32,32,32,32,32,32,32,32,32,32,32,32,32,32,32,32,32,32,32,32,32,32],"floor_reached":51,"playtime":2470,"items_purged":[],"score":904,"play_id":"7e8a0149-f3c7-4f58-a7b1-5d780cd1d865","local_time":"20181124120546","is_ascension_mode":true,"campfire_choices":[{"data":"Defragment","floor":7.0,"key":"SMITH"},{"data":"Zap","floor":12.0,"key":"SMITH"},{"data":"Capacitor","floor":15.0,"key":"SMITH"},{"data":"Self Repair","floor":23.0,"key":"SMITH"},{"data":"Capacitor","floor":30.0,"key":"SMITH"},{"data":"Chaos","floor":32.0,"key":"SMITH"},{"data":"Buffer","floor":40.0,"key":"SMITH"},{"data":"Go for the Eyes","floor":46.0,"key":"SMITH"},{"floor":49,"key":"REST"}],"neow_cost":"NONE","seed_source_timestamp":0,"circlet_count":0,"master_deck":["Strike_B","Defend_B","Defend_B","Defend_B","Defend_B","Zap+1","Dualcast","Undo","Defragment+1","Steam","Cold Snap","Go for the Eyes+1","Capacitor+1","Coolheaded","Compile Driver","Electrodynamics","Chaos+1","Barrage","Defragment+1","Self Repair+1","Capacitor+1","Reinforced Body","Leap","Buffer+1","Flash of Steel","FTL","Streamline","Consume","Conserve Battery+1"],"special_seed":0,"relics":["Cracked Core","Thread and Needle","Art of War","Bottled Lightning","Strawberry","Pen Nib","Ectoplasm","Juzu Bracelet","Centennial Puzzle","Pear","Busted Crown","Torii","Omamori","Bronze Scales"],"potions_floor_usage":[48,48],"damage_taken":[{"damage":0.0,"enemies":"Jaw Worm","floor":1.0,"turns":3.0},{"damage":3.0,"enemies":"2 Louse","floor":3.0,"turns":3.0},{"damage":1.0,"enemies":"Cultist","floor":5.0,"turns":4.0},{"damage":28.0,"enemies":"Gremlin Nob","floor":6.0,"turns":5.0},{"damage":0.0,"enemies":"Lagavulin","floor":10.0,"turns":8.0},{"damage":0.0,"enemies":"Red Slaver","floor":11.0,"turns":4.0},{"damage":8.0,"enemies":"Lots of Slimes","floor":14.0,"turns":4.0},{"damage":0.0,"enemies":"Hexaghost","floor":16.0,"turns":11.0},{"damage":0.0,"enemies":"Shell Parasite","floor":18.0,"turns":5.0},{"damage":1.0,"enemies":"3 Byrds","floor":19.0,"turns":2.0},{"damage":8.0,"enemies":"Centurion and Healer","floor":20.0,"turns":5.0},{"damage":1.0,"enemies":"3 Cultists","floor":21.0,"turns":4.0},{"damage":4.0,"enemies":"Shelled Parasite and Fungi","floor":22.0,"turns":6.0},{"damage":35.0,"enemies":"Slavers","floor":24.0,"turns":5.0},{"damage":1.0,"enemies":"Book of Stabbing","floor":28.0,"turns":6.0},{"damage":5.0,"enemies":"Collector","floor":33.0,"turns":9.0},{"damage":0.0,"enemies":"3 Shapes","floor":35.0,"turns":6.0},{"damage":0.0,"enemies":"Orb Walker","floor":39.0,"turns":4.0},{"damage":67.0,"enemies":"Reptomancer","floor":41.0,"turns":7.0},{"damage":28,"enemies":"Nemesis","floor":47,"turns":7},{"damage":10,"enemies":"3 Darklings","floor":48,"turns":4},{"damage":8,"enemies":"Time Eater","floor":50,"turns":13}],"seed_played":"5606629299946715039","potions_obtained":[{"floor":6.0,"key":"AttackPotion"},{"floor":10.0,"key":"SpeedPotion"},{"floor":16.0,"key":"SkillPotion"},{"floor":47,"key":"GamblersBrew"}],"is_trial":false,"path_per_floor":["M","?","M","?","M","E","R","?","T","E","M","R","$","M","R","B",null,"M","M","M","M","M","R","E","$","T","$","E","?","R","?","R","B",null,"M","?","$","?","M","R","E","?","T","?","?","R","E","M","R","B",null],"character_chosen":"DEFECT","items_purchased":["Pen Nib","Coolheaded","Capacitor","Reinforced Body"],"campfire_rested":1,"item_purchase_floors":[13,13,25,27],"current_hp_per_floor":[75,75,72,61,60,32,32,32,32,39,39,39,39,31,31,31,82,82,81,73,72,68,68,43,43,43,43,62,92,92,92,92,92,92,92,87,87,77,87,87,30,30,30,30,30,30,12,12,38,40],"gold":32,"neow_bonus":"THREE_CARDS","is_prod":false,"is_daily":false,"chose_seed":false,"campfire_upgraded":8,"win_rate":0,"timestamp":1543079146,"path_taken":["M","?","M","?","M","E","R","?","T","E","M","R","$","M","R","BOSS","M","M","M","M","?","R","E","$","T","?","E","?","R","?","R","BOSS","M","?","$","?","M","R","E","?","T","?","?","R","E","M","R","BOSS"],"build_version":"2018-11-15","purchased_purges":0,"victory":true,"max_hp_per_floor":[75,75,75,75,75,75,75,75,75,82,82,82,82,82,82,82,82,82,82,82,82,82,82,82,82,82,82,92,92,92,92,92,92,92,92,87,87,87,87,87,87,87,87,87,87,87,87,87,87,87],"card_choices":[{"not_picked":["Skim","Rebound"],"picked":"Undo","floor":0.0},{"not_picked":["Cold Snap","Steam"],"picked":"Defragment","floor":1.0},{"not_picked":["Rebound","Sunder"],"picked":"Steam","floor":3.0},{"not_picked":["Storm","Steam"],"picked":"Cold Snap","floor":5.0},{"not_picked":["Redo","All For One"],"picked":"Go for the Eyes","floor":6.0},{"not_picked":["Steam","Leap"],"picked":"Capacitor","floor":10.0},{"not_picked":["Rebound","Reprogram","Stack"],"picked":"SKIP","floor":11.0},{"not_picked":["Ball Lightning","Undo"],"picked":"Compile Driver","floor":14.0},{"not_picked":["Buffer","Thunder Strike"],"picked":"Electrodynamics","floor":16.0},{"not_picked":["Steam","Beam Cell","Hello World"],"picked":"SKIP","floor":18.0},{"not_picked":["Compile Driver","Heatsinks"],"picked":"Chaos","floor":19.0},{"not_picked":["Coolheaded+1","Turbo+1"],"picked":"Barrage","floor":20.0},{"not_picked":["Leap","Genetic Algorithm"],"picked":"Defragment+1","floor":21.0},{"not_picked":["Gash","Turbo"],"picked":"Self Repair","floor":22.0},{"not_picked":["Scrape","Auto Shields+1","Undo"],"picked":"SKIP","floor":24.0},{"not_picked":["Streamline","Steam","Turbo+1"],"picked":"SKIP","floor":28.0},{"not_picked":["Electrodynamics","Thunder Strike"],"picked":"Buffer","floor":33.0},{"not_picked":["Barrage+1"],"picked":"SKIP","floor":35.0},{"not_picked":[],"picked":"Flash of Steel","floor":38.0},{"not_picked":[],"picked":"Jack Of All Trades","floor":38.0},{"not_picked":["Barrage"],"picked":"SKIP","floor":39.0},{"not_picked":[],"picked":"FTL","floor":41.0},{"not_picked":[],"picked":"Consume","floor":47},{"not_picked":[],"picked":"Conserve Battery+1","floor":48}],"player_experience":155937,"relics_obtained":[{"floor":6.0,"key":"Thread and Needle"},{"floor":8.0,"key":"Art of War"},{"floor":9.0,"key":"Bottled Lightning"},{"floor":10.0,"key":"Strawberry"},{"floor":24.0,"key":"Juzu Bracelet"},{"floor":26.0,"key":"Centennial Puzzle"},{"floor":28.0,"key":"Pear"},{"floor":41.0,"key":"Torii"},{"floor":43.0,"key":"Omamori"},{"floor":47,"key":"Bronze Scales"}],"event_choices":[{"cards_removed":["Strike_B"],"damage_healed":0.0,"max_hp_gain":0.0,"max_hp_loss":0.0,"gold_gain":0.0,"event_name":"The Cleric","player_choice":"Card Removal","floor":2.0,"gold_loss":50.0,"damage_taken":0.0},{"damage_healed":0.0,"max_hp_gain":0.0,"max_hp_loss":0.0,"gold_gain":75.0,"event_name":"World of Goop","player_choice":"Gather Gold","floor":4.0,"gold_loss":0.0,"damage_taken":11.0},{"damage_healed":0.0,"max_hp_gain":0.0,"max_hp_loss":0.0,"gold_gain":0.0,"event_name":"Wheel of Change","player_choice":"Relic","floor":8.0,"gold_loss":0.0,"damage_taken":0.0},{"damage_healed":30.0,"max_hp_gain":0.0,"max_hp_loss":0.0,"gold_gain":0.0,"event_name":"The Library","player_choice":"Heal","floor":29.0,"gold_loss":0.0,"damage_taken":0.0},{"damage_healed":0.0,"max_hp_gain":0.0,"max_hp_loss":0.0,"gold_gain":0.0,"cards_transformed":["Strike_B"],"event_name":"Transmorgrifier","player_choice":"Transformed","floor":31.0,"gold_loss":0.0,"damage_taken":0.0,"cards_obtained":["Leap"]},{"damage_healed":0.0,"max_hp_gain":0.0,"max_hp_loss":5.0,"gold_gain":0.0,"event_name":"Winding Halls","player_choice":"Max HP","floor":36.0,"gold_loss":0.0,"damage_taken":0.0},{"damage_healed":0.0,"max_hp_gain":0.0,"max_hp_loss":0.0,"gold_gain":0.0,"event_name":"SensoryStone","player_choice":"Memory 3","floor":38.0,"gold_loss":0.0,"damage_taken":10.0},{"damage_healed":0.0,"max_hp_gain":0.0,"max_hp_loss":0.0,"gold_gain":0.0,"cards_transformed":["Strike_B"],"event_name":"Transmorgrifier","player_choice":"Transformed","floor":42.0,"gold_loss":0.0,"damage_taken":0.0,"cards_obtained":["Streamline"]},{"damage_healed":0.0,"max_hp_gain":0.0,"max_hp_loss":0.0,"gold_gain":0.0,"event_name":"Mysterious Sphere","player_choice":"Ignored","floor":44.0,"gold_loss":0.0,"damage_taken":0.0},{"cards_removed":["Jack Of All Trades"],"damage_healed":0.0,"max_hp_gain":0.0,"max_hp_loss":0.0,"gold_gain":0.0,"event_name":"Falling","player_choice":"Removed Skill","floor":45.0,"gold_loss":0.0,"damage_taken":0.0}],"is_beta":false,"boss_relics":[{"not_picked":["Orrery","Tiny House"],"picked":"Ectoplasm"},{"not_picked":["Philosopher\u0027s Stone","Eternal Feather"],"picked":"Busted Crown"}],"items_purged_floors":[],"is_endless":false,"potions_floor_spawned":[6,10,16,18,20,21,47],"ascension_level":2}