{"gold_per_floor":[113,132,82,82,82,113,38,50,50,62,92,104,116,146,158,270,282,308,320,332,356,368,415,427,454,517,75,175,175,210,237,237,334,334,349,360,360,380,47,75,75,91,91,38,68,83,83,102,102,102],"floor_reached":50,"playtime":2846,"items_purged":["Defend_R","Defend_R"],"score":663,"play_id":"474d4286-de77-4745-aea7-33f2f887e6e7","local_time":"20181022123527","is_ascension_mode":false,"campfire_choices":[{"data":"Heavy Blade","floor":10,"key":"SMITH"},{"data":"Barricade","floor":13,"key":"SMITH"},{"data":"Flame Barrier","floor":15,"key":"SMITH"},{"data":"Pommel Strike","floor":24,"key":"SMITH"},{"data":"Bludgeon","floor":29,"key":"SMITH"},{"data":"Bash","floor":32,"key":"SMITH"},{"data":"Inflame","floor":41,"key":"SMITH"},{"floor":47,"key":"REST"},{"floor":49,"key":"REST"}],"neow_cost":"NONE","seed_source_timestamp":0,"circlet_count":0,"master_deck":["Strike_R","Strike_R+1","Strike_R","Strike_R","Strike_R","Bash+1","True Grit+1","Heavy Blade+1","Shrug It Off+1","Pommel Strike+1","Barricade+1","Flame Barrier+1","Impervious+1","Bludgeon+1","Bloodletting+1","Bludgeon","Inflame+1","Iron Wave+1","Inflame","Flex","Flex","Power Through+1","Spot Weakness+1","Body Slam"],"special_seed":0,"relics":["Burning Blood","NeowsBlessing","Ornamental Fan","MawBank","Gremlin Horn","Busted Crown","Mercury Hourglass","Enchiridion","War Paint","Boot","Vajra","Oddly Smooth Stone","Mango","Darkstone Periapt","Thread and Needle","Strawberry","Black Star","Happy Flower","Dream Catcher","Bronze Scales","Red Skull","Smiling Mask","PreservedInsect"],"potions_floor_usage":[30,45,45,45],"damage_taken":[{"damage":0,"enemies":"2 Louse","floor":1,"turns":1},{"damage":0,"enemies":"Small Slimes","floor":2,"turns":2},{"damage":4,"enemies":"3 Sentries","floor":6,"turns":2},{"damage":3,"enemies":"Jaw Worm","floor":8,"turns":3},{"damage":15,"enemies":"2 Fungi Beasts","floor":11,"turns":4},{"damage":18,"enemies":"Blue Slaver","floor":14,"turns":6},{"damage":19,"enemies":"The Guardian","floor":16,"turns":17},{"damage":5,"enemies":"3 Byrds","floor":18,"turns":4},{"damage":0,"enemies":"Shell Parasite","floor":21,"turns":5},{"damage":0,"enemies":"Gremlin Leader","floor":23,"turns":7},{"damage":3,"enemies":"Centurion and Healer","floor":25,"turns":4},{"damage":0,"enemies":"Colosseum Slavers","floor":28,"turns":5},{"damage":30,"enemies":"Colosseum Nobs","floor":28,"turns":6},{"damage":15,"enemies":"Slavers","floor":30,"turns":4},{"damage":12,"enemies":"Collector","floor":33,"turns":10},{"damage":10,"enemies":"3 Shapes","floor":35,"turns":2},{"damage":33,"enemies":"3 Darklings","floor":36,"turns":5},{"damage":2,"enemies":"4 Shapes","floor":38,"turns":7},{"damage":22,"enemies":"Giant Head","floor":40,"turns":10},{"damage":15,"enemies":"Transient","floor":42,"turns":5},{"damage":31,"enemies":"Nemesis","floor":45,"turns":3},{"damage":28,"enemies":"Spire Growth","floor":46,"turns":4},{"damage":2,"enemies":"4 Shapes","floor":48,"turns":3},{"damage":89,"enemies":"Donu and Deca","floor":50,"turns":6}],"seed_played":"-3855699249319173508","potions_obtained":[{"floor":1,"key":"SteroidPotion"},{"floor":2,"key":"Block Potion"},{"floor":21,"key":"Poison Potion"},{"floor":23,"key":"SpeedPotion"},{"floor":30,"key":"GamblersBrew"},{"floor":36,"key":"Regen Potion"}],"is_trial":false,"path_per_floor":["M","M","?","?","?","E","$","M","T","R","M","T","R","M","R","B",null,"M","?","?","M","?","E","R","M","T","$","?","R","E","T","R","B",null,"M","M","?","M","$","E","R","M","T","$","E","M","R","M","R"],"character_chosen":"IRONCLAD","items_purchased":["Vajra","Oddly Smooth Stone","Bludgeon","Happy Flower","Inflame","Flex","Flex"],"campfire_rested":2,"item_purchase_floors":[27,27,27,39,39,39,44],"current_hp_per_floor":[80,80,80,85,68,70,70,73,73,73,64,64,64,52,52,39,85,85,85,69,75,75,81,81,84,84,84,75,75,66,73,73,67,106,102,75,75,79,79,63,63,54,54,54,29,7,38,42,73,0],"gold":102,"neow_bonus":"THREE_ENEMY_KILL","is_prod":false,"is_daily":false,"chose_seed":false,"campfire_upgraded":7,"win_rate":0.0,"timestamp":1540226127,"path_taken":["M","M","?","?","?","E","?","M","T","R","M","?","R","?","R","BOSS","M","?","?","?","?","E","R","M","T","$","?","R","E","?","R","BOSS","M","M","?","M","$","E","R","M","T","?","E","M","R","M","R","BOSS"],"build_version":"2018-10-18","purchased_purges":2,"victory":false,"max_hp_per_floor":[80,80,80,85,85,85,85,85,85,85,85,85,85,85,85,85,85,85,85,85,85,85,85,85,85,85,85,99,99,99,106,106,106,106,106,106,106,106,106,106,106,106,106,106,106,106,106,106,106,106],"card_choices":[{"not_picked":["Fire Breathing","Pummel"],"picked":"True Grit","floor":1},{"not_picked":["Headbutt","Sword Boomerang"],"picked":"Heavy Blade","floor":2},{"not_picked":["Battle Trance","Intimidate"],"picked":"Shrug It Off","floor":6},{"not_picked":["Shockwave","Heavy Blade"],"picked":"Pommel Strike","floor":8},{"not_picked":["Anger","Blood for Blood"],"picked":"Barricade","floor":11},{"not_picked":["Rage","Shrug It Off"],"picked":"Flame Barrier","floor":14},{"not_picked":["Fiend Fire","Berserk"],"picked":"Impervious","floor":16},{"not_picked":["Twin Strike+1"],"picked":"SKIP","floor":18},{"not_picked":["Shrug It Off"],"picked":"SKIP","floor":21},{"not_picked":["Carnage"],"picked":"SKIP","floor":23},{"not_picked":["Blood for Blood"],"picked":"SKIP","floor":25},{"not_picked":[],"picked":"Bloodletting+1","floor":30},{"not_picked":[],"picked":"Bludgeon","floor":33},{"not_picked":[],"picked":"Inflame","floor":35},{"not_picked":["True Grit+1"],"picked":"SKIP","floor":36},{"not_picked":[],"picked":"Iron Wave+1","floor":38},{"not_picked":["Twin Strike"],"picked":"SKIP","floor":40},{"not_picked":["Intimidate"],"picked":"SKIP","floor":42},{"not_picked":[],"picked":"Power Through+1","floor":45},{"not_picked":[],"picked":"Spot Weakness+1","floor":46},{"not_picked":["Burning Pact"],"picked":"SKIP","floor":48},{"not_picked":[],"picked":"Body Slam","floor":49}],"player_experience":43546,"relics_obtained":[{"floor":6,"key":"Ornamental Fan"},{"floor":9,"key":"MawBank"},{"floor":12,"key":"Gremlin Horn"},{"floor":20,"key":"Enchiridion"},{"floor":23,"key":"War Paint"},{"floor":26,"key":"Boot"},{"floor":28,"key":"Mango"},{"floor":28,"key":"Darkstone Periapt"},{"floor":30,"key":"Thread and Needle"},{"floor":31,"key":"Strawberry"},{"floor":40,"key":"Dream Catcher"},{"floor":40,"key":"Bronze Scales"},{"floor":43,"key":"Red Skull"},{"floor":45,"key":"Smiling Mask"},{"floor":45,"key":"PreservedInsect"}],"event_choices":[{"cards_removed":["Defend_R"],"damage_healed":0,"gold_gain":0,"player_choice":"Card Removal","damage_taken":0,"max_hp_gain":0,"max_hp_loss":0,"event_name":"The Cleric","floor":3,"gold_loss":50},{"damage_healed":0,"gold_gain":0,"player_choice":"Donut","damage_taken":0,"max_hp_gain":5,"max_hp_loss":0,"event_name":"Big Fish","floor":4,"gold_loss":0},{"damage_healed":0,"gold_gain":0,"player_choice":"Entered Light","damage_taken":17,"max_hp_gain":0,"max_hp_loss":0,"event_name":"Shining Light","floor":5,"gold_loss":0,"cards_upgraded":["True Grit","Strike_R"]},{"damage_healed":0,"gold_gain":0,"player_choice":"Opened","damage_taken":0,"relics_obtained":["Mercury Hourglass"],"max_hp_gain":0,"max_hp_loss":0,"event_name":"The Mausoleum","floor":19,"gold_loss":0},{"damage_healed":0,"gold_gain":0,"player_choice":"Obtained Book","damage_taken":16,"max_hp_gain":0,"max_hp_loss":0,"event_name":"Cursed Tome","floor":20,"gold_loss":0},{"cards_removed":["Defend_R"],"damage_healed":0,"gold_gain":0,"player_choice":"Elegance","damage_taken":0,"max_hp_gain":0,"max_hp_loss":0,"event_name":"Back to Basics","floor":22,"gold_loss":0},{"damage_healed":0,"gold_gain":0,"player_choice":"Fight","damage_taken":0,"max_hp_gain":0,"max_hp_loss":0,"event_name":"Colosseum","floor":28,"gold_loss":0},{"damage_healed":0,"gold_gain":0,"player_choice":"Fought Nobs","damage_taken":0,"max_hp_gain":0,"max_hp_loss":0,"event_name":"Colosseum","floor":28,"gold_loss":0},{"damage_healed":0,"gold_gain":0,"player_choice":"Bought 0 Potions","damage_taken":0,"max_hp_gain":0,"max_hp_loss":0,"event_name":"The Woman in Blue","floor":37,"gold_loss":0}],"is_beta":false,"boss_relics":[{"not_picked":["Runic Dome","Calling Bell"],"picked":"Busted Crown"},{"not_picked":["Tiny House","White Beast Statue"],"picked":"Black Star"}],"items_purged_floors":[7,39],"is_endless":false,"potions_floor_spawned":[1,2,21,23,28,30,36,38,40,42],"killed_by":"Donu and Deca","ascension_level":0}