{"gold_per_floor":[111,127,144,69,88,88,121,121,121,155,155,155,171,197,197,293,293,303,323,323,0,19,19,37,37,63,77,95,112,132,146,146,248,248,258,272,272,272,292,323,51,51,51,107,119,135,98,152,152,152],"floor_reached":50,"playtime":3518,"items_purged":["Strike_G"],"score":606,"play_id":"348e7a86-c15c-4fc1-b92b-6f8e2eabf232","local_time":"20181123171048","is_ascension_mode":true,"campfire_choices":[{"data":"Footwork","floor":6.0,"key":"SMITH"},{"floor":8.0,"key":"REST"},{"data":"Poisoned Stab","floor":12.0,"key":"SMITH"},{"floor":15.0,"key":"REST"},{"data":"PiercingWail","floor":23.0,"key":"SMITH"},{"data":"Blur","floor":25.0,"key":"SMITH"},{"floor":32,"key":"REST"},{"floor":42,"key":"REST"},{"floor":49,"key":"REST"}],"neow_cost":"NONE","seed_source_timestamp":0,"circlet_count":0,"master_deck":["Defend_G","Defend_G","Defend_G","Defend_G","Defend_G","Strike_G","Strike_G","Strike_G","Strike_G","Survivor","Neutralize+1","Quick Slash","Footwork+1","Well Laid Plans","Poisoned Stab+1","Caltrops","After Image","Wraith Form v2+1","PiercingWail+1","Dash","Deadly Poison","Blur+1","Dodge and Roll+1","Calculated Gamble+1","Footwork+1","Sucker Punch","A Thousand Cuts+1","Deadly Poison+1","Finesse","Noxious Fumes+1","Infinite Blades+1"],"special_seed":0,"relics":["Ring of the Snake","Art of War","Ancient Tea Set","Omamori","Singing Bowl","Frozen Egg 2","Sozu","Centennial Puzzle","Busted Crown","Blood Vial","ClockworkSouvenir","Vajra","Tiny Chest","PreservedInsect"],"potions_floor_usage":[50,50],"damage_taken":[{"damage":1.0,"enemies":"Jaw Worm","floor":1.0,"turns":8.0},{"damage":1.0,"enemies":"Cultist","floor":2.0,"turns":4.0},{"damage":1.0,"enemies":"2 Louse","floor":3.0,"turns":3.0},{"damage":3.0,"enemies":"Blue Slaver","floor":5.0,"turns":5.0},{"damage":55.0,"enemies":"Gremlin Nob","floor":7.0,"turns":7.0},{"damage":8.0,"enemies":"Lagavulin","floor":10.0,"turns":10.0},{"damage":0.0,"enemies":"Exordium Wildlife","floor":13.0,"turns":3.0},{"damage":16.0,"enemies":"Gremlin Nob","floor":14.0,"turns":5.0},{"damage":10.0,"enemies":"The Guardian","floor":16.0,"turns":13.0},{"damage":0.0,"enemies":"Shell Parasite","floor":18.0,"turns":7.0},{"damage":14.0,"enemies":"Spheric Guardian","floor":19.0,"turns":6.0},{"damage":13.0,"enemies":"Snake Plant","floor":22.0,"turns":5.0},{"damage":2.0,"enemies":"Cultist and Chosen","floor":24.0,"turns":8.0},{"damage":8.0,"enemies":"Snecko","floor":27.0,"turns":6.0},{"damage":9.0,"enemies":"Centurion and Healer","floor":28.0,"turns":13.0},{"damage":11,"enemies":"Chosen and Byrds","floor":29,"turns":9},{"damage":8,"enemies":"Snake Plant","floor":30,"turns":4},{"damage":7,"enemies":"3 Cultists","floor":31,"turns":8},{"damage":9,"enemies":"Automaton","floor":33,"turns":19},{"damage":0,"enemies":"Orb Walker","floor":35,"turns":5},{"damage":3,"enemies":"3 Darklings","floor":36,"turns":5},{"damage":10,"enemies":"Transient","floor":39,"turns":5},{"damage":43,"enemies":"Nemesis","floor":40,"turns":11},{"damage":5,"enemies":"Giant Head","floor":44,"turns":10},{"damage":6,"enemies":"Spire Growth","floor":45,"turns":7},{"damage":13,"enemies":"Sphere and 2 Shapes","floor":46,"turns":5},{"damage":62,"enemies":"Time Eater","floor":50,"turns":13}],"seed_played":"6640318210975132723","potions_obtained":[{"floor":2.0,"key":"FearPotion"},{"floor":5.0,"key":"FearPotion"},{"floor":10.0,"key":"Swift Potion"}],"is_trial":false,"path_per_floor":["M","M","M","$","M","R","E","R","T","E","?","R","M","E","R","B",null,"M","M","?","?","M","R","M","R","T","M","M","M","M","M","M","R","B",null,"M","M","?","?","M","E","$","R","T","E","M","M","$","T","R","B"],"character_chosen":"THE_SILENT","items_purchased":["Noxious Fumes+1","ClockworkSouvenir","Infinite Blades+1"],"campfire_rested":5,"item_purchase_floors":[41,41,47],"current_hp_per_floor":[69,68,67,67,64,64,9,30,30,22,22,22,22,8,29,19,72,72,58,58,58,45,45,45,45,45,37,30,19,11,4,26,17,76,78,75,69,69,61,20,20,45,45,44,42,33,33,33,60,0],"gold":152,"neow_bonus":"RANDOM_COMMON_RELIC","is_prod":false,"is_daily":false,"chose_seed":false,"campfire_upgraded":4,"win_rate":0,"timestamp":1543011048,"path_taken":["M","M","M","$","M","R","E","R","T","E","?","R","M","E","R","BOSS","M","M","?","?","M","R","M","R","T","M","M","M","M","M","R","BOSS","M","M","?","?","M","E","$","R","T","E","M","M","$","?","R","BOSS"],"build_version":"2018-11-15","purchased_purges":1,"victory":false,"max_hp_per_floor":[70,70,70,70,70,70,70,70,70,70,70,70,70,72,72,72,72,72,72,72,72,72,72,74,74,74,74,76,76,76,76,76,76,76,78,78,82,82,84,86,86,86,86,88,90,92,92,92,92,92],"card_choices":[{"not_picked":["Slice","Prepared"],"picked":"Quick Slash","floor":1.0},{"not_picked":["Acrobatics","Riddle With Holes"],"picked":"Footwork","floor":2.0},{"not_picked":["Expertise","Underhanded Strike"],"picked":"Well Laid Plans","floor":3.0},{"not_picked":["Riddle With Holes","Outmaneuver","Bane"],"picked":"SKIP","floor":5.0},{"not_picked":["Blade Dance","Blur"],"picked":"Poisoned Stab","floor":7.0},{"not_picked":["Escape Plan","Predator"],"picked":"Caltrops","floor":10.0},{"not_picked":["Flechettes","Deflect"],"picked":"After Image","floor":13.0},{"not_picked":["Underhanded Strike","Outmaneuver","Accuracy"],"picked":"Singing Bowl","floor":14.0},{"not_picked":["Storm of Steel","Tools of the Trade+1"],"picked":"Wraith Form v2+1","floor":16.0},{"not_picked":["Quick Slash","Dagger Throw"],"picked":"PiercingWail","floor":18.0},{"not_picked":["Blade Dance","Backflip"],"picked":"Dash","floor":19.0},{"not_picked":["Escape Plan","Flying Knee+1"],"picked":"Blur","floor":22.0},{"not_picked":["Accuracy+1","Finisher","Blade Dance"],"picked":"Singing Bowl","floor":24.0},{"not_picked":["Skewer","Bane+1"],"picked":"Dodge and Roll+1","floor":27.0},{"not_picked":["Outmaneuver","Blur","Dagger Throw"],"picked":"Singing Bowl","floor":28},{"not_picked":["Slice","Phantasmal Killer"],"picked":"Calculated Gamble+1","floor":29},{"not_picked":["Well Laid Plans+1","Flying Knee"],"picked":"Footwork+1","floor":30},{"not_picked":["Calculated Gamble","Blade Dance"],"picked":"Sucker Punch","floor":31},{"not_picked":["Glass Knife","Phantasmal Killer"],"picked":"A Thousand Cuts+1","floor":33},{"not_picked":["Outmaneuver"],"picked":"Singing Bowl","floor":35},{"not_picked":[],"picked":"Deadly Poison+1","floor":36},{"not_picked":["Forethought"],"picked":"Singing Bowl","floor":37},{"not_picked":[],"picked":"Finesse","floor":37},{"not_picked":["Impatience"],"picked":"Singing Bowl","floor":37},{"not_picked":["Setup"],"picked":"Singing Bowl","floor":39},{"not_picked":["Underhanded Strike"],"picked":"Singing Bowl","floor":40},{"not_picked":["Heel Hook"],"picked":"Singing Bowl","floor":44},{"not_picked":["Expertise+1"],"picked":"Singing Bowl","floor":45},{"not_picked":["Backflip"],"picked":"Singing Bowl","floor":46}],"player_experience":150978,"relics_obtained":[{"floor":7.0,"key":"Ancient Tea Set"},{"floor":9.0,"key":"Omamori"},{"floor":10.0,"key":"Singing Bowl"},{"floor":14.0,"key":"Frozen Egg 2"},{"floor":26.0,"key":"Centennial Puzzle"},{"floor":40,"key":"Blood Vial"},{"floor":43,"key":"Vajra"},{"floor":44,"key":"Tiny Chest"},{"floor":48,"key":"PreservedInsect"}],"event_choices":[{"damage_healed":0.0,"max_hp_gain":0.0,"max_hp_loss":0.0,"gold_gain":0.0,"event_name":"Upgrade Shrine","player_choice":"Upgraded","floor":11.0,"gold_loss":0.0,"damage_taken":0.0,"cards_upgraded":["Neutralize"]},{"damage_healed":0.0,"max_hp_gain":0.0,"max_hp_loss":0.0,"gold_gain":0.0,"event_name":"The Library","player_choice":"Read","floor":20.0,"gold_loss":0.0,"damage_taken":0.0,"cards_obtained":["Deadly Poison"]},{"damage_healed":0.0,"max_hp_gain":0.0,"max_hp_loss":0.0,"gold_gain":0.0,"event_name":"Masked Bandits","player_choice":"Paid Fearfully","floor":21.0,"gold_loss":323.0,"damage_taken":0.0},{"damage_healed":0,"gold_gain":0,"player_choice":"Memory 3","damage_taken":10,"max_hp_gain":0,"max_hp_loss":0,"event_name":"SensoryStone","floor":37,"gold_loss":0},{"damage_healed":0,"gold_gain":0,"player_choice":"Ignored","damage_taken":0,"max_hp_gain":0,"max_hp_loss":0,"event_name":"Mysterious Sphere","floor":38,"gold_loss":0}],"is_beta":false,"boss_relics":[{"not_picked":["Empty Cage","Fusion Hammer"],"picked":"Sozu"},{"not_picked":["Velvet Choker","Runic Dome"],"picked":"Busted Crown"}],"items_purged_floors":[4],"is_endless":false,"potions_floor_spawned":[2,5,10,13,18,22,28,29,33,36,40,44],"killed_by":"Time Eater","ascension_level":2}