{"gold_per_floor":[111,286,0,12,12,46,46,72,72,90,120,120,146,146,146,250,250,267,267,267,278,296,628,261,261,261,261,296,296,314,328,328,430,430,443,443,443,61,80,112,128,142,168,178,178,208,208,219,219,219,219,219,52,78,78],"floor_reached":55,"playtime":6477,"items_purged":[],"score":958,"play_id":"c8422fa6-259e-43ef-acf7-92dec44cf2b0","local_time":"20190219234506","is_ascension_mode":true,"campfire_choices":[{"floor":7,"key":"RECALL"},{"floor":12,"key":"REST"},{"floor":15,"key":"REST"},{"floor":25,"key":"REST"},{"floor":27,"key":"REST"},{"floor":32,"key":"REST"},{"floor":45,"key":"REST"},{"floor":49,"key":"REST"},{"floor":52,"key":"REST"}],"neow_cost":"NONE","seed_source_timestamp":233002204228200,"circlet_count":0,"master_deck":["Defend_G+1","Defend_G+1","Defend_G","Defend_G","Strike_G","Strike_G","Strike_G","Strike_G","Survivor","Neutralize","Dagger Throw","Doubt","Footwork","Dagger Throw","Flying Knee","Caltrops","Tools of the Trade","Blur","Envenom","Deadly Poison","Backstab","PiercingWail","RitualDagger","Sucker Punch+1","Noxious Fumes","Terror+1","All Out Attack","Slice","Prepared","Well Laid Plans","Dagger Throw+1","Riddle With Holes","After Image+1","Unload","Blade Dance+1","Madness","Madness","Accuracy","Bane+1","Backstab+1","Deflect","PiercingWail+1","Footwork+1","Blade Dance","Slice+1","Violence","Caltrops"],"relics":["Ring of the Snake","Thread and Needle","Turnip","Question Card","War Paint","Blood Vial","Unceasing Top","Black Star","Ginger","Old Coin","Snake Skull","FossilizedHelix","Boot","Ninja Scroll","Gremlin Horn","Fusion Hammer","Mango","Omamori","Centennial Puzzle","PreservedInsect","Letter Opener","Du-Vu Doll","Incense Burner","Oddly Smooth Stone","Tingsha"],"potions_floor_usage":[6,6,11,23,28,31,33,40,50,50,55],"damage_taken":[{"damage":5,"enemies":"Jaw Worm","floor":1,"turns":5},{"damage":0,"enemies":"Small Slimes","floor":4,"turns":3},{"damage":0,"enemies":"Lagavulin","floor":6,"turns":10},{"damage":28,"enemies":"3 Sentries","floor":8,"turns":16},{"damage":0,"enemies":"Cultist","floor":10,"turns":3},{"damage":20,"enemies":"Gremlin Nob","floor":11,"turns":4},{"damage":4,"enemies":"3 Sentries","floor":13,"turns":10},{"damage":24,"enemies":"Hexaghost","floor":16,"turns":13},{"damage":9,"enemies":"Spheric Guardian","floor":18,"turns":8},{"damage":0,"enemies":"Shell Parasite","floor":21,"turns":8},{"damage":2,"enemies":"Centurion and Healer","floor":22,"turns":9},{"damage":60,"enemies":"Slavers","floor":23,"turns":7},{"damage":22,"enemies":"Book of Stabbing","floor":28,"turns":6},{"damage":14,"enemies":"Snake Plant","floor":30,"turns":3},{"damage":0,"enemies":"Snecko","floor":31,"turns":5},{"damage":62,"enemies":"Champ","floor":33,"turns":8},{"damage":0,"enemies":"Orb Walker","floor":35,"turns":2},{"damage":26,"enemies":"3 Shapes","floor":39,"turns":3},{"damage":14,"enemies":"Giant Head","floor":40,"turns":6},{"damage":5,"enemies":"Sphere and 2 Shapes","floor":41,"turns":5},{"damage":14,"enemies":"Transient","floor":42,"turns":5},{"damage":10,"enemies":"3 Darklings","floor":44,"turns":4},{"damage":0,"enemies":"Nemesis","floor":46,"turns":6},{"damage":4,"enemies":"4 Shapes","floor":48,"turns":4},{"damage":36,"enemies":"Time Eater","floor":50,"turns":10},{"damage":46,"enemies":"Shield and Spear","floor":54,"turns":8},{"damage":50,"enemies":"The Heart","floor":55,"turns":5}],"seed_played":"612935026003355744","potions_obtained":[{"floor":5,"key":"Poison Potion"},{"floor":5,"key":"SmokeBomb"},{"floor":5,"key":"Dexterity Potion"},{"floor":8,"key":"LiquidBronze"},{"floor":13,"key":"FairyPotion"},{"floor":22,"key":"PowerPotion"},{"floor":23,"key":"AttackPotion"},{"floor":30,"key":"Swift Potion"},{"floor":31,"key":"SteroidPotion"},{"floor":39,"key":"PowerPotion"},{"floor":40,"key":"SneckoOil"},{"floor":46,"key":"Poison Potion"},{"floor":48,"key":"EssenceOfSteel"}],"is_trial":false,"path_per_floor":["M","?","$","M","?","E","R","E","T","M","E","R","E","T","R","B",null,"M","?","?","M","M","E","$","R","T","R","E","T","M","M","R","B",null,"M","?","?","$","M","E","M","M","T","M","R","E","T","M","R","B",null,"R","$","E","B"],"character_chosen":"THE_SILENT","items_purchased":["Thread and Needle","Snake Skull","All Out Attack","Slice","Prepared","Well Laid Plans","Accuracy","Mango","Violence"],"campfire_rested":8,"item_purchase_floors":[3,24,24,24,24,24,38,38,53],"current_hp_per_floor":[72,72,72,72,72,72,72,44,44,44,24,47,43,43,66,44,77,68,68,62,64,64,6,6,29,29,52,32,32,20,22,45,7,77,77,67,67,81,57,45,42,30,30,22,49,51,51,49,76,42,91,91,91,45,0],"gold":78,"neow_bonus":"TEN_PERCENT_HP_BONUS","is_prod":false,"is_daily":false,"chose_seed":false,"campfire_upgraded":0,"win_rate":0,"timestamp":1550619906,"path_taken":["M","?","$","M","?","E","R","E","T","?","E","R","E","?","R","BOSS","M","?","?","M","M","E","$","R","T","R","E","?","?","M","R","BOSS","M","?","?","$","M","E","M","?","T","M","R","E","?","M","R","BOSS","R","$","E","BOSS"],"build_version":"2019-01-23","purchased_purges":0,"victory":false,"max_hp_per_floor":[77,77,77,77,77,77,77,77,77,77,77,77,77,77,77,77,77,77,77,77,77,77,77,77,77,77,77,77,77,77,77,77,77,77,77,77,77,91,91,91,91,91,91,91,91,91,91,91,91,91,91,91,91,91,91],"card_choices":[{"not_picked":["Slice","Underhanded Strike"],"picked":"Dagger Throw","floor":1},{"not_picked":["PiercingWail","Bane"],"picked":"Footwork","floor":4},{"not_picked":["Underhanded Strike","Calculated Gamble"],"picked":"Dagger Throw","floor":6},{"not_picked":["Outmaneuver","PiercingWail"],"picked":"Flying Knee","floor":8},{"not_picked":["PiercingWail","Adrenaline","Flying Knee"],"picked":"Caltrops","floor":10},{"not_picked":["Deflect","Bane","Cloak And Dagger"],"picked":"Tools of the Trade","floor":11},{"not_picked":["Bane","Dagger Throw","Catalyst"],"picked":"Blur","floor":13},{"not_picked":["Venomology","Bullet Time","Die Die Die"],"picked":"Envenom","floor":16},{"not_picked":["Flying Knee","Prepared+1","Sucker Punch"],"picked":"Deadly Poison","floor":18},{"not_picked":["Deadly Poison","Underhanded Strike","Bullet Time"],"picked":"Sucker Punch+1","floor":21},{"not_picked":["Skewer","Concentrate+1","Catalyst"],"picked":"Noxious Fumes","floor":22},{"not_picked":["Masterful Stab","Reflex","Expertise"],"picked":"Terror+1","floor":23},{"not_picked":["Bane","Corpse Explosion","Sucker Punch"],"picked":"Dagger Throw+1","floor":28},{"not_picked":["Quick Slash+1","Sucker Punch+1","Cloak And Dagger"],"picked":"Riddle With Holes","floor":30},{"not_picked":["Caltrops","Skewer+1","Predator"],"picked":"After Image","floor":31},{"not_picked":["Night Terror","Wraith Form v2","Storm of Steel"],"picked":"Unload","floor":33},{"not_picked":["Heel Hook","Caltrops","Acrobatics+1"],"picked":"Blade Dance+1","floor":35},{"not_picked":["Calculated Gamble","Outmaneuver","Noxious Fumes"],"picked":"Bane+1","floor":39},{"not_picked":["Deadly Poison","Wraith Form v2","Outmaneuver"],"picked":"Backstab+1","floor":40},{"not_picked":["Dagger Throw","Poisoned Stab","PiercingWail"],"picked":"Deflect","floor":41},{"not_picked":["Well Laid Plans+1","Flechettes","Underhanded Strike"],"picked":"PiercingWail+1","floor":42},{"not_picked":["PiercingWail","Acrobatics+1","Calculated Gamble+1"],"picked":"Footwork+1","floor":44},{"not_picked":["Expertise+1","Slice","Dagger Spray"],"picked":"Blade Dance","floor":46},{"not_picked":["Masterful Stab","Underhanded Strike+1","All Out Attack"],"picked":"Slice+1","floor":48},{"not_picked":["Bane+1","Heel Hook+1","Outmaneuver"],"picked":"Caltrops","floor":54}],"player_experience":178957,"relics_obtained":[{"floor":6,"key":"Turnip"},{"floor":8,"key":"Question Card"},{"floor":11,"key":"War Paint"},{"floor":13,"key":"Blood Vial"},{"floor":14,"key":"Unceasing Top"},{"floor":23,"key":"Ginger"},{"floor":23,"key":"Old Coin"},{"floor":26,"key":"FossilizedHelix"},{"floor":28,"key":"Boot"},{"floor":28,"key":"Ninja Scroll"},{"floor":29,"key":"Gremlin Horn"},{"floor":40,"key":"Omamori"},{"floor":40,"key":"Centennial Puzzle"},{"floor":43,"key":"PreservedInsect"},{"floor":46,"key":"Letter Opener"},{"floor":46,"key":"Du-Vu Doll"},{"floor":47,"key":"Incense Burner"},{"floor":54,"key":"Oddly Smooth Stone"},{"floor":54,"key":"Tingsha"}],"event_choices":[{"damage_healed":0,"gold_gain":175,"player_choice":"AGREE","damage_taken":0,"max_hp_gain":0,"max_hp_loss":0,"event_name":"Liars Game","floor":2,"gold_loss":0,"cards_obtained":["Doubt"]},{"damage_healed":0,"gold_gain":0,"player_choice":"Got Potions","damage_taken":0,"max_hp_gain":0,"max_hp_loss":0,"event_name":"Lab","floor":5,"gold_loss":0},{"damage_healed":0,"gold_gain":0,"cards_transformed":["Strike_G","Defend_G"],"player_choice":"Became Test Subject","damage_taken":0,"max_hp_gain":0,"max_hp_loss":0,"event_name":"Drug Dealer","floor":19,"gold_loss":0,"cards_obtained":["Backstab","PiercingWail"]},{"damage_healed":0,"gold_gain":0,"player_choice":"Joined the Cult","damage_taken":6,"max_hp_gain":0,"max_hp_loss":0,"event_name":"Nest","floor":20,"gold_loss":0,"cards_obtained":["RitualDagger"]},{"damage_healed":0,"gold_gain":0,"player_choice":"Embrace Madness","damage_taken":10,"max_hp_gain":0,"max_hp_loss":0,"event_name":"Winding Halls","floor":36,"gold_loss":0,"cards_obtained":["Madness","Madness"]},{"damage_healed":0,"gold_gain":0,"player_choice":"Upgraded","damage_taken":0,"max_hp_gain":0,"max_hp_loss":0,"event_name":"Upgrade Shrine","floor":37,"gold_loss":0,"cards_upgraded":["After Image"]}],"is_beta":false,"boss_relics":[{"not_picked":["Sozu","Ring of the Serpent"],"picked":"Black Star"},{"not_picked":["Lizard Tail","Coffee Dripper"],"picked":"Fusion Hammer"}],"items_purged_floors":[],"is_endless":false,"potions_floor_spawned":[8,13,22,23,30,31,39,40,46,48],"killed_by":"The Heart","ascension_level":1}