{"gold_per_floor":[114,114,114,114,129,159,65,65,90,120,307,379,406,433,445,557,569,596,69,84,84,84,114,129,159,159,189,204,204,234,234,234,334,334,349,374,84,484,484,514,514,544,594,609,109,139,39,69,69,69],"floor_reached":51,"playtime":4314,"items_purged":[],"score":930,"play_id":"fb2db21f-9b33-4b79-b4ed-ac38b518a86b","local_time":"20190227100808","daily_mods":["Chimera","Time Dilation","Elite Swarm"],"is_ascension_mode":false,"campfire_choices":[{"floor":8,"key":"REST"},{"floor":15,"key":"REST"},{"data":"Defragment","floor":29,"key":"SMITH"},{"data":"Multi-Cast","floor":32,"key":"SMITH"},{"data":"Electrodynamics","floor":49,"key":"SMITH"}],"neow_cost":"","seed_source_timestamp":0,"circlet_count":0,"master_deck":["Bash","Survivor+1","Zap","Strike_R","Strike_G","Strike_B+1","Defend_R","Defend_G","Defend_B","Ball Lightning","Sweeping Beam","Electrodynamics","Defragment+1","Ball Lightning","Multi-Cast+1","Electrodynamics+1","Leap","Chill","Thunder Strike","Sweeping Beam","Bandage Up","Steam+1","Amplify","Cold Snap","Biased Cognition+1","Creative AI+1","Self Repair+1","Hyperbeam","Electrodynamics+1","Defragment+1","Static Discharge+1","Swift Strike","Magnetism+1","Discovery","Seek","Core Surge","Go for the Eyes+1","Thunder Strike","Seek"],"special_seed":17954,"relics":["FrozenCore","Orichalcum","Torii","Centennial Puzzle","MawBank","Tiny Chest","Coffee Dripper","Matryoshka","Toy Ornithopter","Enchiridion","Frozen Egg 2","Dodecahedron","Unceasing Top","Bottled Tornado","Singing Bowl","Vajra","Symbiotic Virus","DataDisk","ClockworkSouvenir","Old Coin","Art of War","Ancient Tea Set","Regal Pillow","Pear","Bottled Flame","Gremlin Horn","Dream Catcher"],"potions_floor_usage":[6,6,23,25,25,27,40,40,42,48,48,50,50],"damage_taken":[{"damage":1,"enemies":"Jaw Worm","floor":1,"turns":3},{"damage":3,"enemies":"Small Slimes","floor":5,"turns":3},{"damage":11,"enemies":"3 Sentries","floor":6,"turns":5},{"damage":12,"enemies":"Lagavulin","floor":10,"turns":5},{"damage":8,"enemies":"Gremlin Nob","floor":12,"turns":3},{"damage":0,"enemies":"Cultist","floor":13,"turns":2},{"damage":0,"enemies":"Large Slime","floor":14,"turns":3},{"damage":24,"enemies":"Hexaghost","floor":16,"turns":10},{"damage":11,"enemies":"2 Thieves","floor":18,"turns":2},{"damage":7,"enemies":"Shell Parasite","floor":20,"turns":4},{"damage":21,"enemies":"Slavers","floor":23,"turns":2},{"damage":1,"enemies":"Centurion and Healer","floor":24,"turns":4},{"damage":9,"enemies":"Gremlin Leader","floor":25,"turns":4},{"damage":14,"enemies":"Slavers","floor":27,"turns":3},{"damage":15,"enemies":"Snake Plant","floor":28,"turns":2},{"damage":0,"enemies":"Gremlin Leader","floor":30,"turns":4},{"damage":14,"enemies":"Champ","floor":33,"turns":7},{"damage":7,"enemies":"3 Shapes","floor":35,"turns":2},{"damage":0,"enemies":"Mind Bloom Boss Battle","floor":38,"turns":3},{"damage":29,"enemies":"Giant Head","floor":40,"turns":7},{"damage":59,"enemies":"Nemesis","floor":42,"turns":5},{"damage":1,"enemies":"Orb Walker","floor":44,"turns":3},{"damage":19,"enemies":"Reptomancer","floor":46,"turns":4},{"damage":1,"enemies":"Nemesis","floor":48,"turns":5},{"damage":36,"enemies":"Awakened One","floor":50,"turns":9}],"seed_played":"8256108652723844663","potions_obtained":[{"floor":1,"key":"Swift Potion"},{"floor":5,"key":"Strength Potion"},{"floor":6,"key":"SteroidPotion"},{"floor":13,"key":"Dexterity Potion"},{"floor":23,"key":"Block Potion"},{"floor":25,"key":"Ancient Potion"},{"floor":33,"key":"AttackPotion"},{"floor":40,"key":"PowerPotion"},{"floor":44,"key":"Energy Potion"},{"floor":48,"key":"Dexterity Potion"}],"is_trial":false,"path_per_floor":["M","?","?","?","M","E","$","R","T","E","?","E","M","M","R","B",null,"M","$","M","?","?","E","M","E","T","E","M","R","E","?","R","B",null,"M","T","$","?","?","E","?","E","T","M","$","E","$","E","R","B",null],"character_chosen":"DEFECT","items_purchased":["Defragment","Ball Lightning","Matryoshka","Bandage Up","Toy Ornithopter","Defragment+1","ClockworkSouvenir","PowerPotion","Pear","Bottled Flame","Block Potion","Swift Potion"],"campfire_rested":2,"item_purchase_floors":[7,7,19,19,19,37,37,37,45,45,47,47],"current_hp_per_floor":[74,59,59,56,53,42,42,64,64,52,52,44,44,44,66,42,75,64,64,61,61,45,33,36,41,41,36,25,25,39,39,39,29,75,68,68,68,72,62,56,56,16,16,15,25,20,20,39,39,41],"gold":69,"neow_bonus":"","is_prod":false,"is_daily":true,"chose_seed":false,"campfire_upgraded":3,"win_rate":0,"timestamp":1551262088,"path_taken":["M","?","?","?","?","E","?","R","T","E","?","E","M","M","R","BOSS","M","$","M","?","?","E","M","E","T","E","M","R","E","?","R","BOSS","M","?","$","?","?","E","?","E","T","M","$","E","$","E","R","BOSS"],"build_version":"2019-01-23","purchased_purges":0,"victory":true,"max_hp_per_floor":[75,75,75,75,75,75,75,75,75,75,75,75,75,75,75,75,75,75,75,75,75,75,75,75,75,75,75,75,75,75,75,75,75,75,75,75,75,75,75,75,75,75,75,75,85,85,85,85,85,85],"card_choices":[{"not_picked":["Darkness","Hello World"],"picked":"Ball Lightning","floor":1},{"not_picked":["Hologram","Lockon"],"picked":"Sweeping Beam","floor":5},{"not_picked":["Buffer","Amplify"],"picked":"Electrodynamics","floor":6},{"not_picked":["Fission","Creative AI"],"picked":"Multi-Cast","floor":10},{"not_picked":["Fission","Amplify"],"picked":"Electrodynamics","floor":12},{"not_picked":["Streamline","Compile Driver"],"picked":"Leap","floor":13},{"not_picked":["Hologram","Go for the Eyes"],"picked":"Chill","floor":14},{"not_picked":["Fission","Machine Learning"],"picked":"Thunder Strike","floor":16},{"not_picked":["Rebound","Beam Cell"],"picked":"Sweeping Beam","floor":18},{"not_picked":["Sweeping Beam","Doom and Gloom"],"picked":"Steam+1","floor":20},{"not_picked":["Buffer","Reboot"],"picked":"Amplify","floor":23},{"not_picked":["Leap+1","Turbo+1"],"picked":"Cold Snap","floor":24},{"not_picked":["Electrodynamics+1","Creative AI+1"],"picked":"Biased Cognition+1","floor":25},{"not_picked":["Amplify","Rainbow"],"picked":"Creative AI+1","floor":27},{"not_picked":["Leap","Reinforced Body"],"picked":"Self Repair+1","floor":28},{"not_picked":["Reboot","Biased Cognition+1"],"picked":"Hyperbeam","floor":30},{"not_picked":["Rainbow","Fission"],"picked":"Electrodynamics+1","floor":33},{"not_picked":["Compile Driver+1","Beam Cell+1"],"picked":"Hello World+1","floor":35},{"not_picked":["Sunder+1","Undo"],"picked":"Static Discharge+1","floor":38},{"not_picked":["PanicButton","Deep Breath"],"picked":"Swift Strike","floor":39},{"not_picked":["Discovery","Blind"],"picked":"Magnetism+1","floor":39},{"not_picked":["Jack Of All Trades","Chrysalis"],"picked":"Discovery","floor":39},{"not_picked":["Electrodynamics+1","Core Surge"],"picked":"Seek","floor":40},{"not_picked":["Meteor Strike","Amplify"],"picked":"Core Surge","floor":42},{"not_picked":["Scrape","Fusion"],"picked":"Go for the Eyes+1","floor":44},{"not_picked":["Creative AI+1","Meteor Strike"],"picked":"Thunder Strike","floor":46},{"not_picked":["Amplify","Multi-Cast"],"picked":"Seek","floor":48}],"player_experience":227817,"relics_obtained":[{"floor":6,"key":"Torii"},{"floor":9,"key":"Centennial Puzzle"},{"floor":10,"key":"MawBank"},{"floor":12,"key":"Tiny Chest"},{"floor":22,"key":"Enchiridion"},{"floor":23,"key":"Frozen Egg 2"},{"floor":25,"key":"Dodecahedron"},{"floor":26,"key":"Unceasing Top"},{"floor":26,"key":"Bottled Tornado"},{"floor":27,"key":"Singing Bowl"},{"floor":30,"key":"Vajra"},{"floor":36,"key":"Symbiotic Virus"},{"floor":36,"key":"DataDisk"},{"floor":38,"key":"Old Coin"},{"floor":40,"key":"Art of War"},{"floor":42,"key":"Ancient Tea Set"},{"floor":43,"key":"Regal Pillow"},{"floor":46,"key":"Gremlin Horn"},{"floor":48,"key":"Dream Catcher"}],"event_choices":[{"damage_healed":0,"gold_gain":0,"player_choice":"Entered Light","damage_taken":15,"max_hp_gain":0,"max_hp_loss":0,"event_name":"Shining Light","floor":2,"gold_loss":0,"cards_upgraded":["Strike_B","Survivor"]},{"damage_healed":0,"gold_gain":0,"player_choice":"Leave","damage_taken":0,"max_hp_gain":0,"max_hp_loss":0,"event_name":"The Cleric","floor":3,"gold_loss":0},{"damage_healed":0,"gold_gain":0,"player_choice":"Success","damage_taken":3,"relics_obtained":["Orichalcum"],"max_hp_gain":0,"max_hp_loss":0,"event_name":"Scrap Ooze","floor":4,"gold_loss":0},{"damage_healed":0,"gold_gain":175,"player_choice":"AGREE","damage_taken":0,"max_hp_gain":0,"max_hp_loss":0,"event_name":"Liars Game","floor":11,"gold_loss":0,"cards_obtained":["Doubt"]},{"damage_healed":0,"gold_gain":0,"player_choice":"Ignored","damage_taken":0,"max_hp_gain":0,"max_hp_loss":0,"event_name":"Ghosts","floor":21,"gold_loss":0},{"damage_healed":0,"gold_gain":0,"player_choice":"Obtained Book","damage_taken":16,"max_hp_gain":0,"max_hp_loss":0,"event_name":"Cursed Tome","floor":22,"gold_loss":0},{"cards_removed":["Doubt"],"damage_healed":0,"gold_gain":0,"player_choice":"Removed Curses","damage_taken":0,"max_hp_gain":0,"max_hp_loss":0,"event_name":"Fountain of Cleansing","floor":31,"gold_loss":0},{"damage_healed":0,"gold_gain":0,"player_choice":"Fight","damage_taken":0,"max_hp_gain":0,"max_hp_loss":0,"event_name":"MindBloom","floor":38,"gold_loss":0},{"damage_healed":0,"gold_gain":0,"player_choice":"Memory 3","damage_taken":10,"max_hp_gain":0,"max_hp_loss":0,"event_name":"SensoryStone","floor":39,"gold_loss":0},{"cards_removed":["Hello World"],"damage_healed":0,"gold_gain":0,"player_choice":"Removed Power","damage_taken":0,"max_hp_gain":0,"max_hp_loss":0,"event_name":"Falling","floor":41,"gold_loss":0}],"is_beta":false,"boss_relics":[{"not_picked":["Empty Cage","Velvet Choker"],"picked":"Coffee Dripper"},{"not_picked":["Runic Pyramid","Nuclear Battery"],"picked":"FrozenCore"}],"items_purged_floors":[],"is_endless":false,"potions_floor_spawned":[1,5,6,13,23,25,33,40,44,48],"ascension_level":0}