{"gold_per_floor":[111,111,126,141,161,187,187,216,216,216,242,259,259,270,270,368,368,353,368,368,160,160,160,192,192],"floor_reached":25,"playtime":1094,"items_purged":["Strike_B"],"score":265,"play_id":"a864ab0a-fde0-436e-a3ea-525a68e8a4a8","local_time":"20181122183719","is_ascension_mode":true,"campfire_choices":[{"data":"Genetic Algorithm","floor":7,"key":"SMITH"},{"data":"Zap","floor":10,"key":"SMITH"},{"data":"White Noise","floor":13,"key":"SMITH"},{"data":"Streamline","floor":15,"key":"SMITH"},{"data":"Fusion","floor":23,"key":"SMITH"}],"neow_cost":"NONE","seed_source_timestamp":600287614628210,"circlet_count":0,"master_deck":["Defend_B","Defend_B","Defend_B","Defend_B","Zap+1","Dualcast","Genetic Algorithm+1","Doom and Gloom","Cold Snap","Streamline+1","Loop","Stack","Amplify","White Noise+1","FTL","Core Surge","Double Energy","Steam","Rebound","Fusion+1","Storm+1","Conserve Battery","Go for the Eyes+1"],"relics":["Cracked Core","Orichalcum","Bag of Marbles","Pantograph","Symbiotic Virus","Frozen Egg 2","Inserter","Anchor"],"potions_floor_usage":[25],"damage_taken":[{"damage":0,"enemies":"Small Slimes","floor":1,"turns":2},{"damage":1,"enemies":"Cultist","floor":3,"turns":4},{"damage":0,"enemies":"2 Louse","floor":4,"turns":2},{"damage":6,"enemies":"2 Fungi Beasts","floor":5,"turns":3},{"damage":14,"enemies":"3 Sentries","floor":6,"turns":5},{"damage":11,"enemies":"Gremlin Nob","floor":8,"turns":4},{"damage":3,"enemies":"3 Sentries","floor":11,"turns":5},{"damage":0,"enemies":"Exordium Thugs","floor":12,"turns":3},{"damage":20,"enemies":"3 Louse","floor":14,"turns":3},{"damage":32,"enemies":"The Guardian","floor":16,"turns":7},{"damage":16,"enemies":"2 Thieves","floor":18,"turns":4},{"damage":22,"enemies":"Shell Parasite","floor":19,"turns":4},{"damage":24,"enemies":"Slavers","floor":24,"turns":5},{"damage":22,"enemies":"Sentry and Sphere","floor":25,"turns":3}],"seed_played":"6433345325555285175","potions_obtained":[{"floor":4,"key":"Block Potion"},{"floor":8,"key":"LiquidBronze"},{"floor":11,"key":"FairyPotion"}],"is_trial":false,"path_per_floor":["M","?","M","M","M","E","R","E","T","R","E","M","R","M","R","B",null,"M","M","?","$","?","R","E","M"],"character_chosen":"DEFECT","items_purchased":["Storm+1","Conserve Battery"],"campfire_rested":0,"item_purchase_floors":[21,21],"current_hp_per_floor":[75,75,74,74,68,54,54,43,43,43,40,40,40,20,20,13,75,59,37,37,37,37,37,13,0],"gold":192,"neow_bonus":"RANDOM_COMMON_RELIC","is_prod":false,"is_daily":false,"chose_seed":false,"campfire_upgraded":5,"win_rate":0,"timestamp":1542929839,"path_taken":["M","?","M","M","M","E","R","E","T","R","E","?","R","M","R","BOSS","M","M","?","$","?","R","E","M"],"build_version":"2018-11-15","purchased_purges":1,"victory":false,"max_hp_per_floor":[75,75,75,75,75,75,75,75,75,75,75,75,75,75,75,75,75,75,75,75,75,75,75,75,75],"card_choices":[{"not_picked":["Redo","Skim"],"picked":"Genetic Algorithm","floor":1},{"not_picked":["Stack","Gash"],"picked":"Doom and Gloom","floor":3},{"not_picked":["Hologram","Gash"],"picked":"Cold Snap","floor":4},{"not_picked":["Turbo","Static Discharge"],"picked":"Streamline","floor":5},{"not_picked":["Beam Cell","Hello World"],"picked":"Loop","floor":6},{"not_picked":["Chaos","Auto Shields"],"picked":"Stack","floor":8},{"not_picked":["Beam Cell","Sweeping Beam"],"picked":"Amplify","floor":11},{"not_picked":["Compile Driver","Go for the Eyes"],"picked":"White Noise","floor":12},{"not_picked":["Force Field","Gash"],"picked":"FTL","floor":14},{"not_picked":["Thunder Strike","Reboot"],"picked":"Core Surge","floor":16},{"not_picked":["Rebound+1","Turbo"],"picked":"Double Energy","floor":18},{"not_picked":["Cold Snap","Stack"],"picked":"Steam","floor":19},{"not_picked":["Hyperbeam","Stack+1"],"picked":"Go for the Eyes+1","floor":24}],"player_experience":148806,"relics_obtained":[{"floor":6,"key":"Bag of Marbles"},{"floor":8,"key":"Pantograph"},{"floor":9,"key":"Symbiotic Virus"},{"floor":11,"key":"Frozen Egg 2"},{"floor":24,"key":"Anchor"}],"event_choices":[{"damage_healed":0,"gold_gain":0,"player_choice":"Bought 0 Potions","damage_taken":0,"max_hp_gain":0,"max_hp_loss":0,"event_name":"The Woman in Blue","floor":2,"gold_loss":0},{"damage_healed":0,"gold_gain":0,"cards_transformed":["Strike_B","Strike_B"],"player_choice":"Became Test Subject","damage_taken":0,"max_hp_gain":0,"max_hp_loss":0,"event_name":"Drug Dealer","floor":20,"gold_loss":0,"cards_obtained":["Rebound","Fusion"]},{"cards_removed":["Strike_B"],"damage_healed":0,"gold_gain":0,"player_choice":"Elegance","damage_taken":0,"max_hp_gain":0,"max_hp_loss":0,"event_name":"Back to Basics","floor":22,"gold_loss":0}],"is_beta":false,"boss_relics":[{"not_picked":["Fusion Hammer","Empty Cage"],"picked":"Inserter"}],"items_purged_floors":[21],"is_endless":false,"potions_floor_spawned":[4,8,11,16,19,24],"killed_by":"Sentry and Sphere","ascension_level":2}