{"gold_per_floor":[115,126,126,201,252,280,280,315,315,357,384,424,436,448],"floor_reached":14,"playtime":786,"items_purged":[],"score":133,"play_id":"aee5d4ce-070a-437c-b4d6-6763949f667f","local_time":"20190322221145","is_ascension_mode":true,"campfire_choices":[{"floor":7,"key":"REST"}],"neow_cost":"NONE","seed_source_timestamp":1834427904120600,"circlet_count":0,"master_deck":["Defend_G","Defend_G","Defend_G","Defend_G","Defend_G","Strike_G","Strike_G","Strike_G","Strike_G","Strike_G","Survivor","Neutralize","Backstab","Deadly Poison","Prepared","Endless Agony","All Out Attack","Poisoned Stab","Quick Slash"],"relics":["Ring of the Snake","Orichalcum","Blue Candle","Ornamental Fan","MawBank","Potion Belt","Kunai"],"potions_floor_usage":[8,11,12],"damage_taken":[{"damage":1,"enemies":"Cultist","floor":1,"turns":3},{"damage":0,"enemies":"Small Slimes","floor":2,"turns":3},{"damage":17,"enemies":"Gremlin Nob","floor":6,"turns":5},{"damage":45,"enemies":"Lagavulin","floor":8,"turns":7},{"damage":19,"enemies":"3 Sentries","floor":10,"turns":10},{"damage":0,"enemies":"Jaw Worm","floor":11,"turns":2},{"damage":20,"enemies":"Gremlin Nob","floor":12,"turns":4},{"damage":2,"enemies":"3 Sentries","floor":14,"turns":1}],"seed_played":"6934363052684412458","potions_obtained":[{"floor":1,"key":"Regen Potion"},{"floor":6,"key":"Dexterity Potion"},{"floor":10,"key":"Block Potion"},{"floor":12,"key":"Regen Potion"}],"is_trial":false,"path_per_floor":["M","M","?","?","T","E","R","E","T","E","M","E","?","E"],"character_chosen":"THE_SILENT","items_purchased":[],"campfire_rested":1,"item_purchase_floors":[],"current_hp_per_floor":[76,76,76,65,65,48,71,41,41,22,22,2,2,0],"gold":448,"neow_bonus":"TEN_PERCENT_HP_BONUS","is_prod":false,"is_daily":false,"chose_seed":false,"campfire_upgraded":0,"win_rate":0,"timestamp":1553292705,"path_taken":["M","?","?","?","?","E","R","E","T","E","M","E","?","E"],"build_version":"2019-01-23","purchased_purges":0,"victory":false,"max_hp_per_floor":[77,77,77,77,77,77,77,77,77,77,77,77,77,77],"card_choices":[{"not_picked":["Blade Dance","Tactician"],"picked":"Backstab","floor":1},{"not_picked":["Prepared","Concentrate"],"picked":"Deadly Poison","floor":2},{"not_picked":["Acrobatics","Dodge and Roll"],"picked":"Prepared","floor":6},{"not_picked":["Masterful Stab","Malaise"],"picked":"Endless Agony","floor":8},{"not_picked":["Distraction","Choke"],"picked":"All Out Attack","floor":10},{"not_picked":["Crippling Poison","PiercingWail"],"picked":"Poisoned Stab","floor":11},{"not_picked":["Eviscerate","Setup"],"picked":"Quick Slash","floor":12}],"player_experience":370756,"relics_obtained":[{"floor":5,"key":"Orichalcum"},{"floor":6,"key":"Blue Candle"},{"floor":8,"key":"Ornamental Fan"},{"floor":9,"key":"MawBank"},{"floor":10,"key":"Potion Belt"},{"floor":12,"key":"Kunai"}],"event_choices":[{"damage_healed":0,"gold_gain":0,"player_choice":"Leave","damage_taken":0,"max_hp_gain":0,"max_hp_loss":0,"event_name":"The Cleric","floor":3,"gold_loss":0},{"damage_healed":0,"gold_gain":75,"player_choice":"Gather Gold","damage_taken":11,"max_hp_gain":0,"max_hp_loss":0,"event_name":"World of Goop","floor":4,"gold_loss":0},{"damage_healed":0,"gold_gain":0,"player_choice":"Ignored","damage_taken":0,"max_hp_gain":0,"max_hp_loss":0,"event_name":"Shining Light","floor":13,"gold_loss":0}],"is_beta":false,"boss_relics":[],"items_purged_floors":[],"is_endless":false,"potions_floor_spawned":[1,6,10,12],"killed_by":"3 Sentries","ascension_level":3}