{"gold_per_floor":[216,229,245,24,24,67,67,87,87,87,87,131,147,170,170,170],"floor_reached":16,"playtime":657,"items_purged":["Strike_B"],"score":185,"play_id":"ab721356-921f-4ed2-84c0-c2ce6b6fc848","local_time":"20190629183550","is_ascension_mode":true,"campfire_choices":[{"floor":7.0,"key":"REST"},{"floor":11.0,"key":"REST"},{"floor":15,"key":"REST"}],"neow_cost":"NONE","seed_source_timestamp":70273476152903,"circlet_count":0,"master_deck":["AscendersBane","Strike_B","Strike_B","Strike_B","Defend_B","Defend_B","Defend_B","Defend_B","Zap","Dualcast","Streamline","Rebound","Echo Form","Self Repair","Capacitor","Ball Lightning","Genetic Algorithm","Conserve Battery"],"special_seed":0,"relics":["Cracked Core","Anchor","Golden Idol","Ancient Tea Set","Cables","Dead Branch"],"potions_floor_usage":[16],"damage_taken":[{"damage":1.0,"enemies":"2 Louse","floor":1.0,"turns":3.0},{"damage":2.0,"enemies":"Jaw Worm","floor":2.0,"turns":3.0},{"damage":1.0,"enemies":"Cultist","floor":3.0,"turns":3.0},{"damage":20.0,"enemies":"Lagavulin","floor":6.0,"turns":6.0},{"damage":20.0,"enemies":"Exordium Thugs","floor":8.0,"turns":4.0},{"damage":35.0,"enemies":"3 Sentries","floor":12.0,"turns":7.0},{"damage":15.0,"enemies":"Exordium Wildlife","floor":13.0,"turns":4.0},{"damage":10,"enemies":"3 Louse","floor":14,"turns":3},{"damage":30,"enemies":"The Guardian","floor":16,"turns":10}],"seed_played":"-5225661923505756375","potions_obtained":[{"floor":2.0,"key":"Ancient Potion"},{"floor":6.0,"key":"Ancient Potion"},{"floor":12.0,"key":"Dexterity Potion"}],"is_trial":false,"path_per_floor":["M","M","M","$","?","E","R","M","T","$","R","E","M","M","R","B"],"character_chosen":"DEFECT","items_purchased":["Anchor"],"campfire_rested":3,"item_purchase_floors":[4],"current_hp_per_floor":[67,65,64,64,46,26,48,35,35,35,57,29,14,4,26,0],"gold":170,"neow_bonus":"HUNDRED_GOLD","is_prod":false,"is_daily":false,"chose_seed":false,"campfire_upgraded":0,"win_rate":0,"timestamp":1561804550,"path_taken":["M","M","M","$","?","E","R","M","T","$","R","E","M","M","R","BOSS"],"build_version":"2019-01-23","purchased_purges":1,"victory":false,"max_hp_per_floor":[75,75,75,75,75,75,75,75,75,75,75,75,75,75,75,75],"card_choices":[{"not_picked":["Turbo","Coolheaded"],"picked":"Streamline","floor":1.0},{"not_picked":["Streamline","Skim"],"picked":"Rebound","floor":2.0},{"not_picked":["Conserve Battery","Gash"],"picked":"Echo Form","floor":3.0},{"not_picked":["Loop","Turbo"],"picked":"Self Repair","floor":6.0},{"not_picked":["Barrage","Chaos"],"picked":"Capacitor","floor":8.0},{"not_picked":["Self Repair","Rebound"],"picked":"Ball Lightning","floor":12.0},{"not_picked":["Gash","White Noise"],"picked":"Genetic Algorithm","floor":13.0},{"not_picked":["Skim","Rip and Tear"],"picked":"Conserve Battery","floor":14}],"player_experience":810462,"relics_obtained":[{"floor":6.0,"key":"Ancient Tea Set"},{"floor":9.0,"key":"Cables"},{"floor":12.0,"key":"Dead Branch"}],"event_choices":[{"damage_healed":0.0,"max_hp_gain":0.0,"max_hp_loss":0.0,"gold_gain":0.0,"event_name":"Golden Idol","player_choice":"Take Damage","floor":5.0,"gold_loss":0.0,"damage_taken":18.0,"relics_obtained":["Golden Idol"]}],"is_beta":false,"boss_relics":[],"items_purged_floors":[4],"is_endless":false,"potions_floor_spawned":[2,6,12],"killed_by":"The Guardian","ascension_level":13}