{"gold_per_floor":[116,0,19,35,48,81,81,106,106,106,106,120,145,145,145,271,271,284,58,83,98,98,98,141,141,141,185,209,209,209,225,225,353,353,373,398,84,84,105,105,143,143,143,143,167,167,167,292,292,292],"floor_reached":51,"playtime":7059,"items_purged":["Strike_R","Strike_R"],"score":850,"play_id":"3ae91fd7-85fe-4ca5-a875-3e9d44c892e5","local_time":"20190625164951","is_ascension_mode":false,"campfire_choices":[{"data":"True Grit","floor":7,"key":"SMITH"},{"data":"Body Slam","floor":11,"key":"SMITH"},{"data":"Bash","floor":15,"key":"SMITH"},{"data":"Inflame","floor":23,"key":"SMITH"},{"data":"Ghostly","floor":25,"key":"SMITH"},{"data":"Ghostly","floor":29,"key":"SMITH"},{"data":"Whirlwind","floor":32,"key":"SMITH"},{"data":"Thinking Ahead","floor":40,"key":"SMITH"},{"data":"Disarm","floor":42,"key":"SMITH"},{"data":"Madness","floor":44,"key":"SMITH"},{"data":"Madness","floor":47,"key":"SMITH"},{"data":"Ghostly","floor":49,"key":"SMITH"}],"neow_cost":"","seed_source_timestamp":11621069584700,"circlet_count":0,"master_deck":["Strike_R","Strike_R","Strike_R","Defend_R","Defend_R","Defend_R","Defend_R","Bash+1","Body Slam+1","Shrug It Off","Finesse","Cleave","Feed","Shrug It Off","True Grit+1","Shrug It Off","Shrug It Off","Reaper","Offering","Inflame+1","Ghostly+1","Ghostly+1","Ghostly+1","Ghostly","Ghostly","Reaper","Flex","Whirlwind+1","Offering","Disarm+1","Thinking Ahead+1","Madness+1","Madness+1","Impervious","Warcry+1","Madness","Finesse"],"relics":["Burning Blood","Oddly Smooth Stone","Happy Flower","Pear","Golden Idol","Coffee Dripper","Incense Burner","Mummified Hand","Bronze Scales","Runic Cube","Gremlin Horn","Meat on the Bone","Pocketwatch"],"potions_floor_usage":[18,33,36,50,50,50],"damage_taken":[{"damage":6,"enemies":"Cultist","floor":1,"turns":3},{"damage":0,"enemies":"Jaw Worm","floor":3,"turns":5},{"damage":0,"enemies":"Small Slimes","floor":4,"turns":2},{"damage":8,"enemies":"Looter","floor":5,"turns":3},{"damage":23,"enemies":"3 Sentries","floor":6,"turns":8},{"damage":28,"enemies":"Gremlin Nob","floor":8,"turns":5},{"damage":2,"enemies":"Large Slime","floor":12,"turns":6},{"damage":0,"enemies":"3 Louse","floor":13,"turns":3},{"damage":6,"enemies":"The Guardian","floor":16,"turns":13},{"damage":12,"enemies":"2 Thieves","floor":18,"turns":5},{"damage":7,"enemies":"3 Byrds","floor":20,"turns":6},{"damage":6,"enemies":"3 Cultists","floor":21,"turns":5},{"damage":25,"enemies":"Slavers","floor":24,"turns":9},{"damage":1,"enemies":"Gremlin Leader","floor":27,"turns":6},{"damage":1,"enemies":"Snake Plant","floor":28,"turns":4},{"damage":2,"enemies":"Cultist and Chosen","floor":31,"turns":6},{"damage":1,"enemies":"Champ","floor":33,"turns":11},{"damage":6,"enemies":"3 Darklings","floor":35,"turns":7},{"damage":6,"enemies":"Orb Walker","floor":36,"turns":2},{"damage":3,"enemies":"Maw","floor":39,"turns":9},{"damage":8,"enemies":"Giant Head","floor":41,"turns":11},{"damage":8,"enemies":"Transient","floor":45,"turns":5},{"damage":3,"enemies":"Mind Bloom Boss Battle","floor":48,"turns":9},{"damage":25,"enemies":"Awakened One","floor":50,"turns":19}],"seed_played":"-345304638430604296","potions_obtained":[{"floor":4,"key":"GamblersBrew"},{"floor":5,"key":"Regen Potion"},{"floor":13,"key":"PowerPotion"},{"floor":18,"key":"LiquidBronze"},{"floor":28,"key":"Swift Potion"},{"floor":33,"key":"SteroidPotion"},{"floor":36,"key":"Poison Potion"},{"floor":39,"key":"Swift Potion"}],"is_trial":false,"path_per_floor":["M","$","M","M","M","E","R","E","T","?","R","M","M","?","R","B",null,"M","$","M","M","?","R","E","R","T","E","M","R","?","M","R","B",null,"M","M","$","?","M","R","E","R","T","R","M","?","R","?","R","B",null],"character_chosen":"IRONCLAD","items_purchased":["Shrug It Off","Finesse","Offering","Disarm","Thinking Ahead"],"campfire_rested":0,"item_purchase_floors":[2,2,19,37,37],"current_hp_per_floor":[80,80,80,80,81,67,67,45,55,31,31,38,47,47,47,47,102,99,99,106,111,55,55,56,56,56,61,61,61,61,64,64,67,67,67,70,70,61,70,70,70,70,70,70,70,60,60,70,70,73],"gold":292,"neow_bonus":"","is_prod":false,"is_daily":false,"chose_seed":false,"campfire_upgraded":12,"win_rate":0.0,"timestamp":1561495791,"path_taken":["M","$","M","?","M","E","R","E","T","?","R","M","M","?","R","BOSS","M","$","M","M","?","R","E","R","T","E","M","R","?","M","R","BOSS","M","M","$","?","M","R","E","R","T","R","M","?","R","?","R","BOSS"],"build_version":"2019-01-23","purchased_purges":2,"victory":true,"max_hp_per_floor":[80,80,80,80,83,86,86,86,96,96,96,99,102,102,102,102,102,105,105,108,111,55,55,58,58,58,61,61,61,61,64,64,67,67,67,70,70,70,70,70,70,70,70,70,70,70,70,70,70,73],"card_choices":[{"not_picked":["Headbutt","Twin Strike"],"picked":"Body Slam","floor":1},{"not_picked":["Flex","Sword Boomerang"],"picked":"Cleave","floor":3},{"not_picked":["Second Wind","True Grit"],"picked":"Feed","floor":4},{"not_picked":["Rampage","Body Slam"],"picked":"Shrug It Off","floor":5},{"not_picked":["Pommel Strike","Warcry"],"picked":"True Grit","floor":6},{"not_picked":["Perfected Strike","Ghostly Armor"],"picked":"Shrug It Off","floor":8},{"not_picked":["Rage","Pommel Strike"],"picked":"Shrug It Off","floor":12},{"not_picked":["Clothesline","Uppercut","Fire Breathing"],"picked":"SKIP","floor":13},{"not_picked":["Feed","Bludgeon"],"picked":"Reaper","floor":16},{"not_picked":["Headbutt+1","Hemokinesis","Pommel Strike"],"picked":"SKIP","floor":18},{"not_picked":["Iron Wave","Thunderclap+1"],"picked":"Inflame","floor":20},{"not_picked":["Headbutt","Sword Boomerang","Clothesline"],"picked":"SKIP","floor":21},{"not_picked":["Searing Blow","Sever Soul","True Grit"],"picked":"SKIP","floor":24},{"not_picked":["Entrench","Combust"],"picked":"Reaper","floor":27},{"not_picked":["Corruption","Iron Wave"],"picked":"Flex","floor":28},{"not_picked":["True Grit","Iron Wave","Rampage"],"picked":"SKIP","floor":31},{"not_picked":["Reaper","Berserk"],"picked":"Offering","floor":33},{"not_picked":["Headbutt","Combust","Flex+1"],"picked":"SKIP","floor":35},{"not_picked":["Clash+1","Iron Wave+1","Headbutt+1"],"picked":"SKIP","floor":36},{"not_picked":["Ghostly Armor+1","Dual Wield"],"picked":"Impervious","floor":39},{"not_picked":["Berserk","Rampage+1"],"picked":"Warcry+1","floor":41},{"not_picked":["Iron Wave+1","Perfected Strike","Headbutt+1"],"picked":"SKIP","floor":45},{"not_picked":["Blind","Discovery"],"picked":"Madness","floor":46},{"not_picked":["Discovery","The Bomb"],"picked":"Finesse","floor":46}],"player_experience":0,"relics_obtained":[{"floor":6,"key":"Oddly Smooth Stone"},{"floor":8,"key":"Happy Flower"},{"floor":9,"key":"Pear"},{"floor":24,"key":"Incense Burner"},{"floor":26,"key":"Mummified Hand"},{"floor":27,"key":"Bronze Scales"},{"floor":41,"key":"Gremlin Horn"},{"floor":43,"key":"Meat on the Bone"},{"floor":48,"key":"Pocketwatch"}],"event_choices":[{"damage_healed":0,"gold_gain":0,"player_choice":"Take Damage","damage_taken":24,"relics_obtained":["Golden Idol"],"max_hp_gain":0,"max_hp_loss":0,"event_name":"Golden Idol","floor":10,"gold_loss":0},{"damage_healed":0,"gold_gain":0,"player_choice":"Ignored","damage_taken":0,"max_hp_gain":0,"max_hp_loss":0,"event_name":"Liars Game","floor":14,"gold_loss":0},{"damage_healed":0,"gold_gain":0,"player_choice":"Became a Ghost","damage_taken":0,"max_hp_gain":0,"max_hp_loss":56,"event_name":"Ghosts","floor":22,"gold_loss":0,"cards_obtained":["Ghostly","Ghostly","Ghostly","Ghostly","Ghostly"]},{"damage_healed":0,"gold_gain":0,"player_choice":"Read","damage_taken":0,"max_hp_gain":0,"max_hp_loss":0,"event_name":"The Library","floor":30,"gold_loss":0,"cards_obtained":["Whirlwind"]},{"damage_healed":0,"gold_gain":0,"player_choice":"Embrace Madness","damage_taken":9,"max_hp_gain":0,"max_hp_loss":0,"event_name":"Winding Halls","floor":38,"gold_loss":0,"cards_obtained":["Madness","Madness"]},{"damage_healed":0,"gold_gain":0,"player_choice":"Memory 3","damage_taken":10,"max_hp_gain":0,"max_hp_loss":0,"event_name":"SensoryStone","floor":46,"gold_loss":0},{"damage_healed":0,"gold_gain":0,"player_choice":"Fight","damage_taken":0,"max_hp_gain":0,"max_hp_loss":0,"event_name":"MindBloom","floor":48,"gold_loss":0}],"is_beta":false,"boss_relics":[{"not_picked":["Cursed Key","Orrery"],"picked":"Coffee Dripper"},{"not_picked":["Calling Bell","Fusion Hammer"],"picked":"Runic Cube"}],"items_purged_floors":[19,37],"is_endless":false,"potions_floor_spawned":[4,5,13,16,18,28,31,33,36,39,48],"ascension_level":0}