{"gold_per_floor":[114,189,189,204,169,199,199,214,239,269,19,19,38,57,57,182,182,201,201,1,1,16,46,46,61,136,151,181,196,196,211,211,211],"floor_reached":33,"playtime":1491,"items_purged":[],"score":422,"play_id":"bc99093f-3429-48a6-a111-a9824511e4fe","local_time":"20190401091821","daily_mods":["Specialized","Time Dilation","Lethality"],"is_ascension_mode":false,"campfire_choices":[{"data":"Distraction","floor":7,"key":"SMITH"},{"floor":15,"key":"REST"},{"floor":24,"key":"REST"},{"data":"After Image","floor":32,"key":"SMITH"}],"neow_cost":"","seed_source_timestamp":0,"circlet_count":0,"master_deck":["Defend_G","Defend_G","Defend_G","Defend_G","Defend_G","Strike_G","Strike_G","Strike_G","Strike_G","Strike_G","Survivor","Neutralize","Storm of Steel","Storm of Steel","Storm of Steel","Storm of Steel","Storm of Steel","Distraction+1","Dash","PiercingWail","Flechettes","After Image+1","Dagger Spray","PiercingWail","Glass Knife","Deflect","Sucker Punch","Quick Slash","Outmaneuver","All Out Attack","Reflex","Pain","Backflip","Slice","Dagger Spray+1","Backstab+1","Cloak And Dagger+1","Blur","Blur+1"],"special_seed":17987,"relics":["Ring of the Snake","Bag of Marbles","Vajra","Smiling Mask","Blood Vial","Kunai","Bloody Idol","Orrery","HandDrill","WarpedTongs","Thread and Needle","Molten Egg 2","Bottled Flame","CultistMask"],"potions_floor_usage":[6,16,16,28,28,28,29,33],"damage_taken":[{"damage":8,"enemies":"Small Slimes","floor":1,"turns":2},{"damage":0,"enemies":"2 Louse","floor":4,"turns":1},{"damage":0,"enemies":"Gremlin Nob","floor":6,"turns":2},{"damage":0,"enemies":"Jaw Worm","floor":8,"turns":1},{"damage":12,"enemies":"3 Sentries","floor":10,"turns":3},{"damage":0,"enemies":"Blue Slaver","floor":13,"turns":1},{"damage":0,"enemies":"Red Slaver","floor":14,"turns":1},{"damage":0,"enemies":"Hexaghost","floor":16,"turns":4},{"damage":0,"enemies":"Shell Parasite","floor":18,"turns":1},{"damage":0,"enemies":"Spheric Guardian","floor":22,"turns":3},{"damage":25,"enemies":"Book of Stabbing","floor":23,"turns":3},{"damage":8,"enemies":"Cultist and Chosen","floor":25,"turns":2},{"damage":14,"enemies":"Centurion and Healer","floor":27,"turns":6},{"damage":5,"enemies":"Slavers","floor":28,"turns":2},{"damage":0,"enemies":"Snake Plant","floor":29,"turns":1},{"damage":0,"enemies":"Snecko","floor":31,"turns":1},{"damage":71,"enemies":"Automaton","floor":33,"turns":6}],"seed_played":"944917058842759055","potions_obtained":[{"floor":1,"key":"AttackPotion"},{"floor":4,"key":"Strength Potion"},{"floor":14,"key":"SkillPotion"},{"floor":22,"key":"SpeedPotion"},{"floor":23,"key":"SpeedPotion"},{"floor":27,"key":"Ancient Potion"},{"floor":28,"key":"PowerPotion"},{"floor":31,"key":"FearPotion"}],"is_trial":false,"path_per_floor":["M","?","?","M","?","E","R","M","T","E","$","?","M","M","R","B",null,"M","?","$","?","M","E","R","M","T","M","E","M","?","M","R","B"],"character_chosen":"THE_SILENT","items_purchased":["Kunai","HandDrill"],"campfire_rested":2,"item_purchase_floors":[11,20],"current_hp_per_floor":[62,51,44,44,61,61,61,61,61,49,49,32,34,36,57,59,70,70,70,70,70,70,50,70,67,70,61,63,70,70,70,70,0],"gold":211,"neow_bonus":"","is_prod":false,"is_daily":true,"chose_seed":false,"campfire_upgraded":2,"win_rate":0,"timestamp":1554106701,"path_taken":["M","?","?","M","?","E","R","M","T","E","$","?","M","M","R","BOSS","M","?","$","?","?","E","R","M","T","M","E","M","?","M","R","BOSS"],"build_version":"2019-01-23","purchased_purges":0,"victory":false,"max_hp_per_floor":[70,70,70,70,70,70,70,70,70,70,70,70,70,70,70,70,70,70,70,70,70,70,70,70,70,70,70,70,70,70,70,70,70],"card_choices":[{"not_picked":["Crippling Poison","Dodge and Roll"],"picked":"Distraction","floor":1},{"not_picked":["Dagger Throw","Flechettes"],"picked":"Dash","floor":4},{"not_picked":["Catalyst","Prepared"],"picked":"PiercingWail","floor":6},{"not_picked":["Prepared","Deflect"],"picked":"Flechettes","floor":8},{"not_picked":["Slice","Underhanded Strike"],"picked":"After Image","floor":10},{"not_picked":["Prepared","Quick Slash"],"picked":"Dagger Spray","floor":13},{"not_picked":["Prepared","Dagger Throw"],"picked":"PiercingWail","floor":14},{"not_picked":["Doppelganger","Grand Finale"],"picked":"Glass Knife","floor":16},{"not_picked":["PiercingWail","Dagger Spray"],"picked":"Deflect","floor":17},{"not_picked":["Prepared","Catalyst"],"picked":"Sucker Punch","floor":17},{"not_picked":["Terror","Dash"],"picked":"Quick Slash","floor":17},{"not_picked":["Noxious Fumes","Masterful Stab"],"picked":"Outmaneuver","floor":17},{"not_picked":["Setup","Tools of the Trade"],"picked":"All Out Attack","floor":17},{"not_picked":["Dodge and Roll+1","Backflip"],"picked":"Reflex","floor":18},{"not_picked":["Dagger Throw","Tactician"],"picked":"Backflip","floor":22},{"not_picked":["After Image","Night Terror"],"picked":"Slice","floor":23},{"not_picked":["Dagger Throw","Slice+1"],"picked":"Dagger Spray+1","floor":25},{"not_picked":["Slice+1","Bane+1"],"picked":"Backstab+1","floor":27},{"not_picked":["Blade Dance","Skewer+1"],"picked":"Cloak And Dagger+1","floor":28},{"not_picked":["Deadly Poison","Underhanded Strike+1"],"picked":"Blur","floor":29},{"not_picked":["Sucker Punch+1","Deadly Poison+1"],"picked":"Blur+1","floor":31}],"player_experience":421258,"relics_obtained":[{"floor":6,"key":"Vajra"},{"floor":9,"key":"Smiling Mask"},{"floor":10,"key":"Blood Vial"},{"floor":23,"key":"Thread and Needle"},{"floor":26,"key":"Molten Egg 2"},{"floor":28,"key":"Bottled Flame"}],"event_choices":[{"damage_healed":0,"gold_gain":75,"player_choice":"Gather Gold","damage_taken":11,"max_hp_gain":0,"max_hp_loss":0,"event_name":"World of Goop","floor":2,"gold_loss":0},{"damage_healed":0,"gold_gain":0,"player_choice":"Success","damage_taken":7,"relics_obtained":["Bag of Marbles"],"max_hp_gain":0,"max_hp_loss":0,"event_name":"Scrap Ooze","floor":3,"gold_loss":0},{"damage_healed":17,"gold_gain":0,"player_choice":"Healed","damage_taken":0,"max_hp_gain":0,"max_hp_loss":0,"event_name":"The Cleric","floor":5,"gold_loss":35},{"damage_healed":0,"gold_gain":0,"player_choice":"Take Damage","damage_taken":17,"relics_obtained":["Golden Idol"],"max_hp_gain":0,"max_hp_loss":0,"event_name":"Golden Idol","floor":12,"gold_loss":0},{"damage_healed":0,"gold_gain":0,"player_choice":"Gave Idol","damage_taken":0,"relics_obtained":["Bloody Idol"],"max_hp_gain":0,"max_hp_loss":0,"event_name":"Forgotten Altar","floor":19,"relics_lost":["Golden Idol"],"gold_loss":0},{"damage_healed":0,"gold_gain":0,"player_choice":"Rummage","damage_taken":0,"relics_obtained":["WarpedTongs"],"max_hp_gain":0,"max_hp_loss":0,"event_name":"Accursed Blacksmith","floor":21,"gold_loss":0,"cards_obtained":["Pain"]},{"damage_healed":0,"gold_gain":0,"player_choice":"Trade","damage_taken":0,"relics_obtained":["CultistMask"],"max_hp_gain":0,"max_hp_loss":0,"event_name":"FaceTrader","floor":30,"gold_loss":0}],"is_beta":false,"boss_relics":[{"not_picked":["Ring of the Serpent","Empty Cage"],"picked":"Orrery"}],"items_purged_floors":[],"is_endless":false,"potions_floor_spawned":[1,4,14,22,23,27,28,31],"killed_by":"Automaton","ascension_level":0}