{"gold_per_floor":[114,129,129,204,219,249,10,40,90,90,105,120,135,135],"floor_reached":14,"playtime":1410,"items_purged":[],"score":177,"play_id":"2c10bdfa-7ce2-4c01-8991-72f406378d4d","local_time":"20190307182727","daily_mods":["Insanity","Green Cards","DeadlyEvents"],"is_ascension_mode":false,"campfire_choices":[{"floor":10,"key":"REST"}],"neow_cost":"","seed_source_timestamp":521208236939700,"circlet_count":0,"master_deck":["Haku_6A","Haku_CT","Haku_Taunt","Haku_2C","Haku_2B","Haku_J2C","Haku_J2C","Haku_JD","Haku_Guren","Haku_3C","Haku_IB","Haku_2D","Haku_Renka","Haku_Zantetsu","Haku_RC","Haku_PassiveMeter","Haku_5C","Haku_SwordOfDoom","Haku_Taunt","Haku_Grab","Haku_Hotaru","Haku_5B","Haku_Yukikaze","Haku_Taunt","Haku_Barrier","Haku_Void","Haku_6C","Haku_Kishuu","Haku_6B","Haku_2B","Haku_2A","Haku_Renka","Haku_Hotaru","Haku_JA","Haku_QueenOfRose","Haku_JC","Haku_JD","Haku_Thin","Haku_IB","Haku_IB","Haku_JD","Haku_Grab","Haku_Grab","Haku_PassiveMeter","Haku_Renka","Haku_Renka","Haku_Guren","Haku_6B","Haku_Kishuu","Haku_Guren","Haku_EA","Haku_Airdash","Haku_5D","Haku_J2A","Bandage Up","Haku_Awakening","Haku_Thin","Haku_Zantetsu","Haku_Renka","Haku_Mugen","Haku_JA"],"special_seed":17962,"relics":["Haku_Susanoo","Pantograph","Haku_ChronoPhantasma","Torii","Smiling Mask"],"potions_floor_usage":[12,12,14],"damage_taken":[{"damage":0,"enemies":"Small Slimes","floor":1,"turns":3},{"damage":13,"enemies":"Jaw Worm","floor":2,"turns":3},{"damage":2,"enemies":"Cultist","floor":5,"turns":3},{"damage":53,"enemies":"Gremlin Nob","floor":6,"turns":5},{"damage":7,"enemies":"3 Sentries","floor":8,"turns":5},{"damage":1,"enemies":"Blue Slaver","floor":11,"turns":3},{"damage":9,"enemies":"Exordium Thugs","floor":12,"turns":4},{"damage":12,"enemies":"2 Fungi Beasts","floor":13,"turns":3},{"damage":13,"enemies":"Lagavulin","floor":14,"turns":3}],"seed_played":"-6414622860042854824","potions_obtained":[{"floor":2,"key":"GamblersBrew"},{"floor":8,"key":"Haku_QuarterPowerPotion"},{"floor":12,"key":"SkillPotion"}],"is_trial":false,"path_per_floor":["M","M","?","T","M","E","$","E","T","R","M","M","M","E"],"character_chosen":"HAKUMEN","items_purchased":["Bandage Up","Haku_Awakening","Haku_Thin"],"campfire_rested":1,"item_purchase_floors":[7,7,7],"current_hp_per_floor":[76,63,63,63,61,8,8,1,1,23,26,21,9,0],"gold":135,"neow_bonus":"","is_prod":false,"is_daily":true,"chose_seed":false,"campfire_upgraded":0,"win_rate":0.0,"timestamp":1551983247,"path_taken":["M","M","?","?","?","E","$","E","T","R","M","M","M","?"],"build_version":"2019-01-23","purchased_purges":0,"victory":false,"max_hp_per_floor":[76,76,76,76,76,76,76,76,76,76,76,76,76,76],"card_choices":[{"not_picked":["Haku_5C","Haku_JC"],"picked":"Haku_EA","floor":1},{"not_picked":["Haku_Overdrive","Haku_IB"],"picked":"Haku_Airdash","floor":2},{"not_picked":["Haku_6C","Haku_Guren"],"picked":"Haku_5D","floor":5},{"not_picked":["Haku_2C","Haku_Kishuu"],"picked":"Haku_J2A","floor":6},{"not_picked":["Haku_Airdash","Haku_Overdrive"],"picked":"Haku_Zantetsu","floor":8},{"not_picked":["Haku_Guren","Haku_2B"],"picked":"Haku_Renka","floor":11},{"not_picked":["Haku_EndGazer","Haku_Hotaru"],"picked":"Haku_Mugen","floor":12},{"not_picked":["Haku_Awakening","Haku_RC"],"picked":"Haku_JA","floor":13}],"player_experience":265594,"relics_obtained":[{"floor":4,"key":"Pantograph"},{"floor":6,"key":"Haku_ChronoPhantasma"},{"floor":8,"key":"Torii"},{"floor":9,"key":"Smiling Mask"}],"event_choices":[{"damage_healed":0,"gold_gain":0,"player_choice":"Leave","damage_taken":0,"max_hp_gain":0,"max_hp_loss":0,"event_name":"The Cleric","floor":3,"gold_loss":0}],"is_beta":false,"boss_relics":[],"items_purged_floors":[],"is_endless":false,"potions_floor_spawned":[2,8,12],"killed_by":"Lagavulin","ascension_level":0}