{"gold_per_floor":[114,114,114,129,144,174,189,189,189,219,234,249,249,249,249,374,374,393,593,612,7,26,26,64,83,83,83,121,121],"floor_reached":29,"playtime":2729,"items_purged":[],"score":375,"play_id":"9c7b2894-1727-4e69-9aa5-2bfd3f581f68","local_time":"20190313162202","daily_mods":["Specialized","Diverse","Lethality"],"is_ascension_mode":false,"campfire_choices":[{"data":"Infinite Blades","floor":8,"key":"SMITH"},{"data":"Buffer","floor":13,"key":"SMITH"},{"data":"Buffer","floor":15,"key":"SMITH"},{"data":"Limit Break","floor":23,"key":"SMITH"}],"neow_cost":"","seed_source_timestamp":0,"circlet_count":0,"master_deck":["Defend_G","Defend_G","Defend_G","Defend_G","Strike_G","Strike_G","Strike_G","Strike_G","Strike_G","Survivor","Neutralize","Buffer+1","Buffer+1","Buffer","Buffer","Sword Boomerang","Cleave","Iron Wave","Infinite Blades+1","Iron Wave","Dagger Spray","Pommel Strike","Burning Pact","Glass Knife","Escape Plan","Cold Snap+1","Slice","Dagger Spray","Beam Cell+1","Armaments+1","Limit Break+1","Static Discharge","Distraction+1","Warcry+1","Dagger Spray","Warcry+1","Deflect+1","Warcry+1"],"special_seed":17968,"relics":["Ring of the Snake","Singing Bowl","The Courier","Bag of Marbles","Golden Idol","Orrery","HandDrill","Tiny Chest","Toxic Egg 2","Whetstone","Ginger","NlothsMask","Bottled Tornado"],"potions_floor_usage":[10,12,16,22,25,28],"damage_taken":[{"damage":0,"enemies":"Jaw Worm","floor":1,"turns":3},{"damage":0,"enemies":"2 Louse","floor":4,"turns":1},{"damage":0,"enemies":"Cultist","floor":5,"turns":2},{"damage":0,"enemies":"Gremlin Nob","floor":6,"turns":5},{"damage":0,"enemies":"Blue Slaver","floor":7,"turns":3},{"damage":0,"enemies":"Lagavulin","floor":10,"turns":5},{"damage":0,"enemies":"Lots of Slimes","floor":11,"turns":1},{"damage":0,"enemies":"Looter","floor":12,"turns":2},{"damage":56,"enemies":"Hexaghost","floor":16,"turns":8},{"damage":0,"enemies":"Spheric Guardian","floor":18,"turns":3},{"damage":6,"enemies":"Chosen","floor":20,"turns":5},{"damage":12,"enemies":"Centurion and Healer","floor":22,"turns":4},{"damage":32,"enemies":"Book of Stabbing","floor":24,"turns":5},{"damage":9,"enemies":"3 Cultists","floor":25,"turns":3},{"damage":17,"enemies":"Slavers","floor":28,"turns":3},{"damage":6,"enemies":"Cultist and Chosen","floor":29,"turns":4}],"seed_played":"7689138155634222229","potions_obtained":[{"floor":7,"key":"Swift Potion"},{"floor":10,"key":"LiquidBronze"},{"floor":11,"key":"Poison Potion"},{"floor":20,"key":"GhostInAJar"},{"floor":24,"key":"Fire Potion"},{"floor":25,"key":"Weak Potion"}],"is_trial":false,"path_per_floor":["M","?","?","M","M","E","M","R","T","E","M","M","R","?","R","B",null,"M","?","M","$","M","R","E","M","T","?","E","M"],"character_chosen":"THE_SILENT","items_purchased":["HandDrill","Static Discharge","Tiny Chest","Toxic Egg 2","Distraction+1","Warcry+1"],"campfire_rested":0,"item_purchase_floors":[21,21,21,21,21,21],"current_hp_per_floor":[70,63,80,80,80,80,80,80,80,80,80,80,80,60,60,4,80,80,80,74,74,62,62,30,21,21,21,4,0],"gold":121,"neow_bonus":"","is_prod":false,"is_daily":true,"chose_seed":false,"campfire_upgraded":4,"win_rate":0,"timestamp":1552494122,"path_taken":["M","?","?","?","M","E","M","R","T","E","M","M","R","?","R","BOSS","M","?","M","$","M","R","E","?","T","?","E","M"],"build_version":"2019-01-23","purchased_purges":0,"victory":false,"max_hp_per_floor":[70,70,80,80,80,80,80,80,80,80,80,80,80,80,80,80,80,80,80,80,80,80,80,80,80,80,80,80,80],"card_choices":[{"not_picked":["Compile Driver","Blur"],"picked":"Sword Boomerang","floor":1},{"not_picked":["Evolve","White Noise"],"picked":"Cleave","floor":4},{"not_picked":["Caltrops","Sever Soul"],"picked":"Iron Wave","floor":5},{"not_picked":["Infernal Blade","Deadly Poison"],"picked":"Infinite Blades","floor":6},{"not_picked":["Crippling Poison","Steam Power"],"picked":"Iron Wave","floor":7},{"not_picked":["Reflex","Quick Slash"],"picked":"Dagger Spray","floor":10},{"not_picked":["Skewer","Loop"],"picked":"Pommel Strike","floor":11},{"not_picked":["Turbo","Bane"],"picked":"Burning Pact","floor":12},{"not_picked":["Berserk","Seek"],"picked":"Glass Knife","floor":16},{"not_picked":["Reprogram","Headbutt"],"picked":"Escape Plan","floor":17},{"not_picked":["Perfected Strike","Shrug It Off"],"picked":"Cold Snap","floor":17},{"not_picked":["Riddle With Holes","Bane"],"picked":"Slice","floor":17},{"not_picked":["Well Laid Plans","Warcry"],"picked":"Dagger Spray","floor":17},{"not_picked":["Flex","Havoc"],"picked":"Beam Cell","floor":17},{"not_picked":["Iron Wave","Deflect"],"picked":"Armaments+1","floor":18},{"not_picked":["Deflect","Shrug It Off+1"],"picked":"Limit Break","floor":20},{"not_picked":["Warcry+1","Uppercut"],"picked":"Dagger Spray","floor":22},{"not_picked":["Rebound","Bloodletting+1"],"picked":"Warcry+1","floor":24},{"not_picked":["Power Through+1","Quick Slash+1"],"picked":"Deflect+1","floor":25},{"not_picked":["Warcry+1","Outmaneuver+1","Sever Soul"],"picked":"SKIP","floor":28},{"not_picked":["Outmaneuver+1","Sever Soul"],"picked":"Warcry+1","floor":28}],"player_experience":298177,"relics_obtained":[{"floor":6,"key":"Singing Bowl"},{"floor":9,"key":"The Courier"},{"floor":10,"key":"Bag of Marbles"},{"floor":24,"key":"Whetstone"},{"floor":26,"key":"Ginger"},{"floor":28,"key":"Bottled Tornado"}],"event_choices":[{"cards_removed":["Defend_G"],"damage_healed":0,"gold_gain":0,"player_choice":"Card Removal","damage_taken":7,"max_hp_gain":0,"max_hp_loss":0,"event_name":"Golden Wing","floor":2,"gold_loss":0},{"cards_removed":["Buffer"],"damage_healed":7,"gold_gain":0,"player_choice":"Offered Rare","damage_taken":0,"max_hp_gain":10,"max_hp_loss":0,"event_name":"Bonfire Elementals","floor":3,"gold_loss":0},{"damage_healed":0,"gold_gain":0,"player_choice":"Take Damage","damage_taken":20,"relics_obtained":["Golden Idol"],"max_hp_gain":0,"max_hp_loss":0,"event_name":"Golden Idol","floor":14,"gold_loss":0},{"damage_healed":0,"gold_gain":250,"player_choice":"Bet on Owner","damage_taken":0,"max_hp_gain":0,"max_hp_loss":0,"event_name":"The Joust","floor":19,"gold_loss":50},{"damage_healed":0,"gold_gain":0,"player_choice":"Trade","damage_taken":0,"relics_obtained":["NlothsMask"],"max_hp_gain":0,"max_hp_loss":0,"event_name":"FaceTrader","floor":27,"gold_loss":0}],"is_beta":false,"boss_relics":[{"not_picked":["Snecko Eye","HoveringKite"],"picked":"Orrery"}],"items_purged_floors":[],"is_endless":false,"potions_floor_spawned":[7,10,11,20,24,25],"killed_by":"Cultist and Chosen","ascension_level":0}