{"gold_per_floor":[118,35,52,70,70,70,104,122,122,151,151],"floor_reached":11,"playtime":659,"items_purged":[],"score":95,"play_id":"56f8f3aa-4f7c-4929-a8bd-6d672b47ec66","local_time":"20190314225118","is_ascension_mode":true,"campfire_choices":[{"floor":6,"key":"RECALL"}],"neow_cost":"CURSE","seed_source_timestamp":1145736658192100,"circlet_count":0,"master_deck":["Defend_G","Defend_G","Defend_G","Strike_G","Strike_G","Strike_G","Strike_G","Strike_G","Survivor","Neutralize","Parasite","Calculated Gamble","Grand Finale","Cloak And Dagger","Flash of Steel","Quick Slash","Unload","Dash","Cloak And Dagger","Noxious Fumes+1"],"relics":["Ring of the Snake","Pocketwatch","Question Card","Frozen Egg 2","Happy Flower"],"potions_floor_usage":[8,10],"damage_taken":[{"damage":2,"enemies":"Cultist","floor":1,"turns":4},{"damage":0,"enemies":"Jaw Worm","floor":3,"turns":3},{"damage":0,"enemies":"2 Louse","floor":4,"turns":2},{"damage":31,"enemies":"3 Sentries","floor":7,"turns":11},{"damage":6,"enemies":"2 Fungi Beasts","floor":8,"turns":3},{"damage":26,"enemies":"Lagavulin","floor":10,"turns":7},{"damage":4,"enemies":"Red Slaver","floor":11,"turns":3}],"seed_played":"4505499875319813435","potions_obtained":[{"floor":4,"key":"Weak Potion"},{"floor":7,"key":"Weak Potion"}],"is_trial":false,"path_per_floor":["M","$","M","M","?","R","E","M","T","E","M"],"character_chosen":"THE_SILENT","items_purchased":["Flash of Steel"],"campfire_rested":0,"item_purchase_floors":[2],"current_hp_per_floor":[68,68,68,68,65,65,34,28,28,2,0],"gold":151,"neow_bonus":"TRANSFORM_TWO_CARDS","is_prod":false,"is_daily":false,"chose_seed":false,"campfire_upgraded":0,"win_rate":0,"timestamp":1552603878,"path_taken":["M","$","M","?","?","R","E","M","T","E","M"],"build_version":"2019-01-23","purchased_purges":0,"victory":false,"max_hp_per_floor":[70,70,70,70,70,70,70,70,70,70,70],"card_choices":[{"not_picked":["Outmaneuver","Blade Dance"],"picked":"Cloak And Dagger","floor":1},{"not_picked":["Setup","Poisoned Stab"],"picked":"Quick Slash","floor":3},{"not_picked":["Outmaneuver","Well Laid Plans"],"picked":"Unload","floor":4},{"not_picked":["Quick Slash","Catalyst"],"picked":"Dash","floor":7},{"not_picked":["Bane","Deflect","Well Laid Plans"],"picked":"Cloak And Dagger","floor":8},{"not_picked":["Tools of the Trade+1","Bane","Blur"],"picked":"Noxious Fumes+1","floor":10}],"player_experience":320278,"relics_obtained":[{"floor":7,"key":"Question Card"},{"floor":9,"key":"Frozen Egg 2"},{"floor":10,"key":"Happy Flower"}],"event_choices":[{"damage_healed":0,"gold_gain":0,"player_choice":"Success","damage_taken":3,"relics_obtained":["Pocketwatch"],"max_hp_gain":0,"max_hp_loss":0,"event_name":"Scrap Ooze","floor":5,"gold_loss":0}],"is_beta":false,"boss_relics":[],"items_purged_floors":[],"is_endless":false,"potions_floor_spawned":[4,7],"killed_by":"Red Slaver","ascension_level":3}