{"gold_per_floor":[124,151,176,200,231,243,280,292,304,346,416,52,65,76,76,76],"floor_reached":16,"playtime":958,"items_purged":[],"score":137,"play_id":"a45eedee-f23d-4786-8f76-4466d0037168","local_time":"20181203001505","is_ascension_mode":true,"campfire_choices":[{"data":"Predator","floor":6,"key":"SMITH"},{"floor":8,"key":"REST"},{"floor":15,"key":"REST"}],"neow_cost":"NONE","seed_source_timestamp":98565723220922,"circlet_count":0,"master_deck":["Defend_G","Defend_G","Defend_G","Defend_G","Defend_G","Strike_G","Strike_G","Strike_G","Strike_G","Strike_G","Survivor","Neutralize","Sucker Punch","Deadly Poison","Well Laid Plans","Deflect","Predator+1","Blade Dance+1","Acrobatics+1","Deflect+1","Noxious Fumes","Outmaneuver+1"],"relics":["Ring of the Snake","MawBank","Toxic Egg 2","Omamori","Oddly Smooth Stone","Mummified Hand","Unceasing Top"],"potions_floor_usage":[],"damage_taken":[{"damage":3,"enemies":"Cultist","floor":1,"turns":5},{"damage":0,"enemies":"Jaw Worm","floor":2,"turns":5},{"damage":0,"enemies":"2 Louse","floor":3,"turns":2},{"damage":17,"enemies":"Gremlin Gang","floor":4,"turns":8},{"damage":12,"enemies":"Large Slime","floor":5,"turns":6},{"damage":18,"enemies":"3 Sentries","floor":7,"turns":10},{"damage":17,"enemies":"Gremlin Nob","floor":10,"turns":4},{"damage":16,"enemies":"3 Sentries","floor":11,"turns":8},{"damage":0,"enemies":"Looter","floor":13,"turns":3},{"damage":0,"enemies":"Exordium Wildlife","floor":14,"turns":3},{"damage":30,"enemies":"The Guardian","floor":16,"turns":9}],"seed_played":"5191298697762310653","potions_obtained":[{"floor":2,"key":"SneckoOil"},{"floor":4,"key":"Explosive Potion"},{"floor":10,"key":"AttackPotion"},{"floor":11,"key":"Weak Potion"}],"is_trial":false,"path_per_floor":["M","M","M","M","M","R","E","R","T","E","?","$","M","M","R","B"],"character_chosen":"THE_SILENT","items_purchased":["Unceasing Top","Noxious Fumes"],"campfire_rested":2,"item_purchase_floors":[12,12],"current_hp_per_floor":[67,67,67,50,38,38,20,41,41,24,8,8,8,8,29,0],"gold":76,"neow_bonus":"RANDOM_COMMON_RELIC","is_prod":false,"is_daily":false,"chose_seed":false,"campfire_upgraded":1,"win_rate":0,"timestamp":1543814105,"path_taken":["M","M","M","?","M","R","E","R","T","E","?","$","M","M","R","BOSS"],"build_version":"2018-11-15","purchased_purges":0,"victory":false,"max_hp_per_floor":[70,70,70,70,70,70,70,70,70,70,70,70,70,70,70,70],"card_choices":[{"not_picked":["PiercingWail","Crippling Poison"],"picked":"Sucker Punch","floor":1},{"not_picked":["Backstab","Slice"],"picked":"Deadly Poison","floor":2},{"not_picked":["Predator","Backflip"],"picked":"Well Laid Plans","floor":3},{"not_picked":["Predator","Blade Dance"],"picked":"Deflect","floor":4},{"not_picked":["Underhanded Strike","Quick Slash"],"picked":"Predator","floor":5},{"not_picked":["Slice","Envenom"],"picked":"Blade Dance","floor":7},{"not_picked":["Slice","Dash"],"picked":"Acrobatics+1","floor":10},{"not_picked":["Quick Slash","Outmaneuver+1"],"picked":"Deflect+1","floor":11},{"not_picked":["Acrobatics+1","Dagger Spray"],"picked":"Outmaneuver+1","floor":13},{"not_picked":["Backflip+1","Flechettes","Eviscerate"],"picked":"SKIP","floor":14}],"player_experience":196755,"relics_obtained":[{"floor":7,"key":"Toxic Egg 2"},{"floor":9,"key":"Omamori"},{"floor":10,"key":"Oddly Smooth Stone"},{"floor":11,"key":"Mummified Hand"}],"event_choices":[{"damage_healed":0,"gold_gain":0,"player_choice":"Searched \u00271\u0027 times","damage_taken":0,"max_hp_gain":0,"max_hp_loss":0,"event_name":"Dead Adventurer","floor":11,"gold_loss":0}],"is_beta":false,"boss_relics":[],"items_purged_floors":[],"is_endless":false,"potions_floor_spawned":[2,4,10,11],"killed_by":"The Guardian","ascension_level":4}