{"gold_per_floor":[218,218,0,10,185,212,212,229,229,229,179,179,192,206,206,301,301,312,7,20,55,55,55,55],"floor_reached":24,"playtime":1408,"items_purged":[],"score":233,"play_id":"253ead19-e51a-4181-a59e-c4bb9cc4dbe9","local_time":"20190412224756","is_ascension_mode":true,"campfire_choices":[{"floor":7,"key":"REST"},{"floor":10,"key":"RECALL"},{"floor":15,"key":"REST"},{"floor":23,"key":"REST"}],"neow_cost":"NONE","seed_source_timestamp":885399719182500,"circlet_count":0,"master_deck":["Strike_R","Strike_R","Strike_R","Strike_R","Strike_R","Defend_R","Defend_R","Defend_R+1","Defend_R","Bash","Clothesline","Regret","Metallicize","Anger","Flex","Battle Trance","Sever Soul","Headbutt","Searing Blow+1","Corruption","Clash","Juggernaut","Clash","Thunderclap+1","Twin Strike+1","Dropkick+1"],"relics":["Burning Blood","Kunai","Blue Candle","Fusion Hammer","Molten Egg 2","Red Mask"],"potions_floor_usage":[4,14,18,21],"damage_taken":[{"damage":4,"enemies":"Jaw Worm","floor":1,"turns":4},{"damage":0,"enemies":"2 Louse","floor":4,"turns":2},{"damage":45,"enemies":"Lagavulin","floor":6,"turns":10},{"damage":0,"enemies":"Small Slimes","floor":8,"turns":2},{"damage":15,"enemies":"3 Louse","floor":13,"turns":3},{"damage":10,"enemies":"Exordium Wildlife","floor":14,"turns":5},{"damage":60,"enemies":"Slime Boss","floor":16,"turns":10},{"damage":30,"enemies":"2 Thieves","floor":18,"turns":4},{"damage":21,"enemies":"Shell Parasite","floor":20,"turns":4},{"damage":36,"enemies":"Masked Bandits","floor":21,"turns":5},{"damage":38,"enemies":"Slavers","floor":24,"turns":2}],"seed_played":"-316852859645083803","potions_obtained":[{"floor":1,"key":"AttackPotion"},{"floor":8,"key":"Swift Potion"},{"floor":14,"key":"SpeedPotion"},{"floor":20,"key":"Strength Potion"}],"is_trial":false,"path_per_floor":["M","?","$","M","?","E","R","M","T","R","?","?","M","M","R","B",null,"M","$","M","?","?","R","E"],"character_chosen":"IRONCLAD","items_purchased":["Metallicize","Anger","Flex","Battle Trance","Molten Egg 2","Thunderclap+1"],"campfire_rested":3,"item_purchase_floors":[3,3,3,3,19,19],"current_hp_per_floor":[80,80,80,80,80,41,65,71,71,71,71,55,46,42,66,12,80,56,56,41,11,11,35,0],"gold":55,"neow_bonus":"HUNDRED_GOLD","is_prod":false,"is_daily":false,"chose_seed":false,"campfire_upgraded":0,"win_rate":0,"timestamp":1555105676,"path_taken":["M","?","$","M","?","E","R","M","T","R","?","?","?","M","R","BOSS","M","$","M","?","?","R","E"],"build_version":"2019-01-23","purchased_purges":0,"victory":false,"max_hp_per_floor":[80,80,80,80,80,80,80,80,80,80,80,80,80,80,80,80,80,80,80,80,80,80,80,80],"card_choices":[{"not_picked":["Entrench","Second Wind"],"picked":"Clothesline","floor":1},{"not_picked":["Clothesline","Headbutt"],"picked":"Sever Soul","floor":4},{"not_picked":["True Grit","Power Through"],"picked":"Headbutt","floor":6},{"not_picked":["Body Slam","Infernal Blade"],"picked":"Searing Blow","floor":8},{"not_picked":["Second Wind","True Grit"],"picked":"Corruption","floor":13},{"not_picked":["Pommel Strike","Blood for Blood"],"picked":"Clash","floor":14},{"not_picked":["Exhume","Barricade"],"picked":"Juggernaut","floor":16},{"not_picked":["Body Slam","Perfected Strike+1"],"picked":"Clash","floor":18},{"not_picked":["Warcry","Feed+1"],"picked":"Twin Strike+1","floor":20},{"not_picked":["Havoc","Pommel Strike+1"],"picked":"Dropkick+1","floor":21}],"player_experience":481775,"relics_obtained":[{"floor":6,"key":"Blue Candle"},{"floor":21,"key":"Red Mask"}],"event_choices":[{"damage_healed":0,"gold_gain":0,"player_choice":"Box","damage_taken":0,"relics_obtained":["Kunai"],"max_hp_gain":0,"max_hp_loss":0,"event_name":"Big Fish","floor":2,"gold_loss":0,"cards_obtained":["Regret"]},{"damage_healed":0,"gold_gain":175,"player_choice":"AGREE","damage_taken":0,"max_hp_gain":0,"max_hp_loss":0,"event_name":"Liars Game","floor":5,"gold_loss":0,"cards_obtained":["Doubt"]},{"cards_removed":["Doubt"],"damage_healed":0,"gold_gain":0,"player_choice":"Card Removal","damage_taken":0,"max_hp_gain":0,"max_hp_loss":0,"event_name":"The Cleric","floor":11,"gold_loss":50},{"damage_healed":0,"gold_gain":0,"player_choice":"Entered Light","damage_taken":16,"max_hp_gain":0,"max_hp_loss":0,"event_name":"Shining Light","floor":12,"gold_loss":0,"cards_upgraded":["Defend_R","Searing Blow"]},{"damage_healed":0,"gold_gain":0,"player_choice":"Fought Bandits","damage_taken":0,"max_hp_gain":0,"max_hp_loss":0,"event_name":"Masked Bandits","floor":21,"gold_loss":0},{"damage_healed":0,"gold_gain":0,"player_choice":"Ignored","damage_taken":0,"max_hp_gain":0,"max_hp_loss":0,"event_name":"Ghosts","floor":22,"gold_loss":0}],"is_beta":false,"boss_relics":[{"not_picked":["Black Star","Astrolabe"],"picked":"Fusion Hammer"}],"items_purged_floors":[],"is_endless":false,"potions_floor_spawned":[1,8,14,20],"killed_by":"Slavers","ascension_level":4}