{"gold_per_floor":[114,289,309,356,373,408,408,135,159,159,179,179,207,207,207,309,309,326,338,13,30,40,40,40,40,40,53,80,80,80,96,96,96],"floor_reached":33,"playtime":1266,"items_purged":["Doubt","Defend_R"],"score":275,"play_id":"0f13b558-23dd-4fe0-8d87-45e3b5963aa9","local_time":"20181022232157","is_ascension_mode":false,"campfire_choices":[{"data":"Blood for Blood","floor":10,"key":"SMITH"},{"data":"Pummel","floor":12,"key":"SMITH"},{"floor":15,"key":"REST"},{"data":"Limit Break","floor":23,"key":"SMITH"},{"data":"Searing Blow+1","floor":24,"key":"SMITH"},{"data":"Searing Blow+2","floor":25,"key":"SMITH"},{"data":"Searing Blow+3","floor":30,"key":"SMITH"},{"floor":32,"key":"REST"}],"neow_cost":"NONE","seed_source_timestamp":1081546347444648,"circlet_count":0,"master_deck":["Strike_R","Strike_R","Strike_R","Strike_R","Strike_R","Defend_R","Defend_R","Defend_R","Bash","Pummel+1","Blood for Blood+1","Shrug It Off","Twin Strike+1","Body Slam+1","Limit Break+1","Cleave+1","Reckless Charge+1","Searing Blow+4","Juggernaut","Entrench","Spot Weakness+1"],"relics":["Burning Blood","Regal Pillow","Molten Egg 2","Ornamental Fan","HandDrill","Vajra","Potion Belt","WingedGreaves","Sozu","Happy Flower","Blood Vial","Orichalcum"],"potions_floor_usage":[6,13,13,13],"damage_taken":[{"damage":1,"enemies":"2 Louse","floor":1,"turns":3},{"damage":5,"enemies":"Small Slimes","floor":3,"turns":3},{"damage":6,"enemies":"Jaw Worm","floor":5,"turns":3},{"damage":56,"enemies":"Gremlin Nob","floor":6,"turns":6},{"damage":5,"enemies":"Exordium Wildlife","floor":11,"turns":7},{"damage":8,"enemies":"Lagavulin","floor":13,"turns":5},{"damage":42,"enemies":"Slime Boss","floor":16,"turns":13},{"damage":0,"enemies":"Chosen","floor":18,"turns":4},{"damage":5,"enemies":"Shell Parasite","floor":19,"turns":3},{"damage":15,"enemies":"Snake Plant","floor":21,"turns":3},{"damage":9,"enemies":"Centurion and Healer","floor":22,"turns":4},{"damage":26,"enemies":"Shelled Parasite and Fungi","floor":27,"turns":4},{"damage":24,"enemies":"Gremlin Leader","floor":28,"turns":5},{"damage":20,"enemies":"Snecko","floor":31,"turns":4},{"damage":73,"enemies":"Collector","floor":33,"turns":7}],"seed_played":"-4895524358538216157","potions_obtained":[{"floor":0,"key":"SkillPotion"},{"floor":0,"key":"EssenceOfSteel"},{"floor":0,"key":"Explosive Potion"},{"floor":6,"key":"Dexterity Potion"},{"floor":13,"key":"GamblersBrew"}],"is_trial":false,"path_per_floor":["M","?","M","T","M","E","?","$","T","R","M","R","E","T","R","B",null,"M","M","$","M","M","R","R","R","T","M","E","?","R","M","R"],"character_chosen":"IRONCLAD","items_purchased":["HandDrill","Searing Blow+1","Happy Flower"],"campfire_rested":2,"item_purchase_floors":[8,20,20],"current_hp_per_floor":[80,80,80,80,80,30,23,23,23,23,24,24,22,22,61,25,80,80,80,80,71,68,68,68,68,68,50,34,34,34,22,61,0],"gold":96,"neow_bonus":"THREE_SMALL_POTIONS","is_prod":false,"is_daily":false,"chose_seed":false,"campfire_upgraded":6,"win_rate":0.0,"timestamp":1540264917,"path_taken":["M","?","M","?","?","E","?","?","T","R","M","R","E","?","R","BOSS","M","M","?","M","M","R","R","R","T","M","E","?","R","M","R","BOSS"],"build_version":"2018-10-18","purchased_purges":2,"victory":false,"max_hp_per_floor":[80,80,80,80,80,80,80,80,80,80,80,80,80,80,80,80,80,80,80,80,80,80,80,80,80,80,80,80,80,80,80,80,80],"card_choices":[{"not_picked":["Havoc","Sword Boomerang"],"picked":"Pummel","floor":1},{"not_picked":["Carnage","Clothesline","Sword Boomerang"],"picked":"SKIP","floor":3},{"not_picked":["Dropkick","Shockwave"],"picked":"Blood for Blood","floor":5},{"not_picked":["Corruption","True Grit"],"picked":"Shrug It Off","floor":6},{"not_picked":["Seeing Red","Ghostly Armor"],"picked":"Twin Strike+1","floor":11},{"not_picked":["Headbutt+1","Clothesline+1"],"picked":"Body Slam+1","floor":13},{"not_picked":["Feed+1","Juggernaut"],"picked":"Limit Break","floor":16},{"not_picked":["Rupture","Body Slam+1"],"picked":"Cleave+1","floor":18},{"not_picked":["Pummel+1","Dropkick+1"],"picked":"Reckless Charge+1","floor":19},{"not_picked":["Rupture","Shrug It Off","Clash+1"],"picked":"SKIP","floor":21},{"not_picked":["Dropkick+1","Hemokinesis+1"],"picked":"Juggernaut","floor":22},{"not_picked":["Metallicize","Cleave+1"],"picked":"Entrench","floor":27},{"not_picked":["Hemokinesis+1","Anger+1"],"picked":"Spot Weakness+1","floor":28},{"not_picked":["Cleave+1","Hemokinesis+1","Armaments+1"],"picked":"SKIP","floor":31}],"player_experience":61379,"relics_obtained":[{"floor":4,"key":"Regal Pillow"},{"floor":6,"key":"Molten Egg 2"},{"floor":9,"key":"Vajra"},{"floor":13,"key":"Potion Belt"},{"floor":14,"key":"WingedGreaves"},{"floor":26,"key":"Blood Vial"},{"floor":28,"key":"Orichalcum"}],"event_choices":[{"damage_healed":0,"gold_gain":175,"player_choice":"AGREE","damage_taken":0,"max_hp_gain":0,"max_hp_loss":0,"event_name":"Liars Game","floor":2,"gold_loss":0,"cards_obtained":["Doubt"]},{"damage_healed":0,"gold_gain":0,"player_choice":"Success","damage_taken":7,"relics_obtained":["Ornamental Fan"],"max_hp_gain":0,"max_hp_loss":0,"event_name":"Scrap Ooze","floor":7,"gold_loss":0},{"damage_healed":0,"gold_gain":0,"player_choice":"Ignored","damage_taken":0,"max_hp_gain":0,"max_hp_loss":0,"event_name":"Ghosts","floor":29,"gold_loss":0}],"is_beta":false,"boss_relics":[{"not_picked":["Philosopher\u0027s Stone","Black Star"],"picked":"Sozu"}],"items_purged_floors":[8,20],"is_endless":false,"potions_floor_spawned":[1,6,11,13,19,21,22,27],"killed_by":"Collector","ascension_level":0}