{"gold_per_floor":[112,187,206,59,134,134,167,167,218,218,236,247,279,302,302,302],"floor_reached":16,"playtime":620,"items_purged":["Strike_G"],"score":157,"play_id":"79692f5d-37f4-4e24-84e6-a7dd0f0da71f","local_time":"20190627162909","is_ascension_mode":true,"campfire_choices":[{"data":"Crippling Poison","floor":6,"key":"SMITH"},{"data":"Footwork","floor":8,"key":"SMITH"},{"floor":10,"key":"REST"},{"floor":15,"key":"REST"}],"neow_cost":"NONE","seed_source_timestamp":1140784599041800,"circlet_count":0,"master_deck":["Defend_G","Defend_G","Defend_G","Defend_G","Defend_G","Strike_G","Strike_G","Strike_G","Strike_G","Survivor","Neutralize","Footwork+1","Dagger Throw","Deflect","Crippling Poison+1","Leg Sweep","PiercingWail","Backflip","Riddle With Holes"],"relics":["Ring of the Snake","Pantograph","Bronze Scales","Bag of Marbles","Regal Pillow"],"potions_floor_usage":[12,16],"damage_taken":[{"damage":6,"enemies":"2 Louse","floor":1,"turns":5},{"damage":0,"enemies":"Cultist","floor":3,"turns":5},{"damage":33,"enemies":"Gremlin Nob","floor":7,"turns":6},{"damage":2,"enemies":"Jaw Worm","floor":11,"turns":3},{"damage":5,"enemies":"Exordium Wildlife","floor":12,"turns":4},{"damage":9,"enemies":"Lagavulin","floor":13,"turns":11},{"damage":72,"enemies":"Slime Boss","floor":16,"turns":12}],"seed_played":"-1274798093581651768","potions_obtained":[{"floor":7,"key":"GhostInAJar"},{"floor":13,"key":"Block Potion"}],"is_trial":false,"path_per_floor":["M","?","M","$","?","R","E","R","T","R","M","M","E","T","R","B"],"character_chosen":"THE_SILENT","items_purchased":["Crippling Poison"],"campfire_rested":2,"item_purchase_floors":[4],"current_hp_per_floor":[57,50,50,50,39,39,6,6,6,27,25,20,11,11,47,0],"gold":302,"neow_bonus":"THREE_CARDS","is_prod":false,"is_daily":false,"chose_seed":false,"campfire_upgraded":2,"win_rate":0,"timestamp":1561667349,"path_taken":["M","?","?","$","?","R","E","R","T","R","M","M","E","?","R","BOSS"],"build_version":"2019-01-23","purchased_purges":1,"victory":false,"max_hp_per_floor":[70,70,70,70,70,70,70,70,70,70,70,70,70,70,70,70],"card_choices":[{"not_picked":["Outmaneuver","Slice"],"picked":"Footwork","floor":0},{"not_picked":["Deflect","Catalyst"],"picked":"Dagger Throw","floor":1},{"not_picked":["Distraction","Escape Plan"],"picked":"Deflect","floor":3},{"not_picked":["Distraction","Infinite Blades"],"picked":"Leg Sweep","floor":7},{"not_picked":["Storm of Steel","Bane"],"picked":"PiercingWail","floor":11},{"not_picked":["Predator","Dagger Throw"],"picked":"Backflip","floor":12},{"not_picked":["Backflip","Backstab"],"picked":"Riddle With Holes","floor":13}],"player_experience":291793,"relics_obtained":[{"floor":7,"key":"Pantograph"},{"floor":9,"key":"Bronze Scales"},{"floor":13,"key":"Bag of Marbles"},{"floor":14,"key":"Regal Pillow"}],"event_choices":[{"damage_healed":0,"gold_gain":75,"player_choice":"Touch","damage_taken":7,"max_hp_gain":0,"max_hp_loss":0,"event_name":"FaceTrader","floor":2,"gold_loss":0},{"damage_healed":0,"gold_gain":75,"player_choice":"Gather Gold","damage_taken":11,"max_hp_gain":0,"max_hp_loss":0,"event_name":"World of Goop","floor":5,"gold_loss":0}],"is_beta":false,"boss_relics":[],"items_purged_floors":[4],"is_endless":false,"potions_floor_spawned":[7,13],"killed_by":"Slime Boss","ascension_level":9}