{"gold_per_floor":[111,126,146,225,225,225,254,268,291,291,317,333,333,361,361,465,465,482,482,44,61,61,91,91],"floor_reached":24,"playtime":1389,"items_purged":[],"score":293,"play_id":"c5788ed4-e1d5-4649-a59d-9969e7bcc2c9","local_time":"20190625093215","is_ascension_mode":true,"campfire_choices":[{"data":"Corruption","floor":6,"key":"SMITH"},{"floor":10,"key":"REST"},{"floor":13,"key":"REST"},{"floor":15,"key":"REST"}],"neow_cost":"NONE","seed_source_timestamp":435221601921100,"circlet_count":0,"master_deck":["Strike_R","Strike_R","Strike_R","Strike_R","Strike_R","Defend_R","Defend_R+1","Defend_R+1","Defend_R","Bash","Fire Breathing","Corruption+1","Carnage","Clothesline","Rage","Pommel Strike","Bludgeon","Shockwave","Barricade","Feel No Pain","Havoc","Entrench","Anger","Dropkick","Armaments","Flash of Steel","Anger+1","Feel No Pain"],"relics":["Burning Blood","War Paint","Lantern","Boot","Art of War","Meat on the Bone","Orrery","Brimstone","Anchor","Dodecahedron"],"potions_floor_usage":[8,8,14,18,23,23,23],"damage_taken":[{"damage":4,"enemies":"Jaw Worm","floor":1,"turns":5},{"damage":0,"enemies":"2 Louse","floor":2,"turns":3},{"damage":8,"enemies":"Small Slimes","floor":3,"turns":4},{"damage":36,"enemies":"Gremlin Nob","floor":7,"turns":5},{"damage":16,"enemies":"Exordium Thugs","floor":8,"turns":5},{"damage":40,"enemies":"Lagavulin","floor":11,"turns":7},{"damage":0,"enemies":"Gremlin Gang","floor":12,"turns":5},{"damage":13,"enemies":"Gremlin Nob","floor":14,"turns":3},{"damage":54,"enemies":"Hexaghost","floor":16,"turns":8},{"damage":22,"enemies":"Shell Parasite","floor":18,"turns":6},{"damage":2,"enemies":"Chosen","floor":21,"turns":5},{"damage":41,"enemies":"Gremlin Leader","floor":23,"turns":5},{"damage":45,"enemies":"Centurion and Healer","floor":24,"turns":4}],"seed_played":"-579067877086906066","potions_obtained":[{"floor":1,"key":"BloodPotion"},{"floor":7,"key":"Block Potion"},{"floor":12,"key":"Fire Potion"},{"floor":14,"key":"Swift Potion"},{"floor":18,"key":"Swift Potion"},{"floor":22,"key":"BloodPotion"},{"floor":22,"key":"LiquidBronze"},{"floor":22,"key":"Strength Potion"}],"is_trial":false,"path_per_floor":["M","M","M","?","?","R","E","M","T","R","E","M","R","E","R","B",null,"M","?","$","M","?","E","M"],"character_chosen":"IRONCLAD","items_purchased":["Brimstone","Anchor","Flash of Steel"],"campfire_rested":3,"item_purchase_floors":[20,20,20],"current_hp_per_floor":[80,80,78,78,78,78,48,46,46,70,36,42,66,59,80,44,71,55,55,55,59,59,44,0],"gold":91,"neow_bonus":"RANDOM_COMMON_RELIC","is_prod":false,"is_daily":false,"chose_seed":false,"campfire_upgraded":1,"win_rate":0,"timestamp":1561451535,"path_taken":["M","M","M","?","?","R","E","M","T","R","E","M","R","E","R","BOSS","M","?","$","M","?","E","M"],"build_version":"2019-01-23","purchased_purges":0,"victory":false,"max_hp_per_floor":[80,80,80,80,80,80,80,80,80,80,80,80,80,80,80,80,80,80,80,80,80,80,80,80],"card_choices":[{"not_picked":["Cleave","Headbutt"],"picked":"Fire Breathing","floor":1},{"not_picked":["Clash","Battle Trance"],"picked":"Corruption","floor":2},{"not_picked":["Armaments","Bloodletting"],"picked":"Carnage","floor":3},{"not_picked":["Flex","Power Through"],"picked":"Clothesline","floor":7},{"not_picked":["Thunderclap","True Grit"],"picked":"Rage","floor":8},{"not_picked":["Body Slam","Thunderclap"],"picked":"Pommel Strike","floor":11},{"not_picked":["Wild Strike","Headbutt"],"picked":"Bludgeon","floor":12},{"not_picked":["Armaments","Perfected Strike"],"picked":"Shockwave","floor":14},{"not_picked":["Juggernaut","Exhume"],"picked":"Barricade","floor":16},{"not_picked":["Flex","Clothesline"],"picked":"Feel No Pain","floor":17},{"not_picked":["Power Through","Reckless Charge"],"picked":"Havoc","floor":17},{"not_picked":["Offering","Twin Strike"],"picked":"Entrench","floor":17},{"not_picked":["Twin Strike","Thunderclap"],"picked":"Anger","floor":17},{"not_picked":["Twin Strike","Power Through"],"picked":"Dropkick","floor":17},{"not_picked":["Heavy Blade","Perfected Strike"],"picked":"Armaments","floor":18},{"not_picked":["Headbutt","Clothesline"],"picked":"Anger+1","floor":21},{"not_picked":["Battle Trance+1","Body Slam"],"picked":"Feel No Pain","floor":23}],"player_experience":844697,"relics_obtained":[{"floor":7,"key":"Lantern"},{"floor":9,"key":"Boot"},{"floor":11,"key":"Art of War"},{"floor":14,"key":"Meat on the Bone"},{"floor":23,"key":"Dodecahedron"}],"event_choices":[{"damage_healed":0,"gold_gain":79,"player_choice":"Gained Gold","damage_taken":0,"max_hp_gain":0,"max_hp_loss":0,"event_name":"Golden Wing","floor":4,"gold_loss":0},{"damage_healed":0,"gold_gain":0,"player_choice":"Leave","damage_taken":0,"max_hp_gain":0,"max_hp_loss":0,"event_name":"The Cleric","floor":5,"gold_loss":0},{"damage_healed":0,"gold_gain":0,"player_choice":"Ignored","damage_taken":0,"max_hp_gain":0,"max_hp_loss":0,"event_name":"Ghosts","floor":19,"gold_loss":0},{"damage_healed":0,"gold_gain":0,"player_choice":"Got Potions","damage_taken":0,"max_hp_gain":0,"max_hp_loss":0,"event_name":"Lab","floor":22,"gold_loss":0}],"is_beta":false,"boss_relics":[{"not_picked":["Empty Cage","Eternal Feather"],"picked":"Orrery"}],"items_purged_floors":[],"is_endless":false,"potions_floor_spawned":[1,7,12,14,18],"killed_by":"Centurion and Healer","ascension_level":5}