{"gold_per_floor":[119,119,134,59,59,59,87,87,111,172,172,184,210,229,229,330,330,344,344,90,90,110,110,138,138,138,138],"floor_reached":27,"playtime":1279,"items_purged":["Strike_B"],"score":308,"play_id":"f4df3e68-da1a-476d-bd6a-7e1bbd970d9f","local_time":"20190628114041","is_ascension_mode":true,"campfire_choices":[{"data":"Rebound","floor":6,"key":"SMITH"},{"data":"Capacitor","floor":8,"key":"SMITH"},{"data":"Dualcast","floor":11,"key":"SMITH"},{"floor":15,"key":"REST"},{"data":"Thunder Strike","floor":23,"key":"SMITH"}],"neow_cost":"NONE","seed_source_timestamp":1209219121750200,"circlet_count":0,"master_deck":["Strike_B","Strike_B+1","Strike_B","Defend_B","Defend_B","Defend_B","Defend_B","Zap+1","Dualcast+1","Sweeping Beam+1","Rebound+1","Capacitor+1","Ball Lightning","Coolheaded","Hologram","Thunder Strike+1","Streamline","Glacier"],"relics":["Cracked Core","Oddly Smooth Stone","Cables","Omamori","Tiny Chest","Odd Mushroom","Busted Crown","ClockworkSouvenir","Ginger","Art of War","WarpedTongs","Gambling Chip"],"potions_floor_usage":[7,24,27,27],"damage_taken":[{"damage":0,"enemies":"Jaw Worm","floor":1,"turns":3},{"damage":0,"enemies":"Small Slimes","floor":3,"turns":2},{"damage":8,"enemies":"Gremlin Nob","floor":7,"turns":3},{"damage":16,"enemies":"Lagavulin","floor":10,"turns":6},{"damage":0,"enemies":"Cultist","floor":12,"turns":2},{"damage":18,"enemies":"The Mushroom Lair","floor":13,"turns":3},{"damage":0,"enemies":"3 Louse","floor":14,"turns":1},{"damage":18,"enemies":"Slime Boss","floor":16,"turns":6},{"damage":23,"enemies":"Shell Parasite","floor":18,"turns":5},{"damage":4,"enemies":"Chosen","floor":22,"turns":4},{"damage":25,"enemies":"Gremlin Leader","floor":24,"turns":6},{"damage":9,"enemies":"Book of Stabbing","floor":27,"turns":4}],"seed_played":"-6927438496672055249","potions_obtained":[{"floor":1,"key":"PowerPotion"},{"floor":3,"key":"Fire Potion"},{"floor":14,"key":"LiquidBronze"},{"floor":16,"key":"SpeedPotion"}],"is_trial":false,"path_per_floor":["M","?","M","$","?","R","E","R","T","E","R","M","?","M","R","B",null,"M","?","$","T","M","R","E","?","T","E"],"character_chosen":"DEFECT","items_purchased":["ClockworkSouvenir","Streamline"],"campfire_rested":1,"item_purchase_floors":[20,20],"current_hp_per_floor":[68,53,53,53,53,53,45,45,45,29,29,29,11,11,33,15,60,37,37,37,37,33,33,8,8,8,0],"gold":138,"neow_bonus":"RANDOM_COMMON_RELIC","is_prod":false,"is_daily":false,"chose_seed":false,"campfire_upgraded":4,"win_rate":0,"timestamp":1561736441,"path_taken":["M","?","M","$","?","R","E","R","T","E","R","M","?","?","R","BOSS","M","?","$","?","M","R","E","?","T","E"],"build_version":"2019-01-23","purchased_purges":1,"victory":false,"max_hp_per_floor":[75,75,75,75,75,75,75,75,75,75,75,75,75,75,75,75,75,75,75,75,75,75,75,75,75,75,75],"card_choices":[{"not_picked":["Heatsinks","Recycle"],"picked":"Sweeping Beam","floor":1},{"not_picked":["Go for the Eyes","BootSequence"],"picked":"Rebound","floor":3},{"not_picked":["Amplify","Turbo"],"picked":"Capacitor","floor":7},{"not_picked":["Steam Power","BootSequence","Recycle"],"picked":"SKIP","floor":10},{"not_picked":["Steam Power","Stack"],"picked":"Ball Lightning","floor":12},{"not_picked":["Compile Driver","Conserve Battery"],"picked":"Coolheaded","floor":13},{"not_picked":["Compile Driver","Storm"],"picked":"Hologram","floor":14},{"not_picked":["Hyperbeam","Amplify"],"picked":"Thunder Strike","floor":16},{"not_picked":["Go for the Eyes+1"],"picked":"SKIP","floor":18},{"not_picked":["Hello World"],"picked":"SKIP","floor":22},{"not_picked":[],"picked":"Glacier","floor":24}],"player_experience":292413,"relics_obtained":[{"floor":7,"key":"Cables"},{"floor":9,"key":"Omamori"},{"floor":10,"key":"Tiny Chest"},{"floor":13,"key":"Odd Mushroom"},{"floor":21,"key":"Ginger"},{"floor":24,"key":"Art of War"},{"floor":26,"key":"Gambling Chip"}],"event_choices":[{"damage_healed":0,"gold_gain":0,"player_choice":"Entered Light","damage_taken":15,"max_hp_gain":0,"max_hp_loss":0,"event_name":"Shining Light","floor":2,"gold_loss":0,"cards_upgraded":["Strike_B","Zap"]},{"damage_healed":0,"gold_gain":0,"player_choice":"Grow","damage_taken":0,"max_hp_gain":0,"max_hp_loss":0,"event_name":"Living Wall","floor":5,"gold_loss":0,"cards_upgraded":["Sweeping Beam"]},{"damage_healed":0,"gold_gain":0,"player_choice":"Fought Mushrooms","damage_taken":0,"max_hp_gain":0,"max_hp_loss":0,"event_name":"Mushrooms","floor":13,"gold_loss":0},{"damage_healed":0,"gold_gain":0,"player_choice":"Smashed Altar","damage_taken":0,"max_hp_gain":0,"max_hp_loss":0,"event_name":"Forgotten Altar","floor":19,"gold_loss":0,"cards_obtained":["Decay"]},{"damage_healed":0,"gold_gain":0,"player_choice":"Rummage","damage_taken":0,"relics_obtained":["WarpedTongs"],"max_hp_gain":0,"max_hp_loss":0,"event_name":"Accursed Blacksmith","floor":25,"gold_loss":0,"cards_obtained":["Pain"]}],"is_beta":false,"boss_relics":[{"not_picked":["Runic Pyramid","Eternal Feather"],"picked":"Busted Crown"}],"items_purged_floors":[4],"is_endless":false,"potions_floor_spawned":[1,3,14,16,22],"killed_by":"Book of Stabbing","ascension_level":6}