{"gold_per_floor":[11,28,28,40,40,69,144,144,144,144,162,181,194,229,229,229],"floor_reached":16,"playtime":1098,"items_purged":[],"score":129,"play_id":"59532275-69d4-49db-90f9-0cd8dd38ba6a","local_time":"20190308111309","is_ascension_mode":true,"campfire_choices":[{"floor":10,"key":"REST"},{"floor":15,"key":"REST"}],"neow_cost":"NO_GOLD","seed_source_timestamp":585016050680600,"circlet_count":0,"master_deck":["Strike_R","Strike_R","Strike_R","Strike_R","Strike_R","Defend_R","Defend_R","Defend_R","Bash","Dramatic Entrance","Warcry","Rupture","Master of Strategy","True Grit","Brutality","Seeing Red","Sentinel","Ghostly Armor","Pommel Strike","Metallicize","Infernal Blade"],"relics":["Burning Blood","The Courier","Art of War","Dream Catcher"],"potions_floor_usage":[4,11,11,14,14,14],"damage_taken":[{"damage":0,"enemies":"2 Louse","floor":1,"turns":3},{"damage":16,"enemies":"Cultist","floor":2,"turns":4},{"damage":6,"enemies":"Jaw Worm","floor":4,"turns":4},{"damage":50,"enemies":"3 Sentries","floor":6,"turns":10},{"damage":0,"enemies":"2 Fungi Beasts","floor":11,"turns":3},{"damage":22,"enemies":"Red Slaver","floor":12,"turns":4},{"damage":12,"enemies":"Lots of Slimes","floor":13,"turns":3},{"damage":22,"enemies":"Lagavulin","floor":14,"turns":6},{"damage":31,"enemies":"Hexaghost","floor":16,"turns":9}],"seed_played":"128608998433428094","potions_obtained":[{"floor":2,"key":"Energy Potion"},{"floor":6,"key":"Energy Potion"},{"floor":8,"key":"SkillPotion"},{"floor":8,"key":"Poison Potion"},{"floor":11,"key":"SteroidPotion"},{"floor":13,"key":"Swift Potion"}],"is_trial":false,"path_per_floor":["M","M","?","M","?","E","?","?","T","R","M","M","M","E","R","B"],"character_chosen":"IRONCLAD","items_purchased":[],"campfire_rested":2,"item_purchase_floors":[],"current_hp_per_floor":[80,70,70,70,70,26,15,15,15,39,45,29,23,7,31,0],"gold":229,"neow_bonus":"RANDOM_COLORLESS_2","is_prod":false,"is_daily":false,"chose_seed":false,"campfire_upgraded":0,"win_rate":0,"timestamp":1552043589,"path_taken":["M","M","?","?","?","E","?","?","T","R","M","M","?","E","R","BOSS"],"build_version":"2019-01-23","purchased_purges":0,"victory":false,"max_hp_per_floor":[80,80,80,80,80,80,80,80,80,80,80,80,80,80,80,80],"card_choices":[{"not_picked":["Headbutt","Thunderclap"],"picked":"Warcry","floor":1},{"not_picked":["Perfected Strike","Rage"],"picked":"Rupture","floor":2},{"not_picked":["Rage","Corruption"],"picked":"True Grit","floor":4},{"not_picked":["Impervious","Warcry"],"picked":"Seeing Red","floor":6},{"not_picked":["Armaments","Sword Boomerang"],"picked":"Sentinel","floor":11},{"not_picked":["Iron Wave","Dual Wield"],"picked":"Ghostly Armor","floor":12},{"not_picked":["Blood for Blood","Headbutt"],"picked":"Pommel Strike","floor":13},{"not_picked":["Seeing Red","True Grit"],"picked":"Metallicize","floor":14},{"not_picked":["Fire Breathing","Pommel Strike"],"picked":"Infernal Blade","floor":15}],"player_experience":272597,"relics_obtained":[{"floor":6,"key":"The Courier"},{"floor":9,"key":"Art of War"},{"floor":14,"key":"Dream Catcher"}],"event_choices":[{"damage_healed":0,"gold_gain":0,"cards_transformed":["Panacea"],"player_choice":"Transformed","damage_taken":0,"max_hp_gain":0,"max_hp_loss":0,"event_name":"Transmorgrifier","floor":3,"gold_loss":0,"cards_obtained":["Master of Strategy"]},{"damage_healed":0,"gold_gain":0,"cards_transformed":["Defend_R"],"player_choice":"Change","damage_taken":0,"max_hp_gain":0,"max_hp_loss":0,"event_name":"Living Wall","floor":5,"gold_loss":0,"cards_obtained":["Brutality"]},{"damage_healed":0,"gold_gain":75,"player_choice":"Gather Gold","damage_taken":11,"max_hp_gain":0,"max_hp_loss":0,"event_name":"World of Goop","floor":7,"gold_loss":0},{"damage_healed":0,"gold_gain":0,"player_choice":"Got Potions","damage_taken":0,"max_hp_gain":0,"max_hp_loss":0,"event_name":"Lab","floor":8,"gold_loss":0}],"is_beta":false,"boss_relics":[],"items_purged_floors":[],"is_endless":false,"potions_floor_spawned":[2,6,11,13],"killed_by":"Hexaghost","ascension_level":3}