{"gold_per_floor":[110,110,72,34,34,34,49,61,61,90,90,146,146,156,156,156],"floor_reached":16,"playtime":450,"items_purged":[],"score":135,"play_id":"a2adb1c4-248e-4692-b82e-c89fe94f34ab","local_time":"20190625211822","is_ascension_mode":true,"campfire_choices":[{"data":"Barrage","floor":6,"key":"SMITH"},{"data":"Ball Lightning","floor":11,"key":"SMITH"},{"floor":15,"key":"REST"}],"neow_cost":"NONE","seed_source_timestamp":985505179916700,"circlet_count":0,"master_deck":["Strike_B","Defend_B","Defend_B","Defend_B","Defend_B","Zap","Dualcast","Thunder Strike","Barrage+1","Ball Lightning+1","Reinforced Body","Creative AI","Genetic Algorithm+1","Coolheaded+1"],"relics":["Cracked Core","MawBank","Toxic Egg 2","Strawberry","Tiny Chest"],"potions_floor_usage":[16],"damage_taken":[{"damage":5,"enemies":"2 Louse","floor":1,"turns":2},{"damage":0,"enemies":"Jaw Worm","floor":7,"turns":3},{"damage":4,"enemies":"Small Slimes","floor":8,"turns":3},{"damage":25,"enemies":"3 Sentries","floor":10,"turns":6},{"damage":16,"enemies":"Gremlin Nob","floor":12,"turns":5},{"damage":8,"enemies":"Red Slaver","floor":14,"turns":4},{"damage":55,"enemies":"Slime Boss","floor":16,"turns":7}],"seed_played":"2651655231444670589","potions_obtained":[{"floor":7,"key":"LiquidBronze"},{"floor":12,"key":"Block Potion"}],"is_trial":false,"path_per_floor":["M","?","?","$","?","R","M","M","T","E","R","E","?","M","R","B"],"character_chosen":"DEFECT","items_purchased":["Ball Lightning"],"campfire_rested":1,"item_purchase_floors":[4],"current_hp_per_floor":[70,58,58,58,58,58,58,54,54,36,36,20,25,17,43,0],"gold":156,"neow_bonus":"TRANSFORM_CARD","is_prod":false,"is_daily":false,"chose_seed":false,"campfire_upgraded":2,"win_rate":0,"timestamp":1561511902,"path_taken":["M","?","?","$","?","R","M","?","T","E","R","E","?","M","R","BOSS"],"build_version":"2019-01-23","purchased_purges":0,"victory":false,"max_hp_per_floor":[75,75,75,75,75,75,75,75,75,82,82,82,87,87,87,87],"card_choices":[{"not_picked":["Hologram","Go for the Eyes"],"picked":"Barrage","floor":1},{"not_picked":["Redo","Rebound"],"picked":"Reinforced Body","floor":7},{"not_picked":["Turbo","Sweeping Beam","Storm"],"picked":"SKIP","floor":8},{"not_picked":["Rebound","Sweeping Beam"],"picked":"Creative AI","floor":10},{"not_picked":["Gash","White Noise+1"],"picked":"Genetic Algorithm+1","floor":12},{"not_picked":["Beam Cell","Force Field+1"],"picked":"Coolheaded+1","floor":14}],"player_experience":275846,"relics_obtained":[{"floor":9,"key":"Toxic Egg 2"},{"floor":10,"key":"Strawberry"},{"floor":12,"key":"Tiny Chest"}],"event_choices":[{"damage_healed":0,"gold_gain":0,"player_choice":"Success","damage_taken":12,"relics_obtained":["MawBank"],"max_hp_gain":0,"max_hp_loss":0,"event_name":"Scrap Ooze","floor":2,"gold_loss":0},{"cards_removed":["Strike_B"],"damage_healed":0,"gold_gain":0,"player_choice":"Card Removal","damage_taken":0,"max_hp_gain":0,"max_hp_loss":0,"event_name":"The Cleric","floor":3,"gold_loss":50},{"cards_removed":["Strike_B"],"damage_healed":0,"gold_gain":0,"player_choice":"Purged","damage_taken":0,"max_hp_gain":0,"max_hp_loss":0,"event_name":"Purifier","floor":5,"gold_loss":0},{"damage_healed":0,"gold_gain":0,"player_choice":"Donut","damage_taken":0,"max_hp_gain":5,"max_hp_loss":0,"event_name":"Big Fish","floor":13,"gold_loss":0}],"is_beta":false,"boss_relics":[],"items_purged_floors":[],"is_endless":false,"potions_floor_spawned":[7,12],"killed_by":"Slime Boss","ascension_level":5}