{"gold_per_floor":[109,122,122,142,39,39,57,72,72,72,85,96,108,126,126,126],"floor_reached":16,"playtime":694,"items_purged":["Strike_G"],"score":196,"play_id":"c048a7fe-1e6c-4f50-859d-c258ea603290","local_time":"20190629115239","is_ascension_mode":true,"campfire_choices":[{"data":"Deadly Poison","floor":6,"key":"SMITH"},{"data":"Crippling Poison","floor":10,"key":"SMITH"},{"data":"Catalyst","floor":15,"key":"SMITH"}],"neow_cost":"NONE","seed_source_timestamp":830560317140900,"circlet_count":0,"master_deck":["AscendersBane","Defend_G","Defend_G","Defend_G","Defend_G","Defend_G","Strike_G","Strike_G","Strike_G","Strike_G","Survivor","Neutralize","Tactician","Crippling Poison+1","Backstab","Deadly Poison+1","Leg Sweep","Deflect","Catalyst+1"],"relics":["Ring of the Snake","Art of War","Darkstone Periapt"],"potions_floor_usage":[13,16,16],"damage_taken":[{"damage":0,"enemies":"2 Louse","floor":1,"turns":3},{"damage":2,"enemies":"Small Slimes","floor":2,"turns":5},{"damage":2,"enemies":"Jaw Worm","floor":4,"turns":6},{"damage":13,"enemies":"Exordium Wildlife","floor":7,"turns":6},{"damage":6,"enemies":"3 Louse","floor":8,"turns":4},{"damage":4,"enemies":"Blue Slaver","floor":11,"turns":4},{"damage":5,"enemies":"Red Slaver","floor":12,"turns":5},{"damage":0,"enemies":"Looter","floor":13,"turns":4},{"damage":4,"enemies":"2 Fungi Beasts","floor":14,"turns":4},{"damage":45,"enemies":"Slime Boss","floor":16,"turns":7}],"seed_played":"3482660471190167477","potions_obtained":[{"floor":1,"key":"Dexterity Potion"},{"floor":4,"key":"Swift Potion"},{"floor":11,"key":"Dexterity Potion"},{"floor":12,"key":"Fruit Juice"},{"floor":14,"key":"GamblersBrew"}],"is_trial":false,"path_per_floor":["M","M","?","M","$","R","M","M","T","R","M","M","M","M","R","B"],"character_chosen":"THE_SILENT","items_purchased":["Deadly Poison"],"campfire_rested":0,"item_purchase_floors":[5],"current_hp_per_floor":[59,57,57,55,55,55,42,36,36,36,32,27,32,28,28,0],"gold":126,"neow_bonus":"RANDOM_COMMON_RELIC","is_prod":false,"is_daily":false,"chose_seed":false,"campfire_upgraded":3,"win_rate":0,"timestamp":1561776759,"path_taken":["M","M","?","M","$","R","M","M","T","R","M","M","M","M","R","BOSS"],"build_version":"2019-01-23","purchased_purges":1,"victory":false,"max_hp_per_floor":[66,66,66,66,66,66,66,66,66,66,66,66,71,71,71,71],"card_choices":[{"not_picked":["Slice","Heel Hook"],"picked":"Tactician","floor":1},{"not_picked":["Flying Knee","Underhanded Strike"],"picked":"Crippling Poison","floor":2},{"not_picked":["Dagger Throw","Skewer"],"picked":"Backstab","floor":4},{"not_picked":["Reflex","Tactician","Dagger Throw"],"picked":"SKIP","floor":7},{"not_picked":["Slice","Deadly Poison","Endless Agony"],"picked":"SKIP","floor":8},{"not_picked":["Finisher","Expertise"],"picked":"Leg Sweep","floor":11},{"not_picked":["Outmaneuver","Quick Slash","Bane"],"picked":"SKIP","floor":12},{"not_picked":["Underhanded Strike","Deadly Poison"],"picked":"Deflect","floor":13},{"not_picked":["Distraction","Underhanded Strike"],"picked":"Catalyst","floor":14}],"player_experience":1047294,"relics_obtained":[{"floor":9,"key":"Darkstone Periapt"}],"event_choices":[{"damage_healed":0,"gold_gain":0,"player_choice":"Ignored","damage_taken":0,"max_hp_gain":0,"max_hp_loss":0,"event_name":"Liars Game","floor":3,"gold_loss":0}],"is_beta":false,"boss_relics":[],"items_purged_floors":[5],"is_endless":false,"potions_floor_spawned":[1,4,11,12,14],"killed_by":"Slime Boss","ascension_level":20}