{"gold_per_floor":[114,289,304,319,319,349,364,364,364,394,23,53,80,107,119,231,243,270,382,394,421,433],"floor_reached":22,"playtime":3495,"items_purged":[],"score":231,"play_id":"5376daed-f793-44b4-beb0-c4372168398b","local_time":"20190318194731","daily_mods":["Draft","Green Cards","DeadlyEvents"],"is_ascension_mode":false,"campfire_choices":[{"floor":8,"key":"REST"},{"floor":15,"key":"REST"}],"neow_cost":"","seed_source_timestamp":0,"circlet_count":0,"master_deck":["Cloak And Dagger","Acrobatics","Blade Dance","Sweeping Beam","Dagger Spray","Defragment","Dagger Spray","Gash","Ball Lightning","Static Discharge","Blade Dance","Blade Dance","Coolheaded","Cold Snap","Conserve Battery","Backflip","Sweeping Beam","Crippling Poison","Seek","Leap","BootSequence","Blade Dance","Caltrops","Auto Shields","Dodge and Roll","FTL","Biased Cognition","Storm","PiercingWail","Setup+1"],"special_seed":17973,"relics":["Cracked Core","Oddly Smooth Stone","Calipers","Lantern","Tiny Chest","Membership Card","MawBank","Inserter","WingedGreaves","Mercury Hourglass","Incense Burner"],"potions_floor_usage":[10,14,21],"damage_taken":[{"damage":0,"enemies":"Cultist","floor":1,"turns":3},{"damage":5,"enemies":"Small Slimes","floor":3,"turns":3},{"damage":11,"enemies":"Jaw Worm","floor":4,"turns":2},{"damage":23,"enemies":"Lagavulin","floor":6,"turns":5},{"damage":0,"enemies":"Large Slime","floor":7,"turns":3},{"damage":18,"enemies":"3 Sentries","floor":10,"turns":4},{"damage":11,"enemies":"Gremlin Nob","floor":12,"turns":4},{"damage":3,"enemies":"Looter","floor":13,"turns":3},{"damage":0,"enemies":"Blue Slaver","floor":14,"turns":1},{"damage":13,"enemies":"Slime Boss","floor":16,"turns":8},{"damage":17,"enemies":"2 Thieves","floor":18,"turns":4},{"damage":35,"enemies":"Colosseum Slavers","floor":19,"turns":4},{"damage":29,"enemies":"Colosseum Nobs","floor":19,"turns":5},{"damage":6,"enemies":"Shell Parasite","floor":21,"turns":5},{"damage":6,"enemies":"Slavers","floor":22,"turns":2}],"seed_played":"-6182514928825895174","potions_obtained":[{"floor":7,"key":"PowerPotion"},{"floor":12,"key":"AttackPotion"},{"floor":16,"key":"FairyPotion"},{"floor":19,"key":"AttackPotion"}],"is_trial":false,"path_per_floor":["M","?","M","M","?","E","M","R","T","E","$","E","M","M","R","B",null,"M","?","T","M","E"],"character_chosen":"DEFECT","items_purchased":["Tiny Chest","Membership Card","Blade Dance","Caltrops"],"campfire_rested":2,"item_purchase_floors":[11,11,11,11],"current_hp_per_floor":[75,75,70,59,52,29,29,51,51,33,33,22,19,19,41,28,75,58,7,7,1,0],"gold":433,"neow_bonus":"","is_prod":false,"is_daily":true,"chose_seed":false,"campfire_upgraded":0,"win_rate":0,"timestamp":1552938451,"path_taken":["M","?","M","M","?","E","?","R","T","E","?","?","M","M","R","BOSS","M","?","?","?","?"],"build_version":"2019-01-23","purchased_purges":0,"victory":false,"max_hp_per_floor":[75,75,75,75,75,75,75,75,75,75,75,75,75,75,75,75,75,75,75,75,75,75],"card_choices":[{"not_picked":["Leap","Slice"],"picked":"Cloak And Dagger","floor":0},{"not_picked":["Heatsinks","Calculated Gamble"],"picked":"Acrobatics","floor":0},{"not_picked":["Streamline","Cloak And Dagger"],"picked":"Blade Dance","floor":0},{"not_picked":["Deflect","Dagger Throw"],"picked":"Sweeping Beam","floor":0},{"not_picked":["Noxious Fumes","Leg Sweep"],"picked":"Dagger Spray","floor":0},{"not_picked":["Sucker Punch","Doom and Gloom"],"picked":"Defragment","floor":0},{"not_picked":["Bane","Prepared"],"picked":"Dagger Spray","floor":0},{"not_picked":["Sunder","Turbo"],"picked":"Gash","floor":0},{"not_picked":["Doom and Gloom","Dagger Spray"],"picked":"Ball Lightning","floor":0},{"not_picked":["Outmaneuver","Turbo"],"picked":"Static Discharge","floor":0},{"not_picked":["Stack","Dagger Spray"],"picked":"Blade Dance","floor":0},{"not_picked":["Tempest","Heel Hook"],"picked":"Blade Dance","floor":0},{"not_picked":["Prepared","Distraction"],"picked":"Coolheaded","floor":0},{"not_picked":["Gash","Underhanded Strike"],"picked":"Cold Snap","floor":0},{"not_picked":["Blizzard","Glacier"],"picked":"Conserve Battery","floor":0},{"not_picked":["Deflect","Prepared"],"picked":"Backflip","floor":1},{"not_picked":["Turbo","Cold Snap"],"picked":"Sweeping Beam","floor":3},{"not_picked":["Stack","Scrape"],"picked":"Crippling Poison","floor":4},{"not_picked":["Barrage","Eviscerate"],"picked":"Seek","floor":6},{"not_picked":["Dash","Blur"],"picked":"Leap","floor":7},{"not_picked":["Backflip","Dodge and Roll"],"picked":"BootSequence","floor":10},{"not_picked":["Reboot","Quick Slash"],"picked":"Auto Shields","floor":12},{"not_picked":["Blade Dance","Sucker Punch"],"picked":"Dodge and Roll","floor":13},{"not_picked":["Bane","Outmaneuver"],"picked":"FTL","floor":14},{"not_picked":["Grand Finale","Hyperbeam"],"picked":"Biased Cognition","floor":16},{"not_picked":["Steam+1","Ball Lightning"],"picked":"Storm","floor":18},{"not_picked":["Expertise","Eviscerate"],"picked":"PiercingWail","floor":19},{"not_picked":["Flying Knee","Skewer"],"picked":"Setup+1","floor":21}],"player_experience":335127,"relics_obtained":[{"floor":6,"key":"Oddly Smooth Stone"},{"floor":9,"key":"Calipers"},{"floor":10,"key":"Lantern"},{"floor":12,"key":"MawBank"},{"floor":19,"key":"WingedGreaves"},{"floor":19,"key":"Mercury Hourglass"},{"floor":20,"key":"Incense Burner"}],"event_choices":[{"damage_healed":0,"gold_gain":175,"player_choice":"AGREE","damage_taken":0,"max_hp_gain":0,"max_hp_loss":0,"event_name":"Liars Game","floor":2,"gold_loss":0,"cards_obtained":["Doubt"]},{"cards_removed":["Doubt"],"damage_healed":0,"gold_gain":0,"player_choice":"Card Removal","damage_taken":7,"max_hp_gain":0,"max_hp_loss":0,"event_name":"Golden Wing","floor":5,"gold_loss":0},{"damage_healed":0,"gold_gain":0,"player_choice":"Fight","damage_taken":0,"max_hp_gain":0,"max_hp_loss":0,"event_name":"Colosseum","floor":19,"gold_loss":0},{"damage_healed":0,"gold_gain":0,"player_choice":"Fought Nobs","damage_taken":0,"max_hp_gain":0,"max_hp_loss":0,"event_name":"Colosseum","floor":19,"gold_loss":0}],"is_beta":false,"boss_relics":[{"not_picked":["Snecko Eye","Runic Pyramid"],"picked":"Inserter"}],"items_purged_floors":[],"is_endless":false,"potions_floor_spawned":[7,12,16,19,19],"killed_by":"Slavers","ascension_level":0}