{"gold_per_floor":[116,127,143,143,16,49,49,77,77,95,112,112,112,123,123,218,218,228,327,345,23,23,56,56,84,96,128,165,177,221,251,263,372,384,408,420,8,20,33,63,83,305,305,65,65],"floor_reached":45,"playtime":3182,"items_purged":[],"score":716,"play_id":"4fe7bbf0-3389-4a36-9b7b-d993c26e5416","local_time":"20190618164622","is_ascension_mode":true,"campfire_choices":[{"floor":7,"key":"REST"},{"floor":13,"key":"REST"},{"data":"Demon Form","floor":15,"key":"SMITH"},{"floor":24,"key":"REST"},{"floor":29,"key":"REST"},{"floor":32,"key":"REST"}],"neow_cost":"NONE","seed_source_timestamp":1216400150600300,"circlet_count":0,"master_deck":["Strike_R","Strike_R","Strike_R","Defend_R","Defend_R","Defend_R","Defend_R","Bash","Havoc","Metallicize","Shrug It Off","Warcry","Pommel Strike+1","Demon Form+1","Sword Boomerang+1","Sword Boomerang+1","Anger+1","Feed+1","Shockwave","Bludgeon+1","Sword Boomerang+1","Sword Boomerang+1","Flex+1","Metallicize","Feel No Pain","Dual Wield","Barricade","Flex","Corruption","Discovery","Seeing Red+1","Armaments+1","Inflame","Feel No Pain","Flame Barrier","Sword Boomerang+1"],"relics":["Burning Blood","Centennial Puzzle","Molten Egg 2","Mercury Hourglass","Bronze Scales","Runic Pyramid","PreservedInsect","Pantograph","MawBank","Red Mask","Regal Pillow","Snecko Eye","Shovel","Bag of Preparation","Darkstone Periapt","Ancient Tea Set"],"potions_floor_usage":[3,16,16,16,20,30,38,38,40],"damage_taken":[{"damage":7,"enemies":"Jaw Worm","floor":1,"turns":3},{"damage":14,"enemies":"Cultist","floor":2,"turns":5},{"damage":7,"enemies":"Small Slimes","floor":3,"turns":4},{"damage":32,"enemies":"3 Sentries","floor":6,"turns":15},{"damage":31,"enemies":"Gremlin Nob","floor":8,"turns":5},{"damage":3,"enemies":"Exordium Wildlife","floor":10,"turns":5},{"damage":17,"enemies":"3 Louse","floor":11,"turns":2},{"damage":3,"enemies":"Blue Slaver","floor":14,"turns":3},{"damage":26,"enemies":"Hexaghost","floor":16,"turns":4},{"damage":0,"enemies":"Spheric Guardian","floor":18,"turns":3},{"damage":33,"enemies":"2 Thieves","floor":20,"turns":3},{"damage":25,"enemies":"Book of Stabbing","floor":23,"turns":4},{"damage":37,"enemies":"Slavers","floor":25,"turns":4},{"damage":15,"enemies":"Centurion and Healer","floor":27,"turns":3},{"damage":12,"enemies":"Masked Bandits","floor":28,"turns":2},{"damage":4,"enemies":"Gremlin Leader","floor":30,"turns":4},{"damage":18,"enemies":"Snake Plant","floor":31,"turns":3},{"damage":45,"enemies":"Collector","floor":33,"turns":6},{"damage":11,"enemies":"3 Darklings","floor":35,"turns":4},{"damage":38,"enemies":"3 Shapes","floor":38,"turns":2},{"damage":15,"enemies":"Jaw Worm Horde","floor":39,"turns":2},{"damage":21,"enemies":"Giant Head","floor":40,"turns":6},{"damage":28,"enemies":"4 Shapes","floor":41,"turns":4},{"damage":33,"enemies":"3 Darklings","floor":45,"turns":2}],"seed_played":"-3806723591466323471","potions_obtained":[{"floor":1,"key":"Energy Potion"},{"floor":6,"key":"Poison Potion"},{"floor":10,"key":"Poison Potion"},{"floor":11,"key":"Poison Potion"},{"floor":18,"key":"PowerPotion"},{"floor":27,"key":"PowerPotion"},{"floor":30,"key":"Strength Potion"},{"floor":33,"key":"Regen Potion"},{"floor":35,"key":"Explosive Potion"},{"floor":39,"key":"Dexterity Potion"}],"is_trial":false,"path_per_floor":["M","M","M","?","?","E","R","E","T","M","M","?","R","M","R","B",null,"M","?","M","$","?","E","R","E","T","M","?","R","E","M","R","B",null,"M","?","$","M","M","E","M","?","T","$","M"],"character_chosen":"IRONCLAD","items_purchased":["PreservedInsect","Bludgeon+1","Sword Boomerang+1","Shovel","Corruption","Discovery","Flame Barrier","Ancient Tea Set","Sword Boomerang+1"],"campfire_rested":5,"item_purchase_floors":[21,21,21,37,37,37,44,44,44],"current_hp_per_floor":[87,79,78,78,78,52,78,53,53,56,45,38,64,67,67,47,88,92,92,65,65,65,50,78,51,51,42,36,66,68,56,100,61,100,95,95,95,68,63,48,30,30,30,30,0],"gold":65,"neow_bonus":"TEN_PERCENT_HP_BONUS","is_prod":false,"is_daily":false,"chose_seed":false,"campfire_upgraded":1,"win_rate":0,"timestamp":1560872782,"path_taken":["M","M","M","?","?","E","R","E","T","?","M","?","R","M","R","BOSS","M","?","M","$","?","E","R","E","T","M","?","R","E","M","R","BOSS","M","?","$","?","M","E","M","?","T","$","M"],"build_version":"2019-01-23","purchased_purges":0,"victory":false,"max_hp_per_floor":[88,88,88,88,88,88,88,88,88,88,88,88,88,88,88,88,88,92,92,92,92,92,96,96,100,100,100,100,100,100,100,100,100,100,100,100,100,100,104,104,108,108,108,108,108],"card_choices":[{"not_picked":["Reckless Charge","Heavy Blade"],"picked":"Havoc","floor":1},{"not_picked":["Seeing Red","Dual Wield"],"picked":"Metallicize","floor":2},{"not_picked":["Cleave","Sword Boomerang"],"picked":"Shrug It Off","floor":3},{"not_picked":["Sword Boomerang","Shrug It Off"],"picked":"Pommel Strike","floor":6},{"not_picked":["Body Slam+1","Cleave+1"],"picked":"Demon Form","floor":8},{"not_picked":["Wild Strike+1","Intimidate"],"picked":"Sword Boomerang+1","floor":10},{"not_picked":["Second Wind","Flex"],"picked":"Sword Boomerang+1","floor":11},{"not_picked":["Pummel+1","Shrug It Off"],"picked":"Anger+1","floor":14},{"not_picked":["Brutality","Immolate+1"],"picked":"Feed+1","floor":16},{"not_picked":["Perfected Strike+1","Warcry"],"picked":"Shockwave","floor":18},{"not_picked":["Twin Strike+1","Sever Soul+1","Thunderclap+1"],"picked":"SKIP","floor":20},{"not_picked":["Headbutt+1","Armaments"],"picked":"Sword Boomerang+1","floor":23},{"not_picked":["Perfected Strike+1","Thunderclap+1"],"picked":"Flex+1","floor":25},{"not_picked":["Heavy Blade+1","Infernal Blade"],"picked":"Metallicize","floor":27},{"not_picked":["Armaments","Clash+1"],"picked":"Feel No Pain","floor":28},{"not_picked":["Wild Strike+1","Warcry+1","Offering"],"picked":"SKIP","floor":30},{"not_picked":["Havoc","Warcry"],"picked":"Dual Wield","floor":31},{"not_picked":["Limit Break","Exhume"],"picked":"Barricade","floor":33},{"not_picked":["Wild Strike+1","Rupture"],"picked":"Flex","floor":35},{"not_picked":["Searing Blow+1","Cleave+1"],"picked":"Seeing Red+1","floor":38},{"not_picked":["Clash+1","Wild Strike+1"],"picked":"Armaments+1","floor":39},{"not_picked":["Clothesline+1","Fire Breathing"],"picked":"Inflame","floor":40},{"not_picked":["Clothesline+1","Intimidate"],"picked":"Feel No Pain","floor":41}],"player_experience":767887,"relics_obtained":[{"floor":6,"key":"Molten Egg 2"},{"floor":8,"key":"Mercury Hourglass"},{"floor":9,"key":"Bronze Scales"},{"floor":23,"key":"Pantograph"},{"floor":25,"key":"MawBank"},{"floor":28,"key":"Red Mask"},{"floor":30,"key":"Regal Pillow"},{"floor":40,"key":"Bag of Preparation"},{"floor":43,"key":"Darkstone Periapt"}],"event_choices":[{"damage_healed":0,"gold_gain":0,"cards_transformed":["Strike_R"],"player_choice":"Change","damage_taken":0,"max_hp_gain":0,"max_hp_loss":0,"event_name":"Living Wall","floor":4,"gold_loss":0,"cards_obtained":["Warcry"]},{"damage_healed":0,"gold_gain":0,"player_choice":"Paid Gold","damage_taken":0,"relics_obtained":["Centennial Puzzle"],"max_hp_gain":0,"max_hp_loss":0,"event_name":"WeMeetAgain","floor":5,"gold_loss":127},{"cards_removed":["Strike_R"],"damage_healed":0,"gold_gain":0,"player_choice":"Card Removal","damage_taken":7,"max_hp_gain":0,"max_hp_loss":0,"event_name":"Golden Wing","floor":12,"gold_loss":0},{"damage_healed":0,"gold_gain":99,"player_choice":"Stole From Cult","damage_taken":0,"max_hp_gain":0,"max_hp_loss":0,"event_name":"Nest","floor":19,"gold_loss":0},{"damage_healed":0,"gold_gain":0,"player_choice":"Ignored","damage_taken":0,"max_hp_gain":0,"max_hp_loss":0,"event_name":"Beggar","floor":22,"gold_loss":0},{"damage_healed":0,"gold_gain":0,"player_choice":"Fought Bandits","damage_taken":0,"max_hp_gain":0,"max_hp_loss":0,"event_name":"Masked Bandits","floor":28,"gold_loss":0},{"damage_healed":0,"gold_gain":0,"player_choice":"Bought 0 Potions","damage_taken":0,"max_hp_gain":0,"max_hp_loss":0,"event_name":"The Woman in Blue","floor":36,"gold_loss":0},{"damage_healed":0,"gold_gain":222,"player_choice":"Wore Mask","damage_taken":0,"max_hp_gain":0,"max_hp_loss":0,"event_name":"Tomb of Lord Red Mask","floor":42,"gold_loss":0}],"is_beta":false,"boss_relics":[{"not_picked":["Calling Bell","White Beast Statue"],"picked":"Runic Pyramid"},{"not_picked":["Coffee Dripper","Sozu"],"picked":"Snecko Eye"}],"items_purged_floors":[],"is_endless":false,"potions_floor_spawned":[1,6,10,11,18,27,30,33,35,39],"killed_by":"3 Darklings","ascension_level":4}