{"gold_per_floor":[19,38,38,53,71,71,88,13,38,38,69,69,84,84,84,187,187,162,196,19,19,118,118],"floor_reached":23,"playtime":2368,"items_purged":["Strike_G"],"score":265,"play_id":"dfd84cc3-1681-431d-9ee7-794ca8bb177d","local_time":"20190627140635","is_ascension_mode":true,"campfire_choices":[{"data":"Neutralize","floor":6,"key":"SMITH"},{"data":"Backflip","floor":10,"key":"SMITH"},{"data":"Terror","floor":12,"key":"SMITH"},{"data":"Survivor","floor":15,"key":"SMITH"}],"neow_cost":"NO_GOLD","seed_source_timestamp":179426986359000,"circlet_count":0,"master_deck":["Defend_G","Defend_G","Defend_G","Defend_G","Defend_G","Strike_G","Strike_G","Survivor+1","Neutralize+1","Infinite Blades","Backflip+1","Terror+1","Skewer","Night Terror","Bouncing Flask","Escape Plan","Well Laid Plans","Madness"],"relics":["Ring of the Snake","Bird Faced Urn","Dream Catcher","Strawberry","Velvet Choker","Red Mask"],"potions_floor_usage":[16,16,16,19],"damage_taken":[{"damage":0,"enemies":"2 Louse","floor":1,"turns":3},{"damage":0,"enemies":"Cultist","floor":2,"turns":4},{"damage":1,"enemies":"Small Slimes","floor":4,"turns":4},{"damage":0,"enemies":"3 Louse","floor":5,"turns":5},{"damage":0,"enemies":"Blue Slaver","floor":7,"turns":6},{"damage":27,"enemies":"3 Sentries","floor":11,"turns":12},{"damage":1,"enemies":"2 Fungi Beasts","floor":13,"turns":5},{"damage":30,"enemies":"Slime Boss","floor":16,"turns":15},{"damage":6,"enemies":"2 Thieves","floor":18,"turns":5},{"damage":46,"enemies":"Masked Bandits","floor":19,"turns":6},{"damage":23,"enemies":"Book of Stabbing","floor":23,"turns":4}],"seed_played":"5398278841308034182","potions_obtained":[{"floor":1,"key":"Poison Potion"},{"floor":2,"key":"Block Potion"},{"floor":11,"key":"LiquidBronze"},{"floor":16,"key":"Dexterity Potion"}],"is_trial":false,"path_per_floor":["M","M","?","M","M","R","M","$","T","R","E","R","M","?","R","B",null,"M","?","$","?","?","E"],"character_chosen":"THE_SILENT","items_purchased":["Well Laid Plans","Madness"],"campfire_rested":0,"item_purchase_floors":[20,20],"current_hp_per_floor":[63,65,70,69,70,70,70,70,70,70,52,52,53,53,53,25,64,60,16,16,16,16,0],"gold":118,"neow_bonus":"ONE_RARE_RELIC","is_prod":false,"is_daily":false,"chose_seed":false,"campfire_upgraded":4,"win_rate":0,"timestamp":1561658795,"path_taken":["M","M","?","M","M","R","?","$","T","R","E","R","M","?","R","BOSS","M","?","$","?","?","E"],"build_version":"2019-01-23","purchased_purges":1,"victory":false,"max_hp_per_floor":[70,70,70,70,70,70,70,70,70,70,77,77,77,77,77,77,77,77,77,77,77,77,77],"card_choices":[{"not_picked":["All Out Attack","Bane"],"picked":"Infinite Blades","floor":1},{"not_picked":["Bane","Blade Dance","Outmaneuver"],"picked":"SKIP","floor":2},{"not_picked":["Flechettes","Deadly Poison"],"picked":"Backflip","floor":4},{"not_picked":["Deflect","Slice","Tactician"],"picked":"SKIP","floor":5},{"not_picked":["Deadly Poison","Underhanded Strike","Finisher"],"picked":"SKIP","floor":7},{"not_picked":["Masterful Stab","Reflex"],"picked":"Terror","floor":11},{"not_picked":["Setup","Masterful Stab"],"picked":"Skewer","floor":13},{"not_picked":["Envenom","Bullet Time"],"picked":"Night Terror","floor":16},{"not_picked":["Quick Slash","Heel Hook"],"picked":"Bouncing Flask","floor":18},{"not_picked":["Quick Slash+1","Terror"],"picked":"Escape Plan","floor":19}],"player_experience":97856,"relics_obtained":[{"floor":9,"key":"Dream Catcher"},{"floor":11,"key":"Strawberry"},{"floor":19,"key":"Red Mask"}],"event_choices":[{"damage_healed":5,"gold_gain":0,"player_choice":"Full Heal","damage_taken":0,"max_hp_gain":0,"max_hp_loss":0,"event_name":"Wheel of Change","floor":3,"gold_loss":0},{"cards_removed":["Strike_G"],"damage_healed":0,"gold_gain":0,"player_choice":"Forget","damage_taken":0,"max_hp_gain":0,"max_hp_loss":0,"event_name":"Living Wall","floor":14,"gold_loss":0},{"damage_healed":0,"gold_gain":0,"player_choice":"Fought Bandits","damage_taken":0,"max_hp_gain":0,"max_hp_loss":0,"event_name":"Masked Bandits","floor":19,"gold_loss":0},{"cards_removed":["Strike_G"],"damage_healed":0,"gold_gain":0,"player_choice":"Elegance","damage_taken":0,"max_hp_gain":0,"max_hp_loss":0,"event_name":"Back to Basics","floor":21,"gold_loss":0},{"damage_healed":0,"gold_gain":99,"player_choice":"Stole From Cult","damage_taken":0,"max_hp_gain":0,"max_hp_loss":0,"event_name":"Nest","floor":22,"gold_loss":0}],"is_beta":false,"boss_relics":[{"not_picked":["Eternal Feather","Fusion Hammer"],"picked":"Velvet Choker"}],"items_purged_floors":[8],"is_endless":false,"potions_floor_spawned":[1,2,11,16],"killed_by":"Book of Stabbing","ascension_level":8}