{"gold_per_floor":[115,115,134,160,9,39,57,86,86,99,99,64,98,19,19,123,123,143,171,171,93,106,106,206,206],"floor_reached":25,"playtime":2034,"items_purged":["Strike_G"],"score":328,"play_id":"4b051e86-243b-48d4-96d2-a2f0e7d96702","local_time":"20190515084449","is_ascension_mode":true,"campfire_choices":[{"data":"Infinite Blades","floor":11,"key":"SMITH"},{"data":"Malaise","floor":15,"key":"SMITH"},{"floor":23,"key":"REST"}],"neow_cost":"NONE","seed_source_timestamp":21984335004600,"circlet_count":0,"master_deck":["Defend_G","Defend_G","Defend_G","Defend_G","Defend_G","Strike_G","Strike_G+1","Strike_G+1","Strike_G","Survivor","Neutralize","Well Laid Plans","Acrobatics","Infinite Blades+1","Well Laid Plans","Cloak And Dagger","Deadly Poison","Backflip","Malaise+1","Infinite Blades","Storm of Steel","Poisoned Stab+1","Deflect","Infinite Blades","Dagger Spray+1","Infinite Blades"],"relics":["Ring of the Snake","NeowsBlessing","Ninja Scroll","Anchor","Letter Opener","Mercury Hourglass","Whetstone","White Beast Statue","Red Mask","Torii","Darkstone Periapt"],"potions_floor_usage":[13,16,19,22,24,25],"damage_taken":[{"damage":0,"enemies":"Small Slimes","floor":1,"turns":1},{"damage":0,"enemies":"Jaw Worm","floor":3,"turns":1},{"damage":0,"enemies":"Gremlin Nob","floor":6,"turns":1},{"damage":0,"enemies":"2 Louse","floor":7,"turns":4},{"damage":6,"enemies":"3 Sentries","floor":8,"turns":10},{"damage":0,"enemies":"Blue Slaver","floor":10,"turns":3},{"damage":1,"enemies":"Lagavulin","floor":13,"turns":6},{"damage":10,"enemies":"Hexaghost","floor":16,"turns":9},{"damage":0,"enemies":"3 Byrds","floor":18,"turns":3},{"damage":43,"enemies":"Masked Bandits","floor":19,"turns":4},{"damage":7,"enemies":"Spheric Guardian","floor":22,"turns":4},{"damage":5,"enemies":"Colosseum Slavers","floor":24,"turns":3},{"damage":24,"enemies":"Colosseum Nobs","floor":24,"turns":6},{"damage":14,"enemies":"Gremlin Leader","floor":25,"turns":4}],"seed_played":"5807280908785711393","potions_obtained":[{"floor":1,"key":"PowerPotion"},{"floor":10,"key":"Dexterity Potion"},{"floor":18,"key":"Ancient Potion"},{"floor":19,"key":"SkillPotion"},{"floor":22,"key":"Block Potion"},{"floor":24,"key":"Dexterity Potion"}],"is_trial":false,"path_per_floor":["M","?","M","T","$","E","M","E","T","M","R","?","E","$","R","B",null,"M","?","?","$","M","R","?","E"],"character_chosen":"THE_SILENT","items_purchased":["Infinite Blades","Infinite Blades","Infinite Blades"],"campfire_rested":1,"item_purchase_floors":[5,14,21],"current_hp_per_floor":[70,58,58,58,58,58,58,52,52,52,52,69,68,68,68,58,67,67,24,24,24,17,38,9,0],"gold":206,"neow_bonus":"THREE_ENEMY_KILL","is_prod":false,"is_daily":false,"chose_seed":false,"campfire_upgraded":2,"win_rate":0,"timestamp":1557906289,"path_taken":["M","?","M","?","$","E","M","E","T","M","R","?","E","?","R","BOSS","M","?","?","$","M","R","?","E"],"build_version":"2019-01-23","purchased_purges":1,"victory":false,"max_hp_per_floor":[70,70,70,70,70,70,70,70,70,70,70,70,70,70,70,70,70,70,70,70,70,70,70,70,70],"card_choices":[{"not_picked":["Endless Agony","Cloak And Dagger"],"picked":"Well Laid Plans","floor":1},{"not_picked":["Deadly Poison","Poisoned Stab"],"picked":"Acrobatics","floor":3},{"not_picked":["Setup","Escape Plan"],"picked":"Well Laid Plans","floor":6},{"not_picked":["Deflect","Choke"],"picked":"Cloak And Dagger","floor":7},{"not_picked":["Flying Knee","Dagger Throw"],"picked":"Deadly Poison","floor":8},{"not_picked":["Dagger Throw","Leg Sweep"],"picked":"Backflip","floor":10},{"not_picked":["Bane","Choke"],"picked":"Malaise","floor":13},{"not_picked":["Wraith Form v2","Burst"],"picked":"Storm of Steel","floor":16},{"not_picked":["Deflect","Eviscerate"],"picked":"Poisoned Stab+1","floor":18},{"not_picked":["Masterful Stab","Eviscerate"],"picked":"Deflect","floor":19},{"not_picked":["Backstab","Heel Hook"],"picked":"Dagger Spray+1","floor":22},{"not_picked":["Underhanded Strike","Bouncing Flask"],"picked":"Infinite Blades","floor":24}],"player_experience":729164,"relics_obtained":[{"floor":4,"key":"Anchor"},{"floor":6,"key":"Letter Opener"},{"floor":8,"key":"Mercury Hourglass"},{"floor":13,"key":"Whetstone"},{"floor":19,"key":"Red Mask"},{"floor":24,"key":"Torii"},{"floor":24,"key":"Darkstone Periapt"}],"event_choices":[{"damage_healed":0,"gold_gain":0,"player_choice":"Success","damage_taken":12,"relics_obtained":["Ninja Scroll"],"max_hp_gain":0,"max_hp_loss":0,"event_name":"Scrap Ooze","floor":2,"gold_loss":0},{"damage_healed":17,"gold_gain":0,"player_choice":"Healed","damage_taken":0,"max_hp_gain":0,"max_hp_loss":0,"event_name":"The Cleric","floor":12,"gold_loss":35},{"damage_healed":0,"gold_gain":0,"player_choice":"Fought Bandits","damage_taken":0,"max_hp_gain":0,"max_hp_loss":0,"event_name":"Masked Bandits","floor":19,"gold_loss":0},{"damage_healed":0,"gold_gain":0,"player_choice":"Ignored","damage_taken":0,"max_hp_gain":0,"max_hp_loss":0,"event_name":"Beggar","floor":20,"gold_loss":0},{"damage_healed":0,"gold_gain":0,"player_choice":"Fight","damage_taken":0,"max_hp_gain":0,"max_hp_loss":0,"event_name":"Colosseum","floor":24,"gold_loss":0},{"damage_healed":0,"gold_gain":0,"player_choice":"Fought Nobs","damage_taken":0,"max_hp_gain":0,"max_hp_loss":0,"event_name":"Colosseum","floor":24,"gold_loss":0}],"is_beta":false,"boss_relics":[{"not_picked":["Coffee Dripper","Eternal Feather"],"picked":"White Beast Statue"}],"items_purged_floors":[5],"is_endless":false,"potions_floor_spawned":[1,10,18,19,22,24,24],"killed_by":"Gremlin Leader","ascension_level":5}