{"gold_per_floor":[217,62,72,172,183,183,202,202,202,233,23,23,34,47,47,146,146,157,57,57,76,76,76,102,102,102,102,129,204,216,249,249,351,351,363,92,105,123,141,176,176,176,176,222,234,262,224,238,238,238],"floor_reached":51,"playtime":4396,"items_purged":["Strike_G","Strike_G","Strike_G","Strike_G"],"score":1243,"play_id":"fdbeef49-da33-4b87-8397-64dccb76a824","local_time":"20190627181842","is_ascension_mode":true,"campfire_choices":[{"data":"Footwork","floor":6.0,"key":"SMITH"},{"data":"Neutralize","floor":8.0,"key":"SMITH"},{"data":"Well Laid Plans","floor":12.0,"key":"SMITH"},{"data":"Footwork","floor":15.0,"key":"SMITH"},{"data":"Burst","floor":23,"key":"SMITH"},{"data":"Noxious Fumes","floor":25,"key":"SMITH"},{"data":"Catalyst","floor":27,"key":"SMITH"},{"data":"Corpse Explosion","floor":32,"key":"SMITH"},{"data":"Well Laid Plans","floor":41,"key":"SMITH"},{"data":"Backflip","floor":45,"key":"SMITH"},{"floor":49,"key":"REST"}],"neow_cost":"NONE","seed_source_timestamp":0,"circlet_count":0,"master_deck":["Defend_G","Defend_G","Defend_G","Defend_G","Defend_G","Survivor","Neutralize+1","Skewer","Well Laid Plans+1","Flash of Steel","Footwork+1","Corpse Explosion+1","Footwork+1","Leg Sweep","Well Laid Plans+1","Burst+1","Noxious Fumes+1","Catalyst+1","Backflip","Backflip","Acrobatics+1","Backflip+1","Backflip"],"special_seed":0,"relics":["Ring of the Snake","Bronze Scales","Pear","Sozu","Bottled Tornado","Orichalcum","Mercury Hourglass","Molten Egg 2","Tough Bandages","Lizard Tail","Snake Skull","Smiling Mask","MawBank","Art of War"],"potions_floor_usage":[],"damage_taken":[{"damage":4.0,"enemies":"Jaw Worm","floor":1.0,"turns":5.0},{"damage":1.0,"enemies":"Cultist","floor":3.0,"turns":4.0},{"damage":0.0,"enemies":"Small Slimes","floor":5.0,"turns":3.0},{"damage":2.0,"enemies":"Blue Slaver","floor":7.0,"turns":5.0},{"damage":10.0,"enemies":"Gremlin Nob","floor":10.0,"turns":3.0},{"damage":5.0,"enemies":"Gremlin Gang","floor":13.0,"turns":3.0},{"damage":0.0,"enemies":"2 Fungi Beasts","floor":14.0,"turns":3.0},{"damage":16.0,"enemies":"Slime Boss","floor":16.0,"turns":15.0},{"damage":0.0,"enemies":"3 Byrds","floor":18.0,"turns":4.0},{"damage":0.0,"enemies":"Spheric Guardian","floor":21.0,"turns":5.0},{"damage":18,"enemies":"Gremlin Leader","floor":24,"turns":9},{"damage":0,"enemies":"Slavers","floor":28,"turns":1},{"damage":0,"enemies":"3 Cultists","floor":30,"turns":4},{"damage":24,"enemies":"Gremlin Leader","floor":31,"turns":3},{"damage":0,"enemies":"Champ","floor":33,"turns":5},{"damage":19,"enemies":"3 Shapes","floor":35,"turns":2},{"damage":0,"enemies":"Orb Walker","floor":37,"turns":4},{"damage":0,"enemies":"Maw","floor":38,"turns":4},{"damage":0,"enemies":"Writhing Mass","floor":39,"turns":1},{"damage":0,"enemies":"Giant Head","floor":40,"turns":4},{"damage":5,"enemies":"Reptomancer","floor":44,"turns":5},{"damage":0,"enemies":"Spire Growth","floor":46,"turns":4},{"damage":0,"enemies":"Maw","floor":48,"turns":4},{"damage":26,"enemies":"Time Eater","floor":50,"turns":5}],"seed_played":"-3553865740187762647","potions_obtained":[{"floor":1.0,"key":"GamblersBrew"},{"floor":5.0,"key":"FearPotion"},{"floor":13.0,"key":"Strength Potion"}],"is_trial":false,"path_per_floor":["M","$","M","?","M","R","M","R","T","E","$","R","M","M","R","B",null,"M","$","?","M","?","R","E","R","T","R","E","T","M","E","R","B",null,"M","$","M","M","M","E","R","?","T","E","R","M","$","M","R","B",null],"character_chosen":"THE_SILENT","items_purchased":["Well Laid Plans","Flash of Steel","Footwork","Leg Sweep","Snake Skull"],"campfire_rested":1,"item_purchase_floors":[2,2,11,11,36],"current_hp_per_floor":[59,59,58,58,58,58,56,56,56,56,56,56,51,51,51,35,69,69,69,69,69,69,69,51,51,51,51,51,51,51,27,27,27,67,48,48,48,48,48,48,48,48,48,43,43,43,43,43,67,41],"gold":238,"neow_bonus":"HUNDRED_GOLD","is_prod":false,"is_daily":false,"chose_seed":false,"campfire_upgraded":10,"win_rate":0,"timestamp":1561673922,"path_taken":["M","$","M","?","M","R","M","R","T","E","?","R","M","M","R","BOSS","M","$","?","M","?","R","E","R","T","R","E","?","M","E","R","BOSS","M","$","M","M","?","E","R","?","T","E","R","M","$","M","R","BOSS"],"build_version":"2019-01-23","purchased_purges":4,"victory":true,"max_hp_per_floor":[70,70,70,70,70,70,70,70,70,80,80,80,80,80,80,80,80,80,80,80,80,80,80,80,80,80,80,80,80,80,80,80,80,80,80,80,80,80,80,80,80,80,80,80,80,80,80,80,80,80],"card_choices":[{"not_picked":["Sucker Punch","Caltrops"],"picked":"Skewer","floor":1.0},{"not_picked":["Setup","Predator","Cloak And Dagger"],"picked":"SKIP","floor":3.0},{"not_picked":["Dagger Throw","Flying Knee"],"picked":"Footwork","floor":5.0},{"not_picked":["Slice","Deadly Poison","Acrobatics"],"picked":"SKIP","floor":7.0},{"not_picked":["Predator","Skewer"],"picked":"Corpse Explosion","floor":10.0},{"not_picked":["Poisoned Stab","Cloak And Dagger"],"picked":"Well Laid Plans","floor":13.0},{"not_picked":["PiercingWail","Dagger Throw","Prepared"],"picked":"SKIP","floor":14.0},{"not_picked":["Corpse Explosion","Venomology"],"picked":"Burst","floor":16.0},{"not_picked":["Cloak And Dagger","Caltrops+1","Dagger Spray+1"],"picked":"SKIP","floor":18.0},{"not_picked":["Backstab","Crippling Poison"],"picked":"Noxious Fumes","floor":21.0},{"not_picked":["Infinite Blades","Deflect","Poisoned Stab+1"],"picked":"SKIP","floor":24},{"not_picked":["Tactician","Finisher","Bane+1"],"picked":"SKIP","floor":28},{"not_picked":["Terror","Concentrate"],"picked":"Backflip","floor":30},{"not_picked":["Concentrate","Cloak And Dagger"],"picked":"Backflip","floor":31},{"not_picked":["Finisher+1","Quick Slash+1","Crippling Poison"],"picked":"SKIP","floor":35},{"not_picked":["Skewer+1","Calculated Gamble","Cloak And Dagger+1"],"picked":"SKIP","floor":37},{"not_picked":["Dagger Spray+1","Prepared","Deflect"],"picked":"SKIP","floor":38},{"not_picked":["Distraction","Deflect+1"],"picked":"Acrobatics+1","floor":39},{"not_picked":["Underhanded Strike+1","Distraction","Backstab+1"],"picked":"SKIP","floor":40},{"not_picked":["Glass Knife+1","Well Laid Plans"],"picked":"Backflip","floor":44},{"not_picked":["Blade Dance+1","Prepared+1"],"picked":"Backflip","floor":46},{"not_picked":["Dash+1","Footwork","Deadly Poison"],"picked":"SKIP","floor":48}],"player_experience":107766,"relics_obtained":[{"floor":9.0,"key":"Bronze Scales"},{"floor":10.0,"key":"Pear"},{"floor":24,"key":"Bottled Tornado"},{"floor":26,"key":"Orichalcum"},{"floor":28,"key":"Mercury Hourglass"},{"floor":29,"key":"Molten Egg 2"},{"floor":31,"key":"Tough Bandages"},{"floor":40,"key":"Smiling Mask"},{"floor":43,"key":"MawBank"},{"floor":44,"key":"Art of War"}],"event_choices":[{"damage_healed":0.0,"max_hp_gain":0.0,"max_hp_loss":0.0,"gold_gain":100.0,"event_name":"Golden Shrine","player_choice":"Pray","floor":4.0,"gold_loss":0.0,"damage_taken":0.0},{"cards_removed":["Strike_G"],"damage_healed":0.0,"max_hp_gain":0.0,"max_hp_loss":0.0,"gold_gain":0.0,"event_name":"Back to Basics","player_choice":"Elegance","floor":20.0,"gold_loss":0.0,"damage_taken":0.0},{"damage_healed":0.0,"max_hp_gain":0.0,"max_hp_loss":0.0,"gold_gain":0.0,"event_name":"The Library","player_choice":"Read","floor":22.0,"gold_loss":0.0,"damage_taken":0.0,"cards_obtained":["Catalyst"]},{"damage_healed":0,"gold_gain":0,"player_choice":"Got Potions","damage_taken":0,"max_hp_gain":0,"max_hp_loss":0,"event_name":"Lab","floor":42,"gold_loss":0}],"is_beta":false,"boss_relics":[{"not_picked":["Runic Dome","Fusion Hammer"],"picked":"Sozu"},{"not_picked":["WristBlade","Black Star"],"picked":"Lizard Tail"}],"items_purged_floors":[11,19,36,47],"is_endless":false,"potions_floor_spawned":[1,5,13,18,21,31,38,40,48],"ascension_level":9}