{"gold_per_floor":[118,132,132,32,32,57,75,89,89,9,41,41,75,91,91,191,191,174,174,184,184,68,68],"floor_reached":23,"playtime":1481,"items_purged":[],"score":240,"play_id":"6d49d892-4dd4-4aaf-9482-b23f7ca2db42","local_time":"20190317182101","is_ascension_mode":true,"campfire_choices":[{"floor":15,"key":"REST"}],"neow_cost":"NONE","seed_source_timestamp":1387893328532000,"circlet_count":0,"master_deck":["Defend_G+1","Defend_G+1","Defend_G+1","Defend_G+1","Strike_G+1","Strike_G+1","Strike_G+1","Strike_G+1","Strike_G+1","Neutralize","PiercingWail","Terror","Heel Hook","Sucker Punch","Footwork","Caltrops","Deflect","Masterful Stab","All Out Attack","Heel Hook","Escape Plan","Dagger Spray","Die Die Die","Escape Plan","Sucker Punch","Dagger Throw","Dash","Sucker Punch","Flying Knee","Crippling Poison","Deflect","Forethought"],"relics":["Ring of the Snake","Bottled Flame","Gremlin Horn","Blue Candle","Torii","Orrery"],"potions_floor_usage":[8,11,13,16,23],"damage_taken":[{"damage":11,"enemies":"Small Slimes","floor":1,"turns":5},{"damage":0,"enemies":"Jaw Worm","floor":2,"turns":5},{"damage":41,"enemies":"Lagavulin","floor":6,"turns":9},{"damage":0,"enemies":"2 Louse","floor":7,"turns":2},{"damage":0,"enemies":"Large Slime","floor":8,"turns":6},{"damage":15,"enemies":"Gremlin Nob","floor":11,"turns":4},{"damage":7,"enemies":"Lagavulin","floor":13,"turns":5},{"damage":1,"enemies":"2 Fungi Beasts","floor":14,"turns":2},{"damage":5,"enemies":"Hexaghost","floor":16,"turns":10},{"damage":27,"enemies":"2 Thieves","floor":18,"turns":4},{"damage":18,"enemies":"Chosen","floor":20,"turns":4},{"damage":40,"enemies":"Slavers","floor":23,"turns":3}],"seed_played":"-9001778020855394213","potions_obtained":[{"floor":7,"key":"Explosive Potion"},{"floor":8,"key":"Poison Potion"},{"floor":11,"key":"AttackPotion"},{"floor":14,"key":"GhostInAJar"},{"floor":20,"key":"PowerPotion"}],"is_trial":false,"path_per_floor":["M","M","?","$","?","E","M","M","T","$","E","?","E","M","R","B",null,"M","?","M","?","$","E"],"character_chosen":"THE_SILENT","items_purchased":["Sucker Punch","Footwork","All Out Attack","Deflect","Forethought"],"campfire_rested":1,"item_purchase_floors":[4,4,10,22,22],"current_hp_per_floor":[66,66,66,66,66,25,25,25,25,25,10,35,28,27,50,45,77,50,50,32,32,32,0],"gold":68,"neow_bonus":"TEN_PERCENT_HP_BONUS","is_prod":false,"is_daily":false,"chose_seed":false,"campfire_upgraded":0,"win_rate":0,"timestamp":1552846861,"path_taken":["M","M","?","?","?","E","M","M","T","?","E","?","E","M","R","BOSS","M","?","M","?","$","E"],"build_version":"2019-01-23","purchased_purges":0,"victory":false,"max_hp_per_floor":[77,77,77,77,77,77,77,77,77,77,77,77,77,77,77,77,77,77,77,77,77,77,77],"card_choices":[{"not_picked":["Distraction","Catalyst"],"picked":"PiercingWail","floor":1},{"not_picked":["Concentrate","Dagger Throw"],"picked":"Terror","floor":2},{"not_picked":["Cloak And Dagger","Infinite Blades"],"picked":"Caltrops","floor":6},{"not_picked":["Dagger Throw","Burst"],"picked":"Deflect","floor":7},{"not_picked":["Outmaneuver","Choke"],"picked":"Masterful Stab","floor":8},{"not_picked":["Outmaneuver","Acrobatics"],"picked":"Heel Hook","floor":11},{"not_picked":["Deflect","Bane"],"picked":"Escape Plan","floor":13},{"not_picked":["Tools of the Trade","Deflect"],"picked":"Dagger Spray","floor":14},{"not_picked":["Adrenaline","Doppelganger"],"picked":"Die Die Die","floor":16},{"not_picked":["Noxious Fumes","Blade Dance"],"picked":"Escape Plan","floor":17},{"not_picked":["PiercingWail","Prepared"],"picked":"Sucker Punch","floor":17},{"not_picked":["Calculated Gamble","Dodge and Roll"],"picked":"Dagger Throw","floor":17},{"not_picked":["Dagger Spray","Flechettes"],"picked":"Dash","floor":17},{"not_picked":["Outmaneuver","Underhanded Strike"],"picked":"Sucker Punch","floor":17},{"not_picked":["Noxious Fumes","Deadly Poison"],"picked":"Flying Knee","floor":18},{"not_picked":["Acrobatics","Riddle With Holes"],"picked":"Crippling Poison","floor":20}],"player_experience":333646,"relics_obtained":[{"floor":6,"key":"Bottled Flame"},{"floor":9,"key":"Gremlin Horn"},{"floor":11,"key":"Blue Candle"},{"floor":13,"key":"Torii"}],"event_choices":[{"damage_healed":0,"gold_gain":0,"cards_transformed":["Defend_G"],"player_choice":"Change","damage_taken":0,"max_hp_gain":0,"max_hp_loss":0,"event_name":"Living Wall","floor":3,"gold_loss":0,"cards_obtained":["Heel Hook"]},{"damage_healed":0,"gold_gain":0,"player_choice":"Ignored","damage_taken":0,"max_hp_gain":0,"max_hp_loss":0,"event_name":"Golden Wing","floor":5,"gold_loss":0},{"damage_healed":25,"gold_gain":0,"player_choice":"Banana","damage_taken":0,"max_hp_gain":0,"max_hp_loss":0,"event_name":"Big Fish","floor":12,"gold_loss":0},{"damage_healed":0,"gold_gain":0,"player_choice":"Simplicity","damage_taken":0,"max_hp_gain":0,"max_hp_loss":0,"event_name":"Back to Basics","floor":19,"gold_loss":0,"cards_upgraded":["Defend_G","Defend_G","Defend_G","Defend_G","Strike_G","Strike_G","Strike_G","Strike_G","Strike_G"]},{"cards_removed":["Survivor"],"damage_healed":0,"gold_gain":0,"player_choice":"Purged","damage_taken":0,"max_hp_gain":0,"max_hp_loss":0,"event_name":"Purifier","floor":21,"gold_loss":0}],"is_beta":false,"boss_relics":[{"not_picked":["Astrolabe","Ring of the Serpent"],"picked":"Orrery"}],"items_purged_floors":[],"is_endless":false,"potions_floor_spawned":[7,8,11,14,20],"killed_by":"Slavers","ascension_level":3}