{"gold_per_floor":[119,3,21,21,44,78,78,23,23,23,67,67,61,79,79,210,210,226,351,48,48,48,82,82,98,98,98,119,152,170,170,170,301,301,324,234,5,28,52,95,220,258,258,258,296,35,71,90,90,90,90,90,12,50,50],"floor_reached":55,"playtime":31209,"items_purged":["Strike_G"],"score":1084,"play_id":"0c25b4c2-daae-43f9-9aa6-19e8aafd226d","local_time":"20190507171424","is_ascension_mode":true,"campfire_choices":[{"floor":7,"key":"REST"},{"data":"Noxious Fumes","floor":10,"key":"SMITH"},{"floor":15,"key":"REST"},{"floor":27,"key":"REST"},{"floor":32,"key":"RECALL"},{"floor":49,"key":"REST"},{"floor":52,"key":"REST"}],"neow_cost":"NONE","seed_source_timestamp":278270278117300,"circlet_count":0,"master_deck":["Defend_G","Defend_G","Defend_G+1","Defend_G","Defend_G","Strike_G","Strike_G","Strike_G","Survivor","Neutralize","Noxious Fumes+1","Dash","Noxious Fumes","Backstab","Well Laid Plans","PiercingWail","Neutralize","Venomology","Leg Sweep","Adrenaline","After Image","Heel Hook","Cloak And Dagger","Bouncing Flask","Thinking Ahead","Acrobatics","Endless Agony+1","Poisoned Stab","Deadly Poison+1","Envenom","PiercingWail+1","Well Laid Plans","Quick Slash","Backflip+1","Footwork","Backstab+1","Backstab","Bouncing Flask","Catalyst","Backstab","Leg Sweep+1","Catalyst","Finesse"],"relics":["Ring of the Snake","Golden Idol","The Courier","Anchor","Ornamental Fan","Fusion Hammer","Incense Burner","Mummified Hand","Lantern","Ice Cream","Du-Vu Doll","Enchiridion","Blue Candle","Question Card","Snecko Eye","Toy Ornithopter","Pen Nib","Prayer Wheel","Boot","Unceasing Top","Snake Skull","Pear","Bottled Lightning"],"potions_floor_usage":[13,14,16,16,16,16,18,18,18,19,19,23,23,25,28,28,30,33,33,35,35,39,40,41,42,42,42,45,45,47,48,50,54,55],"damage_taken":[{"damage":4,"enemies":"2 Louse","floor":1,"turns":4},{"damage":0,"enemies":"Small Slimes","floor":3,"turns":3},{"damage":0,"enemies":"Cultist","floor":5,"turns":4},{"damage":22,"enemies":"3 Sentries","floor":6,"turns":8},{"damage":24,"enemies":"Lagavulin","floor":11,"turns":8},{"damage":3,"enemies":"Exordium Thugs","floor":13,"turns":4},{"damage":4,"enemies":"Exordium Wildlife","floor":14,"turns":4},{"damage":20,"enemies":"Slime Boss","floor":16,"turns":8},{"damage":5,"enemies":"Shell Parasite","floor":18,"turns":5},{"damage":23,"enemies":"Colosseum Slavers","floor":19,"turns":5},{"damage":4,"enemies":"Colosseum Nobs","floor":19,"turns":5},{"damage":30,"enemies":"Slavers","floor":23,"turns":6},{"damage":0,"enemies":"Chosen","floor":25,"turns":5},{"damage":13,"enemies":"Snake Plant","floor":28,"turns":4},{"damage":1,"enemies":"Book of Stabbing","floor":29,"turns":5},{"damage":1,"enemies":"Centurion and Healer","floor":30,"turns":5},{"damage":7,"enemies":"Collector","floor":33,"turns":7},{"damage":2,"enemies":"3 Darklings","floor":35,"turns":4},{"damage":0,"enemies":"3 Shapes","floor":38,"turns":4},{"damage":7,"enemies":"Spire Growth","floor":39,"turns":5},{"damage":4,"enemies":"Giant Head","floor":40,"turns":8},{"damage":2,"enemies":"Mind Bloom Boss Battle","floor":41,"turns":6},{"damage":49,"enemies":"Reptomancer","floor":42,"turns":5},{"damage":22,"enemies":"Giant Head","floor":45,"turns":8},{"damage":5,"enemies":"Reptomancer","floor":47,"turns":5},{"damage":14,"enemies":"3 Darklings","floor":48,"turns":4},{"damage":7,"enemies":"Awakened One","floor":50,"turns":10},{"damage":0,"enemies":"Shield and Spear","floor":54,"turns":7},{"damage":100,"enemies":"The Heart","floor":55,"turns":6}],"seed_played":"-6049314716674305222","potions_obtained":[{"floor":1,"key":"SpeedPotion"},{"floor":3,"key":"FairyPotion"},{"floor":13,"key":"EntropicBrew"},{"floor":16,"key":"PowerPotion"},{"floor":19,"key":"Regen Potion"},{"floor":23,"key":"EssenceOfSteel"},{"floor":30,"key":"Weak Potion"},{"floor":33,"key":"SkillPotion"},{"floor":39,"key":"GamblersBrew"},{"floor":40,"key":"SpeedPotion"},{"floor":41,"key":"Ancient Potion"},{"floor":42,"key":"PowerPotion"}],"is_trial":false,"path_per_floor":["M","$","M","?","M","E","R","$","T","R","E","?","M","M","R","B",null,"M","?","$","?","?","E","?","M","T","R","M","E","M","?","R","B",null,"M","?","$","M","M","E","?","E","T","?","E","$","E","M","R","B",null,"R","$","E","B"],"character_chosen":"THE_SILENT","items_purchased":["Dash","Well Laid Plans","Bouncing Flask","Thinking Ahead","Lantern","Toy Ornithopter","Well Laid Plans","Snake Skull","Bouncing Flask","Catalyst","Backstab","Finesse"],"campfire_rested":5,"item_purchase_floors":[2,8,20,20,20,37,37,46,46,46,46,53],"current_hp_per_floor":[73,73,73,54,54,32,55,55,55,55,31,31,28,24,47,42,77,72,45,45,70,70,53,37,37,37,60,47,46,45,45,45,38,77,75,75,75,75,70,71,74,28,28,28,16,16,26,17,43,41,87,87,87,87,0],"gold":50,"neow_bonus":"TEN_PERCENT_HP_BONUS","is_prod":false,"is_daily":false,"chose_seed":false,"campfire_upgraded":1,"win_rate":0,"timestamp":1557245664,"path_taken":["M","$","M","?","M","E","R","$","T","R","E","?","?","M","R","BOSS","M","?","$","?","?","E","?","M","T","R","?","E","M","?","R","BOSS","M","?","$","M","?","E","?","E","T","?","E","$","E","M","R","BOSS","R","$","E","BOSS"],"build_version":"2019-01-23","purchased_purges":1,"victory":false,"max_hp_per_floor":[77,77,77,77,77,77,77,77,77,77,77,77,77,77,77,77,77,77,77,77,77,77,77,77,77,77,77,77,77,77,77,77,77,77,77,77,77,77,77,77,77,77,77,77,77,77,87,87,87,87,87,87,87,87,87],"card_choices":[{"not_picked":["Distraction","Dodge and Roll"],"picked":"Noxious Fumes","floor":1},{"not_picked":["Underhanded Strike","Dagger Throw","Masterful Stab"],"picked":"SKIP","floor":3},{"not_picked":["Slice","Setup"],"picked":"Noxious Fumes","floor":5},{"not_picked":["Reflex","Dagger Throw"],"picked":"Backstab","floor":6},{"not_picked":["Blade Dance","Underhanded Strike"],"picked":"PiercingWail","floor":11},{"not_picked":["Underhanded Strike","Predator"],"picked":"Leg Sweep","floor":13},{"not_picked":["Sucker Punch","Expertise"],"picked":"Adrenaline","floor":14},{"not_picked":["Die Die Die","A Thousand Cuts"],"picked":"After Image","floor":16},{"not_picked":["Expertise+1","Quick Slash"],"picked":"Heel Hook","floor":18},{"not_picked":["Blade Dance","Deadly Poison"],"picked":"Cloak And Dagger","floor":19},{"not_picked":["PiercingWail","Leg Sweep"],"picked":"Acrobatics","floor":23},{"not_picked":["Flechettes","Deflect"],"picked":"Endless Agony+1","floor":25},{"not_picked":["All Out Attack","Sucker Punch"],"picked":"Poisoned Stab","floor":28},{"not_picked":["Poisoned Stab+1","Expertise"],"picked":"Deadly Poison+1","floor":29},{"not_picked":["Tactician+1","Sucker Punch","Underhanded Strike","Outmaneuver+1"],"picked":"SKIP","floor":30},{"not_picked":["Doppelganger","Venomology","A Thousand Cuts"],"picked":"Envenom","floor":33},{"not_picked":["Poisoned Stab+1","Acrobatics","Deflect+1"],"picked":"PiercingWail+1","floor":35},{"not_picked":["Expertise","Finisher","Flechettes+1"],"picked":"Quick Slash","floor":38},{"not_picked":["Skewer+1","Slice","Dodge and Roll+1"],"picked":"Backflip+1","floor":39},{"not_picked":["Endless Agony","Dagger Throw","PiercingWail+1"],"picked":"Footwork","floor":40},{"not_picked":["Leg Sweep","PiercingWail+1","Doppelganger"],"picked":"Backstab+1","floor":41},{"not_picked":["All Out Attack","Eviscerate","Storm of Steel","Prepared"],"picked":"SKIP","floor":42},{"not_picked":["Deadly Poison+1","Quick Slash+1","Sucker Punch"],"picked":"Backstab","floor":45},{"not_picked":["Masterful Stab+1","Prepared+1","Poisoned Stab","Endless Agony"],"picked":"SKIP","floor":47},{"not_picked":["Burst","Slice+1","Masterful Stab+1"],"picked":"Leg Sweep+1","floor":48},{"not_picked":["Dagger Spray+1","Quick Slash","Prepared+1"],"picked":"Catalyst","floor":48},{"not_picked":["Deflect","Terror","Choke+1","Quick Slash"],"picked":"SKIP","floor":54}],"player_experience":639571,"relics_obtained":[{"floor":6,"key":"The Courier"},{"floor":9,"key":"Anchor"},{"floor":11,"key":"Ornamental Fan"},{"floor":19,"key":"Incense Burner"},{"floor":19,"key":"Mummified Hand"},{"floor":23,"key":"Du-Vu Doll"},{"floor":24,"key":"Enchiridion"},{"floor":26,"key":"Blue Candle"},{"floor":29,"key":"Question Card"},{"floor":40,"key":"Pen Nib"},{"floor":41,"key":"Prayer Wheel"},{"floor":42,"key":"Boot"},{"floor":45,"key":"Unceasing Top"},{"floor":47,"key":"Pear"},{"floor":54,"key":"Bottled Lightning"}],"event_choices":[{"damage_healed":0,"gold_gain":0,"player_choice":"Take Damage","damage_taken":19,"relics_obtained":["Golden Idol"],"max_hp_gain":0,"max_hp_loss":0,"event_name":"Golden Idol","floor":4,"gold_loss":0},{"damage_healed":0,"gold_gain":0,"player_choice":"2 cards matched","damage_taken":0,"max_hp_gain":0,"max_hp_loss":0,"event_name":"Match and Keep!","floor":12,"gold_loss":0,"cards_obtained":["Neutralize","Venomology"]},{"damage_healed":0,"gold_gain":0,"player_choice":"Fight","damage_taken":0,"max_hp_gain":0,"max_hp_loss":0,"event_name":"Colosseum","floor":19,"gold_loss":0},{"damage_healed":0,"gold_gain":0,"player_choice":"Fought Nobs","damage_taken":0,"max_hp_gain":0,"max_hp_loss":0,"event_name":"Colosseum","floor":19,"gold_loss":0},{"damage_healed":25,"gold_gain":0,"player_choice":"Heal","damage_taken":0,"max_hp_gain":0,"max_hp_loss":0,"event_name":"The Library","floor":21,"gold_loss":0},{"damage_healed":0,"gold_gain":0,"player_choice":"Opened","damage_taken":0,"relics_obtained":["Ice Cream"],"max_hp_gain":0,"max_hp_loss":0,"event_name":"The Mausoleum","floor":22,"gold_loss":0,"cards_obtained":["Writhe"]},{"damage_healed":0,"gold_gain":0,"player_choice":"Obtained Book","damage_taken":16,"max_hp_gain":0,"max_hp_loss":0,"event_name":"Cursed Tome","floor":24,"gold_loss":0},{"cards_removed":["Writhe"],"damage_healed":0,"gold_gain":0,"player_choice":"Purged","damage_taken":0,"max_hp_gain":0,"max_hp_loss":0,"event_name":"Purifier","floor":31,"gold_loss":0},{"cards_removed":["Strike_G"],"damage_healed":0,"gold_gain":0,"player_choice":"Upgrade and Remove","damage_taken":0,"max_hp_gain":0,"max_hp_loss":0,"event_name":"Designer","floor":36,"gold_loss":90,"cards_upgraded":["Defend_G"]},{"damage_healed":0,"gold_gain":0,"player_choice":"Fight","damage_taken":0,"max_hp_gain":0,"max_hp_loss":0,"event_name":"MindBloom","floor":41,"gold_loss":0},{"damage_healed":0,"gold_gain":0,"player_choice":"Ignored","damage_taken":0,"max_hp_gain":0,"max_hp_loss":0,"event_name":"Tomb of Lord Red Mask","floor":44,"gold_loss":0}],"is_beta":false,"boss_relics":[{"not_picked":["Runic Dome","WristBlade"],"picked":"Fusion Hammer"},{"not_picked":["Sozu","Philosopher\u0027s Stone"],"picked":"Snecko Eye"}],"items_purged_floors":[2],"is_endless":false,"potions_floor_spawned":[1,3,13,14,16,19,23,30,33,39,40,41,42],"killed_by":"The Heart","ascension_level":3}