{"gold_per_floor":[116,167,180,198,216,241,259,259,259,273,273],"floor_reached":11,"playtime":826,"items_purged":[],"score":92,"play_id":"ca7cd948-84ad-4f1a-bfa4-9918fb3e73c1","local_time":"20190622120603","is_ascension_mode":true,"campfire_choices":[],"neow_cost":"CURSE","seed_source_timestamp":185817724259100,"circlet_count":0,"master_deck":["Strike_R","Strike_R","Strike_R","Strike_R","Strike_R","Defend_R","Defend_R","Defend_R","Defend_R","Bash","Pommel Strike","Seeing Red","Infernal Blade","Seeing Red","Shrug It Off","Twin Strike","Armaments","Second Wind","Carnage","Spot Weakness","Blood for Blood","Sentinel","Bloodletting"],"relics":["Burning Blood","Prayer Wheel","Bottled Flame","Blood Vial"],"potions_floor_usage":[5,11,11],"damage_taken":[{"damage":12,"enemies":"Cultist","floor":1,"turns":5},{"damage":14,"enemies":"Small Slimes","floor":3,"turns":4},{"damage":11,"enemies":"2 Louse","floor":4,"turns":2},{"damage":4,"enemies":"2 Fungi Beasts","floor":5,"turns":4},{"damage":41,"enemies":"3 Sentries","floor":6,"turns":11},{"damage":14,"enemies":"Looter","floor":7,"turns":3},{"damage":17,"enemies":"Large Slime","floor":10,"turns":5},{"damage":27,"enemies":"Lagavulin","floor":11,"turns":5}],"seed_played":"-4562038666775095497","potions_obtained":[{"floor":4,"key":"Regen Potion"},{"floor":7,"key":"Explosive Potion"},{"floor":10,"key":"Dexterity Potion"}],"is_trial":false,"path_per_floor":["M","T","M","M","M","E","M","?","T","M","E"],"character_chosen":"IRONCLAD","items_purchased":[],"campfire_rested":0,"item_purchase_floors":[],"current_hp_per_floor":[74,74,66,61,75,40,32,32,32,23,0],"gold":273,"neow_bonus":"ONE_RARE_RELIC","is_prod":false,"is_daily":false,"chose_seed":false,"campfire_upgraded":0,"win_rate":0,"timestamp":1561201563,"path_taken":["M","?","M","M","M","E","M","?","T","M","E"],"build_version":"2019-01-23","purchased_purges":0,"victory":false,"max_hp_per_floor":[80,80,80,80,80,80,80,80,80,80,80],"card_choices":[{"not_picked":["Clothesline","Headbutt"],"picked":"Pommel Strike","floor":1},{"not_picked":["Wild Strike","Evolve"],"picked":"Seeing Red","floor":1},{"not_picked":["Shrug It Off","Intimidate"],"picked":"Infernal Blade","floor":3},{"not_picked":["Flex","Sword Boomerang"],"picked":"Seeing Red","floor":3},{"not_picked":["Power Through","Sever Soul"],"picked":"Shrug It Off","floor":4},{"not_picked":["Sever Soul","Seeing Red"],"picked":"Twin Strike","floor":4},{"not_picked":["Twin Strike","Thunderclap"],"picked":"Armaments","floor":5},{"not_picked":["Twin Strike","Evolve"],"picked":"Second Wind","floor":5},{"not_picked":["Clothesline","Armaments"],"picked":"Carnage","floor":6},{"not_picked":["Combust","Body Slam"],"picked":"Spot Weakness","floor":7},{"not_picked":["Clothesline","Thunderclap"],"picked":"Blood for Blood","floor":7},{"not_picked":["Sword Boomerang","Evolve"],"picked":"Sentinel","floor":10},{"not_picked":["Anger","Body Slam"],"picked":"Bloodletting","floor":10}],"player_experience":822679,"relics_obtained":[{"floor":6,"key":"Bottled Flame"},{"floor":9,"key":"Blood Vial"}],"event_choices":[{"cards_removed":["Decay"],"damage_healed":0,"gold_gain":0,"player_choice":"Forget","damage_taken":0,"max_hp_gain":0,"max_hp_loss":0,"event_name":"Living Wall","floor":8,"gold_loss":0}],"is_beta":false,"boss_relics":[],"items_purged_floors":[],"is_endless":false,"potions_floor_spawned":[4,7,10],"killed_by":"Lagavulin","ascension_level":4}