{"gold_per_floor":[113,126,201,201,34,60,60,60,60,79,95,95,95,122,122,225,225,235,250,165,193,47,59,59,84,84,113,113,139,150,163,163,260,310,324,324,324,546,563,563,304,304,349,349,349,89,105,132,132,132],"floor_reached":51,"playtime":2295,"items_purged":["Strike_R","Injury"],"score":950,"play_id":"9896eb09-d1e9-4d22-ac02-47fc9167a7e0","local_time":"20181127172954","is_ascension_mode":true,"campfire_choices":[{"data":"Heavy Blade","floor":8.0,"key":"SMITH"},{"data":"Seeing Red","floor":13.0,"key":"SMITH"},{"floor":15.0,"key":"REST"},{"data":"Spot Weakness","floor":24,"key":"SMITH"},{"data":"Armaments","floor":28,"key":"SMITH"},{"data":"Demon Form","floor":32,"key":"SMITH"},{"data":"Impervious","floor":40,"key":"SMITH"},{"data":"Limit Break","floor":42,"key":"SMITH"},{"data":"Barricade","floor":45,"key":"SMITH"},{"data":"Disarm","floor":49,"key":"SMITH"}],"neow_cost":"NONE","seed_source_timestamp":0,"circlet_count":0,"master_deck":["Strike_R","Strike_R","Defend_R","Defend_R","Defend_R","Defend_R+1","Bash+1","Feed","Thunderclap+1","Anger+1","Spot Weakness+1","Heavy Blade+1","Impervious+1","Twin Strike+1","Seeing Red+1","Shrug It Off+1","Headbutt+1","Disarm+1","Intimidate+1","Uppercut+1","Armaments+1","Whirlwind+1","Rupture","Demon Form+1","Barricade+1","Dropkick+1","True Grit+1","Bandage Up","Metallicize","Limit Break+1","Normality","Disarm+1","Disarm+1","Clothesline+1"],"special_seed":0,"relics":["Burning Blood","Bottled Lightning","Molten Egg 2","Vajra","Cursed Key","Potion Belt","Red Mask","Lantern","Pear","Happy Flower","Mummified Hand","Pen Nib","Tiny House","Juzu Bracelet","DollysMirror","Whetstone"],"potions_floor_usage":[31,31,39,39,50,50,50],"damage_taken":[{"damage":18.0,"enemies":"Small Slimes","floor":1.0,"turns":4.0},{"damage":0.0,"enemies":"2 Louse","floor":2.0,"turns":3.0},{"damage":25.0,"enemies":"3 Sentries","floor":6.0,"turns":7.0},{"damage":7.0,"enemies":"Jaw Worm","floor":10.0,"turns":3.0},{"damage":6.0,"enemies":"Looter","floor":11.0,"turns":2.0},{"damage":28.0,"enemies":"Gremlin Nob","floor":14.0,"turns":4.0},{"damage":28.0,"enemies":"The Guardian","floor":16.0,"turns":12.0},{"damage":9,"enemies":"2 Thieves","floor":18,"turns":2},{"damage":14,"enemies":"Shell Parasite","floor":19,"turns":4},{"damage":0,"enemies":"Masked Bandits","floor":21,"turns":2},{"damage":18,"enemies":"3 Cultists","floor":23,"turns":5},{"damage":19,"enemies":"Book of Stabbing","floor":25,"turns":4},{"damage":6,"enemies":"Gremlin Leader","floor":27,"turns":6},{"damage":11,"enemies":"Book of Stabbing","floor":29,"turns":5},{"damage":26,"enemies":"Centurion and Healer","floor":30,"turns":5},{"damage":0,"enemies":"Shelled Parasite and Fungi","floor":31,"turns":3},{"damage":26,"enemies":"Champ","floor":33,"turns":8},{"damage":6,"enemies":"Orb Walker","floor":35,"turns":3},{"damage":7,"enemies":"3 Shapes","floor":39,"turns":9},{"damage":0,"enemies":"Transient","floor":47,"turns":5},{"damage":19,"enemies":"Reptomancer","floor":48,"turns":7},{"damage":67,"enemies":"Donu and Deca","floor":50,"turns":9}],"seed_played":"7399104393810789991","potions_obtained":[{"floor":2.0,"key":"Swift Potion"},{"floor":6.0,"key":"Block Potion"},{"floor":16.0,"key":"Poison Potion"},{"floor":19,"key":"BloodPotion"},{"floor":25,"key":"EssenceOfSteel"},{"floor":29,"key":"Energy Potion"},{"floor":33,"key":"FearPotion"},{"floor":34,"key":"FearPotion"},{"floor":35,"key":"Block Potion"},{"floor":47,"key":"AttackPotion"}],"is_trial":false,"path_per_floor":["M","M","?","?","$","E","?","R","T","M","M","?","R","E","R","B",null,"M","M","?","?","$","M","R","E","T","E","R","E","M","M","R","B",null,"M","?","?","?","M","R","$","R","T","?","R","$","M","E","R","B",null],"character_chosen":"IRONCLAD","items_purchased":["Spot Weakness","Heavy Blade","Lantern","Limit Break","Disarm","DollysMirror"],"campfire_rested":1,"item_purchase_floors":[5,5,22,41,46,46],"current_hp_per_floor":[71,80,69,62,62,46,28,28,28,30,30,30,30,8,35,13,92,92,87,87,96,96,87,87,87,87,87,87,86,66,75,75,55,129,129,129,129,129,133,133,133,133,133,133,133,133,133,124,124,80],"gold":132,"neow_bonus":"ONE_RANDOM_RARE_CARD","is_prod":false,"is_daily":false,"chose_seed":false,"campfire_upgraded":9,"win_rate":0,"timestamp":1543357794,"path_taken":["M","M","?","?","$","E","?","R","T","M","M","?","R","E","R","BOSS","M","M","?","?","$","M","R","E","T","E","R","E","M","M","R","BOSS","M","?","?","?","M","R","$","R","T","?","R","$","M","E","R","BOSS"],"build_version":"2018-11-15","purchased_purges":2,"victory":true,"max_hp_per_floor":[83,86,86,86,86,89,89,89,89,92,92,92,92,92,92,92,92,95,98,98,101,101,104,104,117,117,117,117,121,121,124,124,124,129,129,129,129,129,133,133,133,133,133,133,133,133,133,133,133,133],"card_choices":[{"not_picked":["Evolve","Clash"],"picked":"Thunderclap","floor":1.0},{"not_picked":["Pommel Strike","Headbutt"],"picked":"Anger","floor":2.0},{"not_picked":["Iron Wave","Clothesline"],"picked":"Impervious","floor":6.0},{"not_picked":["Havoc","Searing Blow+1"],"picked":"Twin Strike+1","floor":10.0},{"not_picked":["Sentinel","Combust"],"picked":"Seeing Red","floor":11.0},{"not_picked":["Infernal Blade","Burning Pact"],"picked":"Shrug It Off","floor":14.0},{"not_picked":["Dark Embrace","Feed+1"],"picked":"Offering","floor":16.0},{"not_picked":["Iron Wave+1","Perfected Strike+1"],"picked":"Headbutt+1","floor":18},{"not_picked":["Havoc","Rage"],"picked":"Disarm+1","floor":19},{"not_picked":["Wild Strike+1","Body Slam+1"],"picked":"Intimidate+1","floor":21},{"not_picked":["Thunderclap+1","Wild Strike+1","Ghostly Armor"],"picked":"SKIP","floor":23},{"not_picked":["Wild Strike+1","Spot Weakness"],"picked":"Uppercut+1","floor":25},{"not_picked":["Thunderclap+1","Warcry"],"picked":"Armaments","floor":27},{"not_picked":["Pummel+1","Cleave+1"],"picked":"Whirlwind+1","floor":29},{"not_picked":["Armaments+1","Infernal Blade+1"],"picked":"Rupture","floor":30},{"not_picked":["Armaments","Anger+1"],"picked":"Demon Form","floor":31},{"not_picked":["Double Tap","Berserk"],"picked":"Barricade","floor":33},{"not_picked":["Reckless Charge+1","Sever Soul+1"],"picked":"Dropkick+1","floor":34},{"not_picked":["Iron Wave+1","Sentinel+1"],"picked":"True Grit+1","floor":35},{"not_picked":["Dramatic Entrance+1","Mind Blast+1"],"picked":"Bandage Up","floor":37},{"not_picked":["Havoc","Cleave+1"],"picked":"Metallicize","floor":39},{"not_picked":["Iron Wave+1","Power Through","Dropkick+1"],"picked":"SKIP","floor":47},{"not_picked":["Headbutt+1","True Grit"],"picked":"Clothesline+1","floor":48}],"player_experience":177010,"relics_obtained":[{"floor":6.0,"key":"Bottled Lightning"},{"floor":9.0,"key":"Molten Egg 2"},{"floor":14.0,"key":"Vajra"},{"floor":21,"key":"Red Mask"},{"floor":25,"key":"Pear"},{"floor":26,"key":"Happy Flower"},{"floor":27,"key":"Mummified Hand"},{"floor":29,"key":"Pen Nib"},{"floor":43,"key":"Juzu Bracelet"},{"floor":48,"key":"Whetstone"}],"event_choices":[{"damage_healed":0.0,"max_hp_gain":0.0,"max_hp_loss":0.0,"gold_gain":75.0,"event_name":"World of Goop","player_choice":"Gather Gold","floor":3.0,"gold_loss":0.0,"damage_taken":11.0},{"cards_removed":["Strike_R"],"damage_healed":0.0,"max_hp_gain":0.0,"max_hp_loss":0.0,"gold_gain":0.0,"event_name":"Golden Wing","player_choice":"Card Removal","floor":4.0,"gold_loss":0.0,"damage_taken":7.0},{"damage_healed":0.0,"max_hp_gain":0.0,"max_hp_loss":0.0,"gold_gain":0.0,"event_name":"Shining Light","player_choice":"Entered Light","floor":7.0,"gold_loss":0.0,"damage_taken":18.0,"cards_upgraded":["Defend_R","Thunderclap"]},{"damage_healed":0.0,"max_hp_gain":0.0,"max_hp_loss":0.0,"gold_gain":0.0,"event_name":"Liars Game","player_choice":"Ignored","floor":12.0,"gold_loss":0.0,"damage_taken":0.0},{"damage_healed":0,"gold_gain":0,"player_choice":"Obtained Relic","damage_taken":0,"relics_obtained":["Potion Belt"],"max_hp_gain":0,"max_hp_loss":0,"event_name":"Addict","floor":20,"gold_loss":85},{"damage_healed":0,"gold_gain":0,"player_choice":"Fought Bandits","damage_taken":0,"max_hp_gain":0,"max_hp_loss":0,"event_name":"Masked Bandits","floor":21,"gold_loss":0},{"cards_removed":["Offering"],"damage_healed":0,"gold_gain":0,"player_choice":"Removed Skill","damage_taken":0,"max_hp_gain":0,"max_hp_loss":0,"event_name":"Falling","floor":36,"gold_loss":0},{"damage_healed":0,"gold_gain":0,"player_choice":"Memory 1","damage_taken":0,"max_hp_gain":0,"max_hp_loss":0,"event_name":"SensoryStone","floor":37,"gold_loss":0},{"damage_healed":0,"gold_gain":222,"player_choice":"Wore Mask","damage_taken":0,"max_hp_gain":0,"max_hp_loss":0,"event_name":"Tomb of Lord Red Mask","floor":38,"gold_loss":0},{"cards_removed":["Strike_R"],"damage_healed":0,"gold_gain":0,"player_choice":"Purged","damage_taken":0,"max_hp_gain":0,"max_hp_loss":0,"event_name":"Purifier","floor":44,"gold_loss":0}],"is_beta":false,"boss_relics":[{"not_picked":["Eternal Feather","Fusion Hammer"],"picked":"Cursed Key"},{"not_picked":["Runic Dome","Philosopher\u0027s Stone"],"picked":"Tiny House"}],"items_purged_floors":[5,41],"is_endless":false,"potions_floor_spawned":[2,6,16,19,25,29,33,35,47],"ascension_level":3}