{"gold_per_floor":[115,190,207,207,217,217,217,217,241,255,269,269,282,47,47,121,121,138,152,152,198,214,214,243,243,292,322,322,335,353,370,370,446,446,461,461,475,475,493,493,505,505,505,532,532,532,549,626,626,626],"floor_reached":51,"playtime":1959,"items_purged":["Strike_R"],"score":1592,"play_id":"4a155d00-ff79-428a-8ce8-4dd4ddb61867","local_time":"20190629210735","is_ascension_mode":true,"campfire_choices":[{"data":"Searing Blow","floor":6,"key":"SMITH"},{"data":"Searing Blow+2","floor":8,"key":"SMITH"},{"data":"Searing Blow+4","floor":12,"key":"SMITH"},{"data":"Searing Blow+5","floor":15,"key":"SMITH"},{"data":"Searing Blow+6","floor":23,"key":"SMITH"},{"data":"Searing Blow+7","floor":25,"key":"SMITH"},{"data":"Searing Blow+8","floor":28,"key":"SMITH"},{"data":"Searing Blow+9","floor":32,"key":"SMITH"},{"data":"Searing Blow+10","floor":40,"key":"SMITH"},{"data":"Searing Blow+11","floor":42,"key":"SMITH"},{"data":"Searing Blow+12","floor":45,"key":"SMITH"},{"data":"Searing Blow+13","floor":49,"key":"SMITH"}],"neow_cost":"PERCENT_DAMAGE","seed_source_timestamp":18693831061000,"circlet_count":0,"master_deck":["AscendersBane","Defend_R","Defend_R","Defend_R","Bash+1","Exhume","Searing Blow+14","Ghostly Armor","Headbutt","Impervious","Cleave+1","Infernal Blade+1","Metallicize+1","Shockwave","Reaper","Shrug It Off+1","Offering","Battle Trance"],"relics":["Burning Blood","Whetstone","PreservedInsect","Astrolabe","Smiling Mask","Matryoshka","Regal Pillow","Happy Flower","Incense Burner","Coffee Dripper","Bottled Lightning","Turnip","Ancient Tea Set","Darkstone Periapt"],"potions_floor_usage":[16,16,27],"damage_taken":[{"damage":11,"enemies":"Jaw Worm","floor":1,"turns":5},{"damage":9,"enemies":"2 Louse","floor":3,"turns":4},{"damage":3,"enemies":"Small Slimes","floor":5,"turns":4},{"damage":26,"enemies":"Exordium Thugs","floor":10,"turns":4},{"damage":1,"enemies":"Looter","floor":11,"turns":3},{"damage":22,"enemies":"Large Slime","floor":13,"turns":7},{"damage":0,"enemies":"Slime Boss","floor":16,"turns":2},{"damage":11,"enemies":"2 Thieves","floor":18,"turns":3},{"damage":23,"enemies":"3 Byrds","floor":19,"turns":4},{"damage":14,"enemies":"Snake Plant","floor":22,"turns":2},{"damage":18,"enemies":"Gremlin Leader","floor":24,"turns":2},{"damage":20,"enemies":"Slavers","floor":27,"turns":5},{"damage":16,"enemies":"Cultist and Chosen","floor":29,"turns":5},{"damage":0,"enemies":"Snecko","floor":30,"turns":2},{"damage":3,"enemies":"Centurion and Healer","floor":31,"turns":3},{"damage":38,"enemies":"Automaton","floor":33,"turns":10},{"damage":36,"enemies":"3 Darklings","floor":35,"turns":5},{"damage":0,"enemies":"3 Shapes","floor":37,"turns":4},{"damage":7,"enemies":"Maw","floor":39,"turns":4},{"damage":0,"enemies":"Sphere and 2 Shapes","floor":41,"turns":2},{"damage":0,"enemies":"Reptomancer","floor":44,"turns":1},{"damage":5,"enemies":"Spire Growth","floor":47,"turns":3},{"damage":68,"enemies":"Time Eater","floor":50,"turns":9}],"seed_played":"-2414293434589676788","potions_obtained":[{"floor":1,"key":"Ancient Potion"},{"floor":3,"key":"Swift Potion"},{"floor":13,"key":"SneckoOil"},{"floor":22,"key":"BloodPotion"},{"floor":24,"key":"LiquidBronze"},{"floor":27,"key":"Block Potion"}],"is_trial":false,"path_per_floor":["M","?","M","?","M","R","?","R","T","M","M","R","M","$","R","B",null,"M","M","?","T","M","R","E","R","T","E","R","M","M","M","R","B",null,"M","?","M","?","M","R","M","R","T","E","R","?","M","T","R","B",null],"character_chosen":"IRONCLAD","items_purchased":["PreservedInsect"],"campfire_rested":0,"item_purchase_floors":[14],"current_hp_per_floor":[45,34,31,36,39,39,39,39,39,19,24,24,8,8,8,14,64,59,42,58,58,50,50,38,38,38,32,32,30,42,45,45,25,66,48,48,59,59,58,58,64,64,64,70,70,70,71,71,71,13],"gold":626,"neow_bonus":"TRANSFORM_TWO_CARDS","is_prod":false,"is_daily":false,"chose_seed":false,"campfire_upgraded":12,"win_rate":0,"timestamp":1561835255,"path_taken":["M","?","M","?","M","R","?","R","T","?","M","R","M","$","R","BOSS","M","M","?","?","M","R","E","R","T","E","R","M","M","M","R","BOSS","M","?","?","?","?","R","M","R","T","E","R","?","M","?","R","BOSS"],"build_version":"2019-01-23","purchased_purges":1,"victory":true,"max_hp_per_floor":[75,75,75,80,80,80,80,80,80,80,80,80,80,80,80,80,80,80,80,80,80,80,80,80,80,80,80,80,80,80,80,80,80,80,80,80,80,80,80,80,80,80,80,80,80,76,76,76,76,76],"card_choices":[{"not_picked":["Dropkick","Metallicize"],"picked":"Ghostly Armor","floor":1},{"not_picked":["Body Slam","Cleave"],"picked":"Headbutt","floor":3},{"not_picked":["Dual Wield","Clothesline","Rampage"],"picked":"SKIP","floor":5},{"not_picked":["Twin Strike","Sword Boomerang","Havoc"],"picked":"SKIP","floor":10},{"not_picked":["Flex","Heavy Blade","Rage"],"picked":"SKIP","floor":11},{"not_picked":["Clothesline","Body Slam","Cleave"],"picked":"SKIP","floor":13},{"not_picked":["Berserk","Brutality"],"picked":"Impervious","floor":16},{"not_picked":["Shockwave","Warcry"],"picked":"Metallicize+1","floor":18},{"not_picked":["Burning Pact","Perfected Strike"],"picked":"Shockwave","floor":19},{"not_picked":["Cleave","Anger","Uppercut"],"picked":"SKIP","floor":22},{"not_picked":["Carnage","Feel No Pain","Clash"],"picked":"SKIP","floor":24},{"not_picked":["Hemokinesis","Armaments+1"],"picked":"Reaper","floor":27},{"not_picked":["Iron Wave","Heavy Blade","Combust"],"picked":"SKIP","floor":29},{"not_picked":["Sentinel","Flex"],"picked":"Shrug It Off+1","floor":30},{"not_picked":["Dropkick","Blood for Blood","Seeing Red"],"picked":"SKIP","floor":31},{"not_picked":["Immolate","Barricade"],"picked":"Offering","floor":33},{"not_picked":["Clothesline","Bloodletting+1","Pummel"],"picked":"SKIP","floor":35},{"not_picked":["Heavy Blade","Body Slam","Armaments"],"picked":"SKIP","floor":37},{"not_picked":["Anger","Hemokinesis","Twin Strike+1"],"picked":"SKIP","floor":39},{"not_picked":["Pummel+1","Shockwave"],"picked":"Battle Trance","floor":41},{"not_picked":["Corruption","Infernal Blade+1","Dropkick"],"picked":"SKIP","floor":44},{"not_picked":["Whirlwind","Limit Break","Dropkick"],"picked":"SKIP","floor":47}],"player_experience":791603,"relics_obtained":[{"floor":9,"key":"Whetstone"},{"floor":21,"key":"Smiling Mask"},{"floor":24,"key":"Matryoshka"},{"floor":26,"key":"Regal Pillow"},{"floor":26,"key":"Happy Flower"},{"floor":27,"key":"Incense Burner"},{"floor":43,"key":"Bottled Lightning"},{"floor":43,"key":"Turnip"},{"floor":44,"key":"Ancient Tea Set"},{"floor":48,"key":"Darkstone Periapt"}],"event_choices":[{"damage_healed":0,"gold_gain":75,"player_choice":"Gather Gold","damage_taken":11,"max_hp_gain":0,"max_hp_loss":0,"event_name":"World of Goop","floor":2,"gold_loss":0},{"damage_healed":0,"gold_gain":0,"player_choice":"Donut","damage_taken":0,"max_hp_gain":5,"max_hp_loss":0,"event_name":"Big Fish","floor":4,"gold_loss":0},{"damage_healed":0,"gold_gain":0,"player_choice":"Forge","damage_taken":0,"max_hp_gain":0,"max_hp_loss":0,"event_name":"Accursed Blacksmith","floor":7,"gold_loss":0,"cards_upgraded":["Searing Blow"]},{"damage_healed":16,"gold_gain":0,"player_choice":"Heal","damage_taken":0,"max_hp_gain":0,"max_hp_loss":0,"event_name":"The Library","floor":20,"gold_loss":0},{"cards_removed":["Rampage"],"damage_healed":0,"gold_gain":0,"player_choice":"Purged","damage_taken":0,"max_hp_gain":0,"max_hp_loss":0,"event_name":"Purifier","floor":36,"gold_loss":0},{"damage_healed":0,"gold_gain":0,"player_choice":"Ignored","damage_taken":0,"max_hp_gain":0,"max_hp_loss":0,"event_name":"SecretPortal","floor":38,"gold_loss":0},{"damage_healed":0,"gold_gain":0,"player_choice":"Max HP","damage_taken":0,"max_hp_gain":0,"max_hp_loss":4,"event_name":"Winding Halls","floor":46,"gold_loss":0}],"is_beta":false,"boss_relics":[{"not_picked":["Orrery","Sozu"],"picked":"Astrolabe"},{"not_picked":["Velvet Choker","Black Star"],"picked":"Coffee Dripper"}],"items_purged_floors":[14],"is_endless":false,"potions_floor_spawned":[1,3,13,22,24,27,37],"ascension_level":18}