{"gold_per_floor":[215,50,50,64,28,28,42,42,69,69,69,117,128,140,140,211,211,221,195,195,195],"floor_reached":21,"playtime":785,"items_purged":[],"score":338,"play_id":"aadf27ed-5288-4538-9f6d-42de66e8e1f7","local_time":"20190629112047","is_ascension_mode":true,"campfire_choices":[{"data":"Poisoned Stab","floor":6.0,"key":"SMITH"},{"data":"Bouncing Flask","floor":8.0,"key":"SMITH"},{"data":"Neutralize","floor":11.0,"key":"SMITH"},{"data":"Malaise","floor":15,"key":"SMITH"}],"neow_cost":"NONE","seed_source_timestamp":828526764384200,"circlet_count":0,"master_deck":["AscendersBane","Defend_G","Defend_G","Defend_G","Defend_G","Strike_G","Survivor","Neutralize+1","Deflect","Poisoned Stab+1","Masterful Stab","Bouncing Flask+1","Malaise+1","Adrenaline","Outmaneuver+1","Dagger Throw+1","Deflect+1","Bane","Choke","Deadly Poison"],"special_seed":0,"relics":["Ring of the Snake","Omamori","Juzu Bracelet","Vajra","Astrolabe"],"potions_floor_usage":[14,18,19,21],"damage_taken":[{"damage":0.0,"enemies":"Small Slimes","floor":1.0,"turns":5.0},{"damage":1.0,"enemies":"Cultist","floor":4.0,"turns":4.0},{"damage":2.0,"enemies":"Jaw Worm","floor":7.0,"turns":3.0},{"damage":8,"enemies":"Blue Slaver","floor":13,"turns":3},{"damage":11,"enemies":"Gremlin Gang","floor":14,"turns":4},{"damage":15,"enemies":"The Guardian","floor":16,"turns":9},{"damage":2,"enemies":"Spheric Guardian","floor":18,"turns":3},{"damage":6,"enemies":"2 Thieves","floor":19,"turns":4},{"damage":50,"enemies":"3 Cultists","floor":21,"turns":4}],"seed_played":"-4803073719508408967","potions_obtained":[{"floor":3.0,"key":"LiquidBronze"},{"floor":3.0,"key":"Weak Potion"},{"floor":4.0,"key":"EntropicBrew"},{"floor":16,"key":"Poison Potion"},{"floor":18,"key":"GhostInAJar"},{"floor":19,"key":"AttackPotion"}],"is_trial":false,"path_per_floor":["M","$","?","M","$","R","M","R","T","?","R","T","M","M","R","B",null,"M","M","?","M"],"character_chosen":"THE_SILENT","items_purchased":["Omamori","Masterful Stab"],"campfire_rested":0,"item_purchase_floors":[2,5],"current_hp_per_floor":[59,59,59,58,58,58,56,56,56,56,56,56,48,37,37,22,55,53,47,47,0],"gold":195,"neow_bonus":"HUNDRED_GOLD","is_prod":false,"is_daily":false,"chose_seed":false,"campfire_upgraded":4,"win_rate":0,"timestamp":1561774847,"path_taken":["M","$","?","M","?","R","M","R","T","?","R","?","M","M","R","BOSS","M","M","?","M"],"build_version":"2019-01-23","purchased_purges":0,"victory":false,"max_hp_per_floor":[66,66,66,66,66,66,66,66,66,66,66,66,66,66,66,66,66,66,66,66,66],"card_choices":[{"not_picked":["Backflip","Catalyst"],"picked":"Deflect","floor":1.0},{"not_picked":["Backflip","Blade Dance"],"picked":"Poisoned Stab","floor":4.0},{"not_picked":["Quick Slash","Dodge and Roll"],"picked":"Bouncing Flask","floor":7.0},{"not_picked":["Outmaneuver","Poisoned Stab"],"picked":"Malaise","floor":13},{"not_picked":["Outmaneuver","Infinite Blades","Deflect"],"picked":"SKIP","floor":14},{"not_picked":["Envenom","Burst"],"picked":"Adrenaline","floor":16},{"not_picked":["Finisher","Dagger Spray","Underhanded Strike"],"picked":"SKIP","floor":18},{"not_picked":["Sucker Punch","Deflect"],"picked":"Bane","floor":19}],"player_experience":1045322,"relics_obtained":[{"floor":9.0,"key":"Juzu Bracelet"},{"floor":12.0,"key":"Vajra"}],"event_choices":[{"damage_healed":0.0,"max_hp_gain":0.0,"max_hp_loss":0.0,"gold_gain":0.0,"event_name":"Lab","player_choice":"Got Potions","floor":3.0,"gold_loss":0.0,"damage_taken":0.0},{"damage_healed":0.0,"max_hp_gain":0.0,"max_hp_loss":0.0,"gold_gain":0.0,"event_name":"The Cleric","player_choice":"Leave","floor":10.0,"gold_loss":0.0,"damage_taken":0.0},{"damage_healed":0,"gold_gain":0,"cards_transformed":["Strike_G","Defend_G"],"player_choice":"Became Test Subject","damage_taken":0,"max_hp_gain":0,"max_hp_loss":0,"event_name":"Drug Dealer","floor":20,"gold_loss":0,"cards_obtained":["Choke","Deadly Poison"]}],"is_beta":false,"boss_relics":[{"not_picked":["Orrery","Velvet Choker"],"picked":"Astrolabe"}],"items_purged_floors":[],"is_endless":false,"potions_floor_spawned":[4,16,18,19],"killed_by":"3 Cultists","ascension_level":20}