{"gold_per_floor":[114,129,144,171,198,240,252,279,291,333,345,372,399,426,438,550,562,589,616,643,670,697,709,32,47,122,137,83,98,128,143,143,243,243,258,273,288,303,318,348,348,363,388,418,433,433,463,77,77,77],"floor_reached":51,"playtime":4421,"items_purged":[],"score":985,"play_id":"cf2f7888-ee19-44d6-b92a-4ad1a8a3b2b5","local_time":"20190419104111","daily_mods":["SealedDeck","Vintage","Lethality"],"is_ascension_mode":false,"campfire_choices":[{"data":"Coolheaded","floor":7,"key":"SMITH"},{"data":"FTL","floor":15,"key":"SMITH"},{"data":"Sweeping Beam","floor":23,"key":"SMITH"},{"data":"Reboot","floor":32,"key":"SMITH"},{"data":"Gash","floor":41,"key":"SMITH"},{"data":"Ball Lightning","floor":49,"key":"SMITH"}],"neow_cost":"","seed_source_timestamp":0,"circlet_count":0,"master_deck":["Steam+1","Compile Driver","Coolheaded+1","Conserve Battery","Go for the Eyes+1","Gash+1","Melter","Ball Lightning+1","Conserve Battery+1","Sweeping Beam+1","Gash+1","FTL+1","Reboot+1","Dramatic Entrance","Coolheaded+1","Beam Cell+1","Machine Learning","Hologram+1","Go for the Eyes+1","Compile Driver+1","Go for the Eyes+1","Trip+1"],"special_seed":18005,"relics":["Cracked Core","Potion Belt","Blue Candle","MawBank","PreservedInsect","Happy Flower","Boot","Question Card","Gremlin Horn","Pen Nib","Blood Vial","Shuriken","Regal Pillow","Unceasing Top","White Beast Statue","Pantograph","Bag of Preparation","Bottled Flame","Anchor","Whetstone","Lantern","OrangePellets","Toxic Egg 2","Letter Opener","Matryoshka","Art of War","Meat on the Bone","Darkstone Periapt","Omamori","Philosopher\u0027s Stone","Orichalcum","Ancient Tea Set","Juzu Bracelet","War Paint","Vajra","Torii","Molten Egg 2","Oddly Smooth Stone","Bag of Marbles","Dodecahedron","Bottled Lightning","DataDisk","Kunai"],"potions_floor_usage":[10,16,16,16,21,22,25,27,30,33,39,50,50,50,50,50],"damage_taken":[{"damage":1,"enemies":"Jaw Worm","floor":1,"turns":2},{"damage":0,"enemies":"Small Slimes","floor":2,"turns":2},{"damage":0,"enemies":"Cultist","floor":3,"turns":2},{"damage":0,"enemies":"2 Fungi Beasts","floor":4,"turns":2},{"damage":0,"enemies":"Blue Slaver","floor":5,"turns":2},{"damage":0,"enemies":"Gremlin Nob","floor":6,"turns":2},{"damage":0,"enemies":"Lots of Slimes","floor":8,"turns":1},{"damage":5,"enemies":"3 Sentries","floor":10,"turns":2},{"damage":0,"enemies":"2 Fungi Beasts","floor":12,"turns":1},{"damage":0,"enemies":"Exordium Thugs","floor":13,"turns":1},{"damage":0,"enemies":"3 Louse","floor":14,"turns":1},{"damage":22,"enemies":"Hexaghost","floor":16,"turns":4},{"damage":0,"enemies":"3 Byrds","floor":18,"turns":2},{"damage":0,"enemies":"Spheric Guardian","floor":19,"turns":1},{"damage":0,"enemies":"Snecko","floor":20,"turns":2},{"damage":0,"enemies":"Shelled Parasite and Fungi","floor":21,"turns":1},{"damage":0,"enemies":"3 Cultists","floor":22,"turns":2},{"damage":0,"enemies":"Snake Plant","floor":25,"turns":2},{"damage":0,"enemies":"Snecko","floor":27,"turns":1},{"damage":0,"enemies":"3 Cultists","floor":29,"turns":1},{"damage":0,"enemies":"Gremlin Leader","floor":30,"turns":1},{"damage":0,"enemies":"Shelled Parasite and Fungi","floor":31,"turns":1},{"damage":1,"enemies":"Champ","floor":33,"turns":4},{"damage":0,"enemies":"3 Darklings","floor":35,"turns":1},{"damage":0,"enemies":"3 Shapes","floor":36,"turns":1},{"damage":0,"enemies":"Writhing Mass","floor":37,"turns":2},{"damage":0,"enemies":"3 Darklings","floor":38,"turns":1},{"damage":0,"enemies":"Transient","floor":39,"turns":5},{"damage":0,"enemies":"Reptomancer","floor":40,"turns":1},{"damage":0,"enemies":"Maw","floor":42,"turns":2},{"damage":0,"enemies":"Nemesis","floor":44,"turns":2},{"damage":0,"enemies":"3 Darklings","floor":45,"turns":1},{"damage":0,"enemies":"Reptomancer","floor":47,"turns":1},{"damage":0,"enemies":"Time Eater","floor":50,"turns":3}],"seed_played":"4326965394540901003","potions_obtained":[{"floor":4,"key":"PowerPotion"},{"floor":5,"key":"SpeedPotion"},{"floor":8,"key":"LiquidBronze"},{"floor":10,"key":"SpeedPotion"},{"floor":12,"key":"Ancient Potion"},{"floor":14,"key":"SpeedPotion"},{"floor":18,"key":"Regen Potion"},{"floor":19,"key":"EssenceOfSteel"},{"floor":20,"key":"SkillPotion"},{"floor":21,"key":"Strength Potion"},{"floor":22,"key":"AttackPotion"},{"floor":25,"key":"Regen Potion"},{"floor":27,"key":"GamblersBrew"},{"floor":29,"key":"PowerPotion"},{"floor":30,"key":"Ancient Potion"},{"floor":31,"key":"SkillPotion"},{"floor":33,"key":"LiquidBronze"},{"floor":36,"key":"AttackPotion"},{"floor":37,"key":"Strength Potion"},{"floor":39,"key":"SteroidPotion"},{"floor":44,"key":"Strength Potion"},{"floor":45,"key":"SkillPotion"}],"is_trial":false,"path_per_floor":["M","M","M","M","M","E","R","M","T","E","?","M","M","M","R","B",null,"M","M","M","M","M","R","$","M","T","M","$","M","E","M","R","B",null,"M","M","M","M","M","E","R","M","T","E","M","?","E","$","R","B",null],"character_chosen":"DEFECT","items_purchased":["Lantern","Dramatic Entrance","OrangePellets","Toxic Egg 2","Coolheaded+1","Kunai","Go for the Eyes+1","Trip+1"],"campfire_rested":0,"item_purchase_floors":[24,24,24,24,28,48,48,48],"current_hp_per_floor":[74,74,74,74,74,74,74,74,74,69,51,53,55,57,57,37,75,75,75,75,75,75,75,75,75,75,75,75,75,75,75,75,74,75,75,75,75,75,75,75,75,75,75,75,75,75,75,75,75,75],"gold":77,"neow_bonus":"","is_prod":false,"is_daily":true,"chose_seed":false,"campfire_upgraded":6,"win_rate":0,"timestamp":1555666871,"path_taken":["M","M","M","M","M","E","R","M","T","E","?","M","M","M","R","BOSS","M","M","M","M","M","R","$","M","T","M","$","M","E","M","R","BOSS","M","M","M","M","M","E","R","M","T","E","M","?","E","$","R","BOSS"],"build_version":"2019-01-23","purchased_purges":0,"victory":true,"max_hp_per_floor":[75,75,75,75,75,75,75,75,75,75,75,75,75,75,75,75,75,75,75,75,75,75,75,75,75,75,75,75,75,75,75,75,75,75,75,75,75,75,75,75,75,75,75,75,75,75,75,75,75,75],"card_choices":[{"not_picked":["Reprogram","Steam"],"picked":"Gash","floor":6},{"not_picked":["Steam","Storm","Double Energy"],"picked":"FTL","floor":10},{"not_picked":["Electrodynamics","Echo Form","Biased Cognition"],"picked":"Reboot","floor":16},{"not_picked":["Skim+1","Steam+1","Undo+1"],"picked":"Beam Cell+1","floor":30},{"not_picked":["Thunder Strike","Biased Cognition","Amplify+1"],"picked":"Machine Learning","floor":33},{"not_picked":["Tempest+1","Conserve Battery+1","Consume+1"],"picked":"Hologram+1","floor":40},{"not_picked":["Electrodynamics","Lockon+1","Skim+1"],"picked":"Go for the Eyes+1","floor":44},{"not_picked":["Stack+1","Streamline+1","Tempest+1"],"picked":"Compile Driver+1","floor":47}],"player_experience":612421,"relics_obtained":[{"floor":1,"key":"Potion Belt"},{"floor":2,"key":"Blue Candle"},{"floor":3,"key":"MawBank"},{"floor":4,"key":"PreservedInsect"},{"floor":5,"key":"Happy Flower"},{"floor":6,"key":"Boot"},{"floor":8,"key":"Question Card"},{"floor":9,"key":"Gremlin Horn"},{"floor":10,"key":"Pen Nib"},{"floor":12,"key":"Shuriken"},{"floor":13,"key":"Regal Pillow"},{"floor":14,"key":"Unceasing Top"},{"floor":18,"key":"Pantograph"},{"floor":19,"key":"Bag of Preparation"},{"floor":20,"key":"Bottled Flame"},{"floor":21,"key":"Anchor"},{"floor":22,"key":"Whetstone"},{"floor":25,"key":"Letter Opener"},{"floor":26,"key":"Matryoshka"},{"floor":27,"key":"Art of War"},{"floor":29,"key":"Meat on the Bone"},{"floor":30,"key":"Darkstone Periapt"},{"floor":31,"key":"Omamori"},{"floor":35,"key":"Orichalcum"},{"floor":36,"key":"Ancient Tea Set"},{"floor":37,"key":"Juzu Bracelet"},{"floor":38,"key":"War Paint"},{"floor":39,"key":"Vajra"},{"floor":40,"key":"Torii"},{"floor":42,"key":"Molten Egg 2"},{"floor":43,"key":"Oddly Smooth Stone"},{"floor":43,"key":"Bag of Marbles"},{"floor":44,"key":"Dodecahedron"},{"floor":45,"key":"Bottled Lightning"},{"floor":47,"key":"DataDisk"}],"event_choices":[{"damage_healed":0,"gold_gain":0,"player_choice":"Success","damage_taken":18,"relics_obtained":["Blood Vial"],"max_hp_gain":0,"max_hp_loss":0,"event_name":"Scrap Ooze","floor":11,"gold_loss":0},{"damage_healed":0,"gold_gain":0,"player_choice":"Ignored","damage_taken":0,"max_hp_gain":0,"max_hp_loss":0,"event_name":"Tomb of Lord Red Mask","floor":46,"gold_loss":0}],"is_beta":false,"boss_relics":[{"not_picked":["Eternal Feather","Inserter"],"picked":"White Beast Statue"},{"not_picked":["Nuclear Battery","Orrery"],"picked":"Philosopher\u0027s Stone"}],"items_purged_floors":[],"is_endless":false,"potions_floor_spawned":[4,5,8,10,12,14,18,19,20,21,22,25,27,29,30,31,33,35,36,37,38,39,40,42,44,45,47],"ascension_level":0}