{"gold_per_floor":[114,114,139,154,169,229,244,259,284,299,329,344,374,389,389,489,539,554,554,569,569,569,599,614,644,644,659,689,704,704,135,135,235,235,250,250,0,15,47,47,97,127,152,152,37,67,82,97,97,97],"floor_reached":51,"playtime":5162,"items_purged":[],"score":1114,"play_id":"1ff64816-7546-449b-a165-b174283e4686","local_time":"20190326093511","daily_mods":["Cursed Run","Diverse","Night Terrors"],"is_ascension_mode":false,"campfire_choices":[{"data":"Self Repair","floor":15,"key":"SMITH"},{"data":"Mind Blast","floor":32,"key":"SMITH"},{"data":"Exhume","floor":40,"key":"SMITH"},{"data":"Mind Blast","floor":44,"key":"SMITH"},{"data":"Rampage","floor":49,"key":"SMITH"}],"neow_cost":"","seed_source_timestamp":0,"circlet_count":0,"master_deck":["Strike_R+1","Strike_R+1","Strike_R+1","Strike_R+1","Strike_R+1","Defend_R+1","Defend_R+1","Defend_R+1","Bash","Rampage+1","Clumsy","Pommel Strike","Dagger Spray","Wild Strike","Hologram+1","Self Repair+1","Regret","Hologram","Endless Agony","Auto Shields+1","Cleave","Sweeping Beam","Injury","Machine Learning","Go for the Eyes","Blur+1","Flying Knee","Writhe","Reckless Charge","Rampage","Exhume+1","Regret","Doom and Gloom","Seek","Headbutt","Injury","Mind Blast+1","Slice","Mind Blast+1","Clumsy","Storm of Steel","Iron Wave+1","Shame","Hologram+1","Gash+1","Normality","Backstab+1","Injury","Escape Plan","Static Discharge","Loop","Sword Boomerang+1","Backflip","Doubt"],"special_seed":17981,"relics":["Cursed Key","Darkstone Periapt","Du-Vu Doll","Oddly Smooth Stone","Tiny Chest","PreservedInsect","Dream Catcher","Bottled Tornado","Tiny House","Bag of Preparation","Dodecahedron","Self Forming Clay","Bottled Lightning","Lantern","Bag of Marbles","Paper Frog","DollysMirror","Black Star","Ancient Tea Set","Red Mask","Dead Branch","War Paint","Strawberry","Happy Flower","Art of War","Vajra","Shuriken"],"potions_floor_usage":[6,6,13,16,16,23,23,27,39,50,50],"damage_taken":[{"damage":2,"enemies":"2 Louse","floor":1,"turns":2},{"damage":0,"enemies":"Jaw Worm","floor":4,"turns":2},{"damage":0,"enemies":"Cultist","floor":5,"turns":2},{"damage":18,"enemies":"Lagavulin","floor":6,"turns":4},{"damage":10,"enemies":"Large Slime","floor":7,"turns":3},{"damage":0,"enemies":"2 Fungi Beasts","floor":8,"turns":2},{"damage":3,"enemies":"Blue Slaver","floor":10,"turns":2},{"damage":0,"enemies":"Gremlin Nob","floor":11,"turns":2},{"damage":0,"enemies":"Red Slaver","floor":12,"turns":1},{"damage":5,"enemies":"Lagavulin","floor":13,"turns":4},{"damage":0,"enemies":"2 Fungi Beasts","floor":14,"turns":2},{"damage":28,"enemies":"Hexaghost","floor":16,"turns":8},{"damage":9,"enemies":"Shell Parasite","floor":18,"turns":3},{"damage":1,"enemies":"Spheric Guardian","floor":20,"turns":3},{"damage":0,"enemies":"Gremlin Leader","floor":23,"turns":3},{"damage":0,"enemies":"Snecko","floor":24,"turns":3},{"damage":12,"enemies":"Book of Stabbing","floor":25,"turns":3},{"damage":4,"enemies":"Cultist and Chosen","floor":27,"turns":4},{"damage":0,"enemies":"Gremlin Leader","floor":28,"turns":4},{"damage":2,"enemies":"Sentry and Sphere","floor":29,"turns":3},{"damage":58,"enemies":"Champ","floor":33,"turns":6},{"damage":0,"enemies":"3 Shapes","floor":35,"turns":2},{"damage":0,"enemies":"3 Darklings","floor":38,"turns":2},{"damage":0,"enemies":"2 Orb Walkers","floor":39,"turns":2},{"damage":0,"enemies":"Reptomancer","floor":42,"turns":1},{"damage":0,"enemies":"Nemesis","floor":46,"turns":1},{"damage":3,"enemies":"4 Shapes","floor":47,"turns":1},{"damage":0,"enemies":"Jaw Worm Horde","floor":48,"turns":1},{"damage":42,"enemies":"Donu and Deca","floor":50,"turns":4}],"seed_played":"-7145575593227264435","potions_obtained":[{"floor":1,"key":"SkillPotion"},{"floor":5,"key":"Fire Potion"},{"floor":6,"key":"Dexterity Potion"},{"floor":11,"key":"SkillPotion"},{"floor":12,"key":"SkillPotion"},{"floor":16,"key":"EssenceOfSteel"},{"floor":17,"key":"EssenceOfSteel"},{"floor":23,"key":"SteroidPotion"},{"floor":24,"key":"Swift Potion"},{"floor":33,"key":"Explosive Potion"},{"floor":35,"key":"Fire Potion"},{"floor":39,"key":"Strength Potion"}],"is_trial":false,"path_per_floor":["M","?","T","M","M","E","M","M","T","M","E","M","E","M","R","B",null,"M","?","M","?","?","E","M","E","T","M","E","M","T","$","R","B",null,"M","T","?","M","?","R","T","E","T","R","$","E","M","M","R","B",null],"character_chosen":"IRONCLAD","items_purchased":["Paper Frog","Mind Blast","Slice","DollysMirror","Escape Plan","Static Discharge"],"campfire_rested":0,"item_purchase_floors":[31,31,31,31,45,45],"current_hp_per_floor":[78,62,68,68,68,50,40,40,46,50,50,50,52,59,59,47,103,103,103,103,109,109,109,109,107,113,115,115,115,121,121,121,79,127,127,133,133,133,133,133,139,146,152,152,152,152,152,152,152,126],"gold":97,"neow_bonus":"","is_prod":false,"is_daily":true,"chose_seed":false,"campfire_upgraded":5,"win_rate":0,"timestamp":1553592911,"path_taken":["M","?","?","M","M","E","M","?","T","M","E","M","E","M","R","BOSS","M","?","?","?","?","E","M","E","T","M","E","M","?","?","R","BOSS","M","?","?","M","?","R","?","E","T","R","?","E","M","M","R","BOSS"],"build_version":"2019-01-23","purchased_purges":0,"victory":true,"max_hp_per_floor":[80,80,86,86,86,86,86,86,92,92,92,92,92,92,92,98,103,103,103,103,109,109,109,109,109,115,115,115,115,121,121,121,127,127,127,133,133,133,133,133,139,146,152,152,152,152,152,152,152,158],"card_choices":[{"not_picked":["Recycle","Compile Driver"],"picked":"Rampage","floor":1},{"not_picked":["Tempest","Anger"],"picked":"Pommel Strike","floor":4},{"not_picked":["Storm","Quick Slash"],"picked":"Dagger Spray","floor":5},{"not_picked":["Hologram","Sentinel"],"picked":"Wild Strike","floor":6},{"not_picked":["Malaise","Clothesline"],"picked":"Hologram","floor":7},{"not_picked":["Noxious Fumes","Flying Knee"],"picked":"Self Repair","floor":8},{"not_picked":["Stack","Bloodletting"],"picked":"Hologram","floor":10},{"not_picked":["Defragment","Burning Pact"],"picked":"Endless Agony","floor":11},{"not_picked":["Underhanded Strike","Perfected Strike"],"picked":"Auto Shields","floor":12},{"not_picked":["Rip and Tear","Chill"],"picked":"Cleave","floor":13},{"not_picked":["Warcry","Armaments"],"picked":"Sweeping Beam","floor":14},{"not_picked":["Seek","Bludgeon"],"picked":"Machine Learning","floor":16},{"not_picked":["True Grit","Poisoned Stab"],"picked":"Go for the Eyes","floor":17},{"not_picked":["Evolve","Shrug It Off+1"],"picked":"Blur+1","floor":18},{"not_picked":["Blade Dance","Bane"],"picked":"Flying Knee","floor":20},{"not_picked":["Go for the Eyes","PiercingWail"],"picked":"Reckless Charge","floor":23},{"not_picked":["Steam+1","Leap"],"picked":"Rampage","floor":24},{"not_picked":["Underhanded Strike+1","Evolve"],"picked":"Exhume","floor":25},{"not_picked":["Cloak And Dagger+1","Sucker Punch"],"picked":"Doom and Gloom","floor":27},{"not_picked":["Skim","Uppercut"],"picked":"Seek","floor":28},{"not_picked":["Turbo+1","Aggregate+1"],"picked":"Headbutt","floor":29},{"not_picked":["Brutality","Rainbow"],"picked":"Storm of Steel","floor":33},{"not_picked":["Force Field+1","Outmaneuver+1"],"picked":"Iron Wave+1","floor":35},{"not_picked":["Perfected Strike","PiercingWail+1"],"picked":"Hologram+1","floor":38},{"not_picked":["Ball Lightning+1","Leg Sweep+1"],"picked":"Gash+1","floor":39},{"not_picked":["Spot Weakness+1","Battle Trance+1"],"picked":"Backstab+1","floor":42},{"not_picked":["Leap+1","Blood for Blood"],"picked":"Loop","floor":46},{"not_picked":["Shrug It Off","Setup"],"picked":"Sword Boomerang+1","floor":47},{"not_picked":["Bane+1","Flame Barrier"],"picked":"Backflip","floor":48}],"player_experience":383579,"relics_obtained":[{"floor":3,"key":"Oddly Smooth Stone"},{"floor":6,"key":"Tiny Chest"},{"floor":9,"key":"PreservedInsect"},{"floor":11,"key":"Dream Catcher"},{"floor":13,"key":"Bottled Tornado"},{"floor":23,"key":"Dodecahedron"},{"floor":25,"key":"Self Forming Clay"},{"floor":26,"key":"Bottled Lightning"},{"floor":28,"key":"Lantern"},{"floor":30,"key":"Bag of Marbles"},{"floor":36,"key":"Ancient Tea Set"},{"floor":39,"key":"Dead Branch"},{"floor":41,"key":"War Paint"},{"floor":42,"key":"Strawberry"},{"floor":42,"key":"Happy Flower"},{"floor":43,"key":"Art of War"},{"floor":46,"key":"Vajra"},{"floor":46,"key":"Shuriken"}],"event_choices":[{"damage_healed":0,"gold_gain":0,"player_choice":"Entered Light","damage_taken":16,"max_hp_gain":0,"max_hp_loss":0,"event_name":"Shining Light","floor":2,"gold_loss":0,"cards_upgraded":["Defend_R","Strike_R"]},{"cards_removed":["Defend_R"],"damage_healed":0,"gold_gain":0,"player_choice":"Offered Basic","damage_taken":0,"max_hp_gain":0,"max_hp_loss":0,"event_name":"Bonfire Elementals","floor":19,"gold_loss":0},{"damage_healed":0,"gold_gain":0,"player_choice":"Opened","damage_taken":0,"relics_obtained":["Bag of Preparation"],"max_hp_gain":0,"max_hp_loss":0,"event_name":"The Mausoleum","floor":21,"gold_loss":0,"cards_obtained":["Writhe"]},{"damage_healed":0,"gold_gain":0,"player_choice":"Simplicity","damage_taken":0,"max_hp_gain":0,"max_hp_loss":0,"event_name":"Back to Basics","floor":22,"gold_loss":0,"cards_upgraded":["Strike_R","Strike_R","Strike_R","Strike_R","Defend_R"]},{"damage_healed":0,"gold_gain":0,"player_choice":"Paid","damage_taken":0,"relics_obtained":["Red Mask"],"max_hp_gain":0,"max_hp_loss":0,"event_name":"Tomb of Lord Red Mask","floor":37,"gold_loss":250},{"damage_healed":0,"gold_gain":0,"player_choice":"Fight","damage_taken":0,"max_hp_gain":0,"max_hp_loss":0,"event_name":"Mysterious Sphere","floor":39,"gold_loss":0}],"is_beta":false,"boss_relics":[{"not_picked":["Empty Cage","Eternal Feather"],"picked":"Tiny House"},{"not_picked":["White Beast Statue","Runic Cube"],"picked":"Black Star"}],"items_purged_floors":[],"is_endless":false,"potions_floor_spawned":[1,5,6,11,12,16,23,24,33,35,39,46,48],"ascension_level":0}