{"gold_per_floor":[110,129,140,140,159,159,112,140,163,176,176,206,206,224,224,324,324,340,340,114,165,175,191,222,242,324,324,13,26,53,73,73,172,172,183,283,294,308,325,351,351,380,406,424,424,424,109,134,134,134],"floor_reached":50,"playtime":22620,"items_purged":["Rupture"],"score":818,"play_id":"04dd869e-268f-43aa-ba1a-a95461b69304","local_time":"20190618152823","is_ascension_mode":true,"campfire_choices":[{"data":"Flame Barrier","floor":6,"key":"SMITH"},{"data":"Battle Trance","floor":11,"key":"SMITH"},{"data":"Spot Weakness","floor":15,"key":"SMITH"},{"floor":27,"key":"REST"},{"data":"Demon Form","floor":32,"key":"SMITH"},{"data":"1","floor":41,"key":"LIFT"},{"floor":46,"key":"REST"},{"data":"2","floor":49,"key":"LIFT"}],"neow_cost":"NONE","seed_source_timestamp":1192235187027800,"circlet_count":0,"master_deck":["Bash","Spot Weakness+1","Flame Barrier+1","Battle Trance+1","Armaments","Ghostly Armor","Infernal Blade","Burning Pact","Spot Weakness+1","Demon Form+1","Armaments","Flame Barrier","Shockwave+1","Pommel Strike+1","Shrug It Off","Heavy Blade+1","Twin Strike+1","Barricade","Limit Break","Spot Weakness","Anger","Iron Wave","Havoc","Perfected Strike","Dual Wield","Heavy Blade","Armaments+1","Carnage","Metallicize","Pummel","Bludgeon","Heavy Blade","Rage+1","Wild Strike+1"],"relics":["Burning Blood","War Paint","Regal Pillow","Red Skull","Omamori","Snecko Eye","Bag of Marbles","Vajra","Singing Bowl","Paper Frog","Ice Cream","Bottled Flame","Pandora\u0027s Box","Girya","Bottled Tornado","Gremlin Horn","Letter Opener","Kunai"],"potions_floor_usage":[2,5,12,12,24,24,33,35,35,38,40,42,45,50],"damage_taken":[{"damage":8,"enemies":"2 Louse","floor":1,"turns":4},{"damage":0,"enemies":"Jaw Worm","floor":2,"turns":3},{"damage":10,"enemies":"Cultist","floor":3,"turns":4},{"damage":8,"enemies":"Lots of Slimes","floor":5,"turns":4},{"damage":11,"enemies":"3 Sentries","floor":8,"turns":8},{"damage":2,"enemies":"Looter","floor":10,"turns":3},{"damage":3,"enemies":"Lagavulin","floor":12,"turns":6},{"damage":5,"enemies":"3 Louse","floor":14,"turns":4},{"damage":59,"enemies":"Hexaghost","floor":16,"turns":13},{"damage":21,"enemies":"2 Thieves","floor":18,"turns":4},{"damage":3,"enemies":"3 Byrds","floor":22,"turns":3},{"damage":3,"enemies":"Snake Plant","floor":23,"turns":4},{"damage":35,"enemies":"Gremlin Leader","floor":24,"turns":7},{"damage":16,"enemies":"Sentry and Sphere","floor":25,"turns":5},{"damage":0,"enemies":"3 Cultists","floor":29,"turns":2},{"damage":2,"enemies":"Book of Stabbing","floor":30,"turns":5},{"damage":16,"enemies":"Centurion and Healer","floor":31,"turns":4},{"damage":31,"enemies":"Automaton","floor":33,"turns":6},{"damage":21,"enemies":"3 Darklings","floor":35,"turns":5},{"damage":25,"enemies":"Mind Bloom Boss Battle","floor":36,"turns":6},{"damage":16,"enemies":"3 Shapes","floor":37,"turns":3},{"damage":0,"enemies":"Maw","floor":38,"turns":7},{"damage":17,"enemies":"Spire Growth","floor":39,"turns":4},{"damage":0,"enemies":"Nemesis","floor":40,"turns":3},{"damage":18,"enemies":"Giant Head","floor":42,"turns":5},{"damage":36,"enemies":"Writhing Mass","floor":44,"turns":4},{"damage":0,"enemies":"3 Darklings","floor":45,"turns":2},{"damage":0,"enemies":"Nemesis","floor":48,"turns":3},{"damage":61,"enemies":"Time Eater","floor":50,"turns":6}],"seed_played":"-5402250632918411778","potions_obtained":[{"floor":1,"key":"Weak Potion"},{"floor":2,"key":"Weak Potion"},{"floor":3,"key":"SkillPotion"},{"floor":10,"key":"PowerPotion"},{"floor":16,"key":"Dexterity Potion"},{"floor":18,"key":"Poison Potion"},{"floor":22,"key":"LiquidBronze"},{"floor":30,"key":"Ancient Potion"},{"floor":31,"key":"Strength Potion"},{"floor":33,"key":"SkillPotion"},{"floor":36,"key":"Swift Potion"},{"floor":38,"key":"FearPotion"},{"floor":40,"key":"Weak Potion"},{"floor":44,"key":"SmokeBomb"},{"floor":48,"key":"AttackPotion"}],"is_trial":false,"path_per_floor":["M","M","M","?","M","R","$","E","T","M","R","E","?","M","R","B",null,"M","?","$","T","M","M","E","M","T","R","$","M","E","M","R","B",null,"M","?","M","M","M","E","R","E","T","M","M","R","$","E","R","B"],"character_chosen":"IRONCLAD","items_purchased":["Armaments","Bag of Marbles","Flame Barrier","Ice Cream","Letter Opener"],"campfire_rested":2,"item_purchase_floors":[7,20,20,28,47],"current_hp_per_floor":[86,88,84,72,70,70,70,65,65,69,69,72,72,73,73,20,88,73,73,73,73,76,79,52,42,42,84,84,92,92,82,82,57,92,77,58,48,54,43,49,49,37,37,7,13,55,55,61,61,0],"gold":134,"neow_bonus":"TEN_PERCENT_HP_BONUS","is_prod":false,"is_daily":false,"chose_seed":false,"campfire_upgraded":4,"win_rate":0,"timestamp":1560868103,"path_taken":["M","M","M","?","M","R","$","E","T","M","R","E","?","M","R","BOSS","M","?","$","?","M","?","E","M","T","R","$","M","E","M","R","BOSS","M","?","M","M","M","E","R","E","T","M","M","R","$","E","R","BOSS"],"build_version":"2019-01-23","purchased_purges":1,"victory":false,"max_hp_per_floor":[88,88,88,88,88,88,88,88,88,88,88,88,88,88,88,88,88,88,88,88,88,88,88,90,90,90,90,90,92,92,92,92,92,92,92,92,92,92,92,92,92,92,92,92,92,92,92,92,92,92],"card_choices":[{"not_picked":["Reckless Charge","Dual Wield"],"picked":"Spot Weakness","floor":1},{"not_picked":["Sword Boomerang","Anger"],"picked":"Flame Barrier","floor":2},{"not_picked":["Clothesline","Pommel Strike"],"picked":"Battle Trance","floor":3},{"not_picked":["Uppercut","Corruption"],"picked":"Seeing Red","floor":5},{"not_picked":["Body Slam","Corruption","Warcry"],"picked":"SKIP","floor":8},{"not_picked":["Sword Boomerang","Heavy Blade"],"picked":"Ghostly Armor","floor":10},{"not_picked":["Twin Strike","Clothesline"],"picked":"Infernal Blade","floor":12},{"not_picked":["Searing Blow","Brutality"],"picked":"Spot Weakness","floor":14},{"not_picked":["Berserk","Juggernaut"],"picked":"Demon Form","floor":16},{"not_picked":["Searing Blow","Flex"],"picked":"Armaments","floor":18},{"not_picked":["Flame Barrier","Anger"],"picked":"Shockwave+1","floor":22},{"not_picked":["Sword Boomerang","Shockwave"],"picked":"Pommel Strike+1","floor":23},{"not_picked":["Warcry","Twin Strike+1","Seeing Red"],"picked":"Singing Bowl","floor":24},{"not_picked":["Anger+1","Warcry"],"picked":"Shrug It Off","floor":25},{"not_picked":["Hemokinesis","Anger","Shrug It Off"],"picked":"Singing Bowl","floor":29},{"not_picked":["Immolate","Combust"],"picked":"Heavy Blade+1","floor":30},{"not_picked":["Clothesline","Dual Wield"],"picked":"Twin Strike+1","floor":31},{"not_picked":["Exhume","Brutality"],"picked":"Barricade","floor":33},{"not_picked":["Clothesline","Shrug It Off"],"picked":"Heavy Blade","floor":35},{"not_picked":["Wild Strike+1","Bloodletting+1"],"picked":"Armaments+1","floor":36},{"not_picked":["Perfected Strike+1","Whirlwind+1"],"picked":"Carnage","floor":37},{"not_picked":["Warcry+1","Wild Strike"],"picked":"Metallicize","floor":38},{"not_picked":["Bloodletting+1","True Grit"],"picked":"Pummel","floor":39},{"not_picked":["Body Slam","Shrug It Off"],"picked":"Bludgeon","floor":40},{"not_picked":["Wild Strike","Pummel"],"picked":"Heavy Blade","floor":42},{"not_picked":["Battle Trance","Rampage"],"picked":"Rage+1","floor":44},{"not_picked":["Clash","Rupture"],"picked":"Wild Strike+1","floor":48}],"player_experience":743801,"relics_obtained":[{"floor":8,"key":"Regal Pillow"},{"floor":9,"key":"Red Skull"},{"floor":12,"key":"Omamori"},{"floor":21,"key":"Vajra"},{"floor":24,"key":"Singing Bowl"},{"floor":26,"key":"Paper Frog"},{"floor":30,"key":"Bottled Flame"},{"floor":36,"key":"Girya"},{"floor":40,"key":"Bottled Tornado"},{"floor":42,"key":"Gremlin Horn"},{"floor":48,"key":"Kunai"}],"event_choices":[{"damage_healed":0,"gold_gain":0,"player_choice":"Success","damage_taken":12,"relics_obtained":["War Paint"],"max_hp_gain":0,"max_hp_loss":0,"event_name":"Scrap Ooze","floor":4,"gold_loss":0},{"damage_healed":0,"gold_gain":0,"cards_transformed":["Strike_R"],"player_choice":"Change","damage_taken":0,"max_hp_gain":0,"max_hp_loss":0,"event_name":"Living Wall","floor":13,"gold_loss":0,"cards_obtained":["Burning Pact"]},{"cards_removed":["Seeing Red"],"damage_healed":0,"gold_gain":0,"player_choice":"Purged","damage_taken":0,"max_hp_gain":0,"max_hp_loss":0,"event_name":"Purifier","floor":19,"gold_loss":0},{"damage_healed":0,"gold_gain":0,"player_choice":"Fight","damage_taken":0,"max_hp_gain":0,"max_hp_loss":0,"event_name":"MindBloom","floor":36,"gold_loss":0}],"is_beta":false,"boss_relics":[{"not_picked":["Black Star","Velvet Choker"],"picked":"Snecko Eye"},{"not_picked":["Calling Bell","Runic Pyramid"],"picked":"Pandora\u0027s Box"}],"items_purged_floors":[47],"is_endless":false,"potions_floor_spawned":[1,2,3,10,16,18,22,30,31,33,36,38,40,44,48],"killed_by":"Time Eater","ascension_level":4}