{"gold_per_floor":[17,17,29,40,59,59,79,113,138,168,168,184,184,42,42,139,139,151,151,164,164,175,200,200,200],"floor_reached":25,"playtime":1305,"items_purged":["Strike_R"],"score":281,"play_id":"842db469-84aa-4aa9-bcf5-e591e3659f0a","local_time":"20181110120358","is_ascension_mode":true,"campfire_choices":[{"data":"Sword Boomerang","floor":6,"key":"SMITH"},{"data":"Feed","floor":11,"key":"SMITH"},{"data":"Feel No Pain","floor":15,"key":"SMITH"},{"floor":24,"key":"REST"}],"neow_cost":"NO_GOLD","seed_source_timestamp":2686056855045584,"circlet_count":0,"master_deck":["Defend_R","Defend_R","Defend_R","Defend_R","Bash","Sword Boomerang+1","Warcry","Shrug It Off","Battle Trance","Feed+1","Cleave","Feel No Pain+1","Demon Form","Pummel","Bite","Bite","Bite","Bite","Bite","Thunderclap"],"relics":["Burning Blood","Champion Belt","Potion Belt","Strawberry","Red Skull","Busted Crown","Anchor"],"potions_floor_usage":[10,16,23,23,23],"damage_taken":[{"damage":0,"enemies":"Small Slimes","floor":1,"turns":3},{"damage":4,"enemies":"Cultist","floor":3,"turns":3},{"damage":7,"enemies":"2 Louse","floor":4,"turns":3},{"damage":34,"enemies":"Gremlin Gang","floor":5,"turns":7},{"damage":8,"enemies":"Blue Slaver","floor":7,"turns":5},{"damage":35,"enemies":"3 Sentries","floor":8,"turns":15},{"damage":13,"enemies":"Lagavulin","floor":10,"turns":6},{"damage":0,"enemies":"Large Slime","floor":12,"turns":4},{"damage":26,"enemies":"Slime Boss","floor":16,"turns":8},{"damage":14,"enemies":"3 Byrds","floor":18,"turns":5},{"damage":12,"enemies":"Chosen","floor":20,"turns":5},{"damage":35,"enemies":"3 Cultists","floor":22,"turns":6},{"damage":56,"enemies":"Book of Stabbing","floor":23,"turns":6},{"damage":42,"enemies":"Slavers","floor":25,"turns":3}],"seed_played":"6871021013862512348","potions_obtained":[{"floor":3,"key":"Energy Potion"},{"floor":5,"key":"FearPotion"},{"floor":7,"key":"AttackPotion"},{"floor":8,"key":"Strength Potion"},{"floor":18,"key":"BloodPotion"},{"floor":21,"key":"Strength Potion"},{"floor":21,"key":"Energy Potion"}],"is_trial":false,"path_per_floor":["M","?","M","M","M","R","M","E","T","E","R","M","?","$","R","B",null,"M","?","M","?","M","E","R","E"],"character_chosen":"IRONCLAD","items_purchased":["Feel No Pain"],"campfire_rested":1,"item_purchase_floors":[14],"current_hp_per_floor":[80,80,80,79,51,51,49,20,27,23,23,33,33,33,33,13,94,86,65,63,63,46,12,32,0],"gold":200,"neow_bonus":"ONE_RARE_RELIC","is_prod":false,"is_daily":false,"chose_seed":false,"campfire_upgraded":3,"win_rate":0,"timestamp":1541869438,"path_taken":["M","?","M","M","M","R","M","E","T","E","R","M","?","$","R","BOSS","M","?","M","?","M","E","R","E"],"build_version":"2018-11-08","purchased_purges":1,"victory":false,"max_hp_per_floor":[80,80,80,80,80,80,80,80,87,90,90,94,94,94,94,94,94,94,65,65,65,69,69,69,69],"card_choices":[{"not_picked":["Anger","Pommel Strike"],"picked":"Sword Boomerang","floor":1},{"not_picked":["Reckless Charge","Twin Strike"],"picked":"Warcry","floor":3},{"not_picked":["Heavy Blade","Wild Strike"],"picked":"Shrug It Off","floor":4},{"not_picked":["Brutality","Wild Strike"],"picked":"Battle Trance","floor":5},{"not_picked":["Second Wind","Shrug It Off","Twin Strike"],"picked":"SKIP","floor":7},{"not_picked":["Evolve","Pummel"],"picked":"Feed","floor":8},{"not_picked":["Clash","Anger"],"picked":"Cleave","floor":10},{"not_picked":["Twin Strike","Blood for Blood","Ghostly Armor"],"picked":"SKIP","floor":12},{"not_picked":["Dark Embrace","Feed"],"picked":"Demon Form","floor":16},{"not_picked":[],"picked":"Pummel","floor":18},{"not_picked":["Shrug It Off"],"picked":"SKIP","floor":20},{"not_picked":[],"picked":"Thunderclap","floor":22},{"not_picked":["Carnage"],"picked":"SKIP","floor":23}],"player_experience":137549,"relics_obtained":[{"floor":8,"key":"Potion Belt"},{"floor":9,"key":"Strawberry"},{"floor":10,"key":"Red Skull"},{"floor":23,"key":"Anchor"}],"event_choices":[{"damage_healed":0,"gold_gain":0,"player_choice":"Leave","damage_taken":0,"max_hp_gain":0,"max_hp_loss":0,"event_name":"The Cleric","floor":2,"gold_loss":0},{"cards_removed":["Strike_R"],"damage_healed":0,"gold_gain":0,"player_choice":"Offered Basic","damage_taken":0,"max_hp_gain":0,"max_hp_loss":0,"event_name":"Bonfire Elementals","floor":13,"gold_loss":0},{"damage_healed":0,"gold_gain":0,"player_choice":"Became a vampire","damage_taken":0,"max_hp_gain":0,"max_hp_loss":29,"event_name":"Vampires","floor":19,"gold_loss":0,"cards_obtained":["Bite","Bite","Bite","Bite","Bite"]},{"damage_healed":0,"gold_gain":0,"player_choice":"Got Potions","damage_taken":0,"max_hp_gain":0,"max_hp_loss":0,"event_name":"Lab","floor":21,"gold_loss":0}],"is_beta":false,"boss_relics":[{"not_picked":["Astrolabe","Calling Bell"],"picked":"Busted Crown"}],"items_purged_floors":[14],"is_endless":false,"potions_floor_spawned":[3,5,7,8,18],"killed_by":"Slavers","ascension_level":2}