{"gold_per_floor":[115,20,31,31,49,82,82,92,117,135,135],"floor_reached":11,"playtime":425,"items_purged":[],"score":94,"play_id":"d75e1fc3-9326-407f-8072-537cfa8f2f5f","local_time":"20190519125021","is_ascension_mode":true,"campfire_choices":[],"neow_cost":"NONE","seed_source_timestamp":143961003198200,"circlet_count":0,"master_deck":["Defend_G","Defend_G","Defend_G","Defend_G","Defend_G","Strike_G","Strike_G","Strike_G","Strike_G","Survivor","Neutralize","Backstab","Cloak And Dagger","Slice","Deadly Poison","Dodge and Roll","Noxious Fumes","Poisoned Stab"],"relics":["Ring of the Snake","Bronze Scales","Art of War","Dream Catcher","Orichalcum"],"potions_floor_usage":[11,11],"damage_taken":[{"damage":0,"enemies":"Cultist","floor":1,"turns":4},{"damage":0,"enemies":"2 Louse","floor":3,"turns":2},{"damage":0,"enemies":"Jaw Worm","floor":5,"turns":2},{"damage":24,"enemies":"Lagavulin","floor":6,"turns":8},{"damage":0,"enemies":"Blue Slaver","floor":8,"turns":3},{"damage":1,"enemies":"2 Fungi Beasts","floor":10,"turns":4},{"damage":20,"enemies":"3 Sentries","floor":11,"turns":5}],"seed_played":"560657449740730171","potions_obtained":[{"floor":1,"key":"Explosive Potion"},{"floor":5,"key":"Poison Potion"},{"floor":10,"key":"LiquidBronze"}],"is_trial":false,"path_per_floor":["M","$","M","?","M","E","?","M","T","M","E"],"character_chosen":"THE_SILENT","items_purchased":["Cloak And Dagger","Slice"],"campfire_rested":0,"item_purchase_floors":[2,2],"current_hp_per_floor":[70,70,70,63,63,39,21,21,21,20,0],"gold":135,"neow_bonus":"RANDOM_COMMON_RELIC","is_prod":false,"is_daily":false,"chose_seed":false,"campfire_upgraded":0,"win_rate":0,"timestamp":1558284621,"path_taken":["M","?","M","?","M","E","?","M","T","M","E"],"build_version":"2019-01-23","purchased_purges":0,"victory":false,"max_hp_per_floor":[70,70,70,70,70,70,70,70,70,70,70],"card_choices":[{"not_picked":["Distraction","Acrobatics"],"picked":"Backstab","floor":1},{"not_picked":["Prepared","Slice"],"picked":"Deadly Poison","floor":3},{"not_picked":["Dagger Spray","Accuracy"],"picked":"Dodge and Roll","floor":5},{"not_picked":["Blade Dance","Dagger Throw"],"picked":"Noxious Fumes","floor":6},{"not_picked":["Dagger Throw","Masterful Stab"],"picked":"Poisoned Stab","floor":8},{"not_picked":["Reflex","Masterful Stab","Quick Slash"],"picked":"SKIP","floor":10}],"player_experience":224946,"relics_obtained":[{"floor":6,"key":"Art of War"},{"floor":9,"key":"Orichalcum"}],"event_choices":[{"cards_removed":["Strike_G"],"damage_healed":0,"gold_gain":0,"player_choice":"Card Removal","damage_taken":7,"max_hp_gain":0,"max_hp_loss":0,"event_name":"Golden Wing","floor":4,"gold_loss":0},{"damage_healed":0,"gold_gain":0,"player_choice":"Success","damage_taken":18,"relics_obtained":["Dream Catcher"],"max_hp_gain":0,"max_hp_loss":0,"event_name":"Scrap Ooze","floor":7,"gold_loss":0}],"is_beta":false,"boss_relics":[],"items_purged_floors":[],"is_endless":false,"potions_floor_spawned":[1,5,10],"killed_by":"3 Sentries","ascension_level":5}