{"gold_per_floor":[118,193,206,206,218,218,218,218,290,39,55,55,67,87,87,191,191,156,187,23,23,38,38,1,34,59,59,70,70,70],"floor_reached":30,"playtime":2013,"items_purged":[],"score":238,"play_id":"561572e8-c55f-417f-887b-418fb75c79c3","local_time":"20180629013551","is_ascension_mode":false,"campfire_choices":[{"data":"Chill","floor":6,"key":"SMITH"},{"data":"Zap","floor":8,"key":"SMITH"},{"data":"Darkness","floor":15,"key":"SMITH"},{"floor":23,"key":"REST"},{"floor":27,"key":"REST"},{"floor":29,"key":"REST"}],"neow_cost":"NONE","seed_source_timestamp":1052069426788484,"circlet_count":0,"master_deck":["Strike_B","Strike_B","Strike_B","Defend_B","Defend_B","Defend_B","Zap+1","Dualcast","Conserve Battery","Stack","Chill+1","Sweeping Beam","Redo","Storm","Dark Shackles","Redo","Darkness+1","FTL","Fission","Streamline","Static Discharge+1","Thunder Strike","Steam","Self Repair","Skim","Consume","Defragment+1"],"relics":["Cracked Core","Bottled Lightning","Darkstone Periapt","Fusion Hammer","Red Mask","Sundial","Boot"],"potions_floor_usage":[],"damage_taken":[{"damage":14,"enemies":"2 Louse","floor":1,"turns":2},{"damage":3,"enemies":"Small Slimes","floor":3,"turns":3},{"damage":4,"enemies":"Jaw Worm","floor":5,"turns":3},{"damage":0,"enemies":"Gremlin Gang","floor":11,"turns":6},{"damage":0,"enemies":"Blue Slaver","floor":13,"turns":3},{"damage":0,"enemies":"3 Louse","floor":14,"turns":4},{"damage":4,"enemies":"Slime Boss","floor":16,"turns":6},{"damage":9,"enemies":"2 Thieves","floor":18,"turns":5},{"damage":37,"floor":19,"turns":7},{"damage":8,"enemies":"Shell Parasite","floor":22,"turns":5},{"damage":35,"enemies":"Gremlin Leader","floor":25,"turns":8},{"damage":3,"enemies":"Snake Plant","floor":28,"turns":3},{"damage":61,"enemies":"3 Cultists","floor":30,"turns":5}],"seed_played":"3462533057489848193","potions_obtained":[{"floor":3,"key":"SpeedPotion"},{"floor":11,"key":"AttackPotion"},{"floor":16,"key":"FocusPotion"},{"floor":18,"key":"Fire Potion"}],"is_trial":false,"path_per_floor":["M","?","M","?","M","R","T","R","T","$","M","?","M","M","R","B",null,"M","?","$","?","M","R","$","E","T","R","M","R"],"character_chosen":"DEFECT","items_purchased":["Sweeping Beam","Redo","Storm","Dark Shackles","Thunder Strike","Steam","Skim"],"campfire_rested":3,"item_purchase_floors":[10,10,10,10,20,20,24],"current_hp_per_floor":[61,50,47,72,68,68,68,68,68,68,68,68,68,68,68,64,75,66,29,29,22,14,36,36,8,8,30,27,49,0],"gold":70,"neow_bonus":"REMOVE_CARD","is_prod":false,"is_daily":false,"chose_seed":false,"campfire_upgraded":3,"win_rate":0.0,"timestamp":1530250551,"path_taken":["M","?","?","?","M","R","?","R","T","$","?","?","M","M","R","BOSS","M","?","$","?","?","R","$","E","T","R","M","R","M"],"build_version":"2018-06-28","purchased_purges":0,"victory":false,"max_hp_per_floor":[75,75,75,75,75,75,75,75,75,75,75,75,75,75,75,75,75,75,75,75,75,75,75,75,75,75,75,75,75,75],"card_choices":[{"not_picked":["Compile Driver","Beam Cell"],"picked":"Conserve Battery","floor":1},{"not_picked":["Barrage","Gash"],"picked":"Stack","floor":3},{"not_picked":["Gash","Beam Cell"],"picked":"Chill","floor":5},{"not_picked":["Double Energy","Stack"],"picked":"Redo","floor":11},{"not_picked":["Beam Cell","Sweeping Beam"],"picked":"Darkness","floor":13},{"not_picked":["Hologram","Compile Driver"],"picked":"FTL","floor":14},{"not_picked":["Seek","Reboot"],"picked":"Fission","floor":16},{"not_picked":["Beam Cell","Go for the Eyes+1"],"picked":"Streamline","floor":18},{"not_picked":["Conserve Battery","Melter"],"picked":"Static Discharge+1","floor":19},{"not_picked":["Steam Power+1","Skim+1"],"picked":"Self Repair","floor":22},{"not_picked":["Cold Snap","Gash+1"],"picked":"Consume","floor":25},{"not_picked":["Biased Cognition","Stack+1"],"picked":"Defragment+1","floor":28}],"player_experience":8869,"relics_obtained":[{"floor":7,"key":"Bottled Lightning"},{"floor":9,"key":"Darkstone Periapt"},{"floor":19,"key":"Red Mask"},{"floor":25,"key":"Sundial"},{"floor":26,"key":"Boot"}],"event_choices":[{"event_name":"World of Goop","player_choice":"Gather Gold","floor":2,"damage_taken":0},{"event_name":"Big Fish","player_choice":"Banana","floor":4,"damage_taken":0},{"event_name":"Purifier","player_choice":"One Purge","floor":12,"damage_taken":0},{"event_name":"Masked Bandits","player_choice":"Fought over 156 gold","floor":19,"damage_taken":0},{"event_name":"Wheel of Change","player_choice":"Damage","floor":21,"damage_taken":0}],"boss_relics":[{"not_picked":["Eternal Feather","Cursed Key"],"picked":"Fusion Hammer"}],"items_purged_floors":[],"is_endless":false,"potions_floor_spawned":[3,11,16,18],"killed_by":"3 Cultists","ascension_level":0}