{"gold_per_floor":[116,13,88,105,105,105,124,134,134,149,162,175,175,175],"floor_reached":14,"playtime":681,"items_purged":["Strike_G"],"score":168,"play_id":"c3a9878f-f2c4-4bf5-a31c-eeeca013c09f","local_time":"20190629093119","is_ascension_mode":true,"campfire_choices":[{"data":"Neutralize","floor":6,"key":"SMITH"},{"data":"Bouncing Flask","floor":13,"key":"SMITH"}],"neow_cost":"NONE","seed_source_timestamp":822091644942200,"circlet_count":0,"master_deck":["AscendersBane","Defend_G","Defend_G","Defend_G","Defend_G","Defend_G","Strike_G","Strike_G","Strike_G","Survivor","Neutralize+1","Noxious Fumes","Quick Slash","Noxious Fumes","Bane","Bouncing Flask+1","Crippling Poison"],"relics":["Ring of the Snake","Mercury Hourglass","Vajra"],"potions_floor_usage":[8,12],"damage_taken":[{"damage":0,"enemies":"2 Louse","floor":1,"turns":4},{"damage":6,"enemies":"Small Slimes","floor":4,"turns":5},{"damage":4,"enemies":"Jaw Worm","floor":7,"turns":4},{"damage":3,"enemies":"Exordium Thugs","floor":8,"turns":4},{"damage":1,"enemies":"Red Slaver","floor":10,"turns":3},{"damage":11,"enemies":"3 Louse","floor":11,"turns":3},{"damage":4,"enemies":"Exordium Wildlife","floor":12,"turns":3},{"damage":15,"enemies":"Gremlin Gang","floor":14,"turns":2}],"seed_played":"-1055228856652466661","potions_obtained":[{"floor":1,"key":"GhostInAJar"},{"floor":4,"key":"SpeedPotion"},{"floor":8,"key":"Ancient Potion"}],"is_trial":false,"path_per_floor":["M","$","?","M","?","R","M","M","T","M","M","M","R","M"],"character_chosen":"THE_SILENT","items_purchased":["Quick Slash"],"campfire_rested":0,"item_purchase_floors":[2],"current_hp_per_floor":[59,59,48,42,37,37,33,30,30,29,18,14,14,0],"gold":175,"neow_bonus":"REMOVE_CARD","is_prod":false,"is_daily":false,"chose_seed":false,"campfire_upgraded":2,"win_rate":0,"timestamp":1561768279,"path_taken":["M","$","?","M","?","R","M","M","T","M","M","M","R","M"],"build_version":"2019-01-23","purchased_purges":1,"victory":false,"max_hp_per_floor":[66,66,66,66,66,66,66,66,66,66,66,66,66,66],"card_choices":[{"not_picked":["Acrobatics","Skewer"],"picked":"Noxious Fumes","floor":1},{"not_picked":["Acrobatics","Underhanded Strike"],"picked":"Noxious Fumes","floor":4},{"not_picked":["All Out Attack","Quick Slash"],"picked":"Bane","floor":7},{"not_picked":["Underhanded Strike","Accuracy","Bullet Time"],"picked":"SKIP","floor":8},{"not_picked":["Bane","Choke"],"picked":"Bouncing Flask","floor":10},{"not_picked":["Bouncing Flask","Dodge and Roll"],"picked":"Crippling Poison","floor":11},{"not_picked":["Concentrate","Terror","Reflex"],"picked":"SKIP","floor":12}],"player_experience":1040234,"relics_obtained":[{"floor":9,"key":"Vajra"}],"event_choices":[{"damage_healed":0,"gold_gain":75,"player_choice":"Gather Gold","damage_taken":11,"max_hp_gain":0,"max_hp_loss":0,"event_name":"World of Goop","floor":3,"gold_loss":0},{"damage_healed":0,"gold_gain":0,"player_choice":"Success","damage_taken":5,"relics_obtained":["Mercury Hourglass"],"max_hp_gain":0,"max_hp_loss":0,"event_name":"Scrap Ooze","floor":5,"gold_loss":0}],"is_beta":false,"boss_relics":[],"items_purged_floors":[2],"is_endless":false,"potions_floor_spawned":[1,4,8],"killed_by":"Gremlin Gang","ascension_level":20}