{"gold_per_floor":[112,130,305,319,394,7,34,34,34,34],"floor_reached":10,"playtime":718,"items_purged":["Pain"],"score":83,"play_id":"68fd13af-951d-4b49-bf8d-73bc481a80ed","local_time":"20190516085214","is_ascension_mode":true,"campfire_choices":[],"neow_cost":"CURSE","seed_source_timestamp":110146071887200,"circlet_count":0,"master_deck":["Defend_G","Defend_G","Defend_G","Defend_G","Strike_G","Strike_G","Strike_G","Strike_G","Survivor","Neutralize","Deadly Poison","Tactician","Backflip","Escape Plan","Doubt","Deflect","Noxious Fumes","Slice","Catalyst","Injury"],"relics":["Ring of the Snake","ClockworkSouvenir","Centennial Puzzle","Golden Idol"],"potions_floor_usage":[10],"damage_taken":[{"damage":10,"enemies":"2 Louse","floor":1,"turns":4},{"damage":2,"enemies":"Small Slimes","floor":2,"turns":4},{"damage":4,"enemies":"Jaw Worm","floor":4,"turns":5},{"damage":20,"enemies":"Lagavulin","floor":7,"turns":8},{"damage":31,"enemies":"Gremlin Nob","floor":10,"turns":4}],"seed_played":"2599303070010041722","potions_obtained":[{"floor":1,"key":"AttackPotion"}],"is_trial":false,"path_per_floor":["M","M","?","M","?","$","E","?","T","E"],"character_chosen":"THE_SILENT","items_purchased":["Noxious Fumes","ClockworkSouvenir","Slice"],"campfire_rested":0,"item_purchase_floors":[6,6,6],"current_hp_per_floor":[60,58,58,54,43,43,23,23,23,0],"gold":34,"neow_bonus":"TRANSFORM_TWO_CARDS","is_prod":false,"is_daily":false,"chose_seed":false,"campfire_upgraded":0,"win_rate":0,"timestamp":1557993134,"path_taken":["M","M","?","M","?","$","E","?","T","E"],"build_version":"2019-01-23","purchased_purges":1,"victory":false,"max_hp_per_floor":[70,70,70,70,70,70,70,70,70,70],"card_choices":[{"not_picked":["Flying Knee","Outmaneuver"],"picked":"Backflip","floor":1},{"not_picked":["Terror","Underhanded Strike"],"picked":"Escape Plan","floor":2},{"not_picked":["Calculated Gamble","Outmaneuver"],"picked":"Deflect","floor":4},{"not_picked":["Backflip","Outmaneuver"],"picked":"Catalyst","floor":7}],"player_experience":731198,"relics_obtained":[{"floor":7,"key":"Centennial Puzzle"}],"event_choices":[{"damage_healed":0,"gold_gain":175,"player_choice":"AGREE","damage_taken":0,"max_hp_gain":0,"max_hp_loss":0,"event_name":"Liars Game","floor":3,"gold_loss":0,"cards_obtained":["Doubt"]},{"damage_healed":0,"gold_gain":75,"player_choice":"Gather Gold","damage_taken":11,"max_hp_gain":0,"max_hp_loss":0,"event_name":"World of Goop","floor":5,"gold_loss":0},{"damage_healed":0,"gold_gain":0,"player_choice":"Take Wound","damage_taken":0,"relics_obtained":["Golden Idol"],"max_hp_gain":0,"max_hp_loss":0,"event_name":"Golden Idol","floor":8,"gold_loss":0,"cards_obtained":["Injury"]}],"is_beta":false,"boss_relics":[],"items_purged_floors":[6],"is_endless":false,"potions_floor_spawned":[1],"killed_by":"Gremlin Nob","ascension_level":5}