{"gold_per_floor":[113,63,63,9,21,55,55,71,71,146,321,90,107,126,126,222,222,240,228,228,228],"floor_reached":21,"playtime":586,"items_purged":["Regret"],"score":292,"play_id":"4d0f50d0-0d2d-47e8-b5be-b7d5454a4dcb","local_time":"20181126222806","is_ascension_mode":true,"campfire_choices":[{"data":"Zap","floor":7.0,"key":"SMITH"},{"data":"Doom and Gloom","floor":15,"key":"SMITH"}],"neow_cost":"NONE","seed_source_timestamp":0,"circlet_count":0,"master_deck":["Strike_B","Defend_B","Defend_B","Defend_B","Defend_B","Zap+1","Dualcast","Doom and Gloom+1","Steam","Skim","Core Surge","Cold Snap","Doubt","Compile Driver","Hologram","Creative AI","Darkness","Compile Driver+1","Stack","Force Field"],"special_seed":0,"relics":["FrozenCore","NeowsBlessing","Peace Pipe","Blood Vial","Sundial","Pen Nib"],"potions_floor_usage":[],"damage_taken":[{"damage":0.0,"enemies":"Cultist","floor":1.0,"turns":1.0},{"damage":0.0,"enemies":"2 Louse","floor":5.0,"turns":1.0},{"damage":0.0,"enemies":"3 Sentries","floor":6.0,"turns":1.0},{"damage":6.0,"enemies":"Small Slimes","floor":8.0,"turns":2.0},{"damage":7,"enemies":"2 Fungi Beasts","floor":13,"turns":2},{"damage":14,"enemies":"Exordium Wildlife","floor":14,"turns":3},{"damage":0,"enemies":"Slime Boss","floor":16,"turns":8},{"damage":27,"enemies":"Shell Parasite","floor":18,"turns":8},{"damage":23,"enemies":"2 Thieves","floor":19,"turns":4},{"damage":34,"enemies":"Snake Plant","floor":21,"turns":2}],"seed_played":"6890598765142084118","potions_obtained":[{"floor":1.0,"key":"Strength Potion"},{"floor":6.0,"key":"FearPotion"},{"floor":13,"key":"Regen Potion"}],"is_trial":false,"path_per_floor":["M","?","?","$","M","E","R","M","M","T","?","?","$","M","M","R","B",null,"M","M","?","M"],"character_chosen":"DEFECT","items_purchased":["Steam","Pen Nib"],"campfire_rested":0,"item_purchase_floors":[4,12],"current_hp_per_floor":[75,75,75,75,75,75,75,69,69,69,69,69,64,52,52,54,75,48,27,27,0],"gold":228,"neow_bonus":"THREE_ENEMY_KILL","is_prod":false,"is_daily":false,"chose_seed":false,"campfire_upgraded":2,"win_rate":0,"timestamp":1543289286,"path_taken":["M","?","?","$","M","E","R","M","T","?","?","$","M","M","R","BOSS","M","M","?","M"],"build_version":"2018-11-15","purchased_purges":1,"victory":false,"max_hp_per_floor":[75,75,75,75,75,75,75,75,75,75,75,75,75,75,75,75,75,75,75,75,75],"card_choices":[{"not_picked":["Chaos","White Noise"],"picked":"Doom and Gloom","floor":1.0},{"not_picked":["Tempest","Lockon"],"picked":"Skim","floor":5.0},{"not_picked":["Ball Lightning","Turbo"],"picked":"Core Surge","floor":6.0},{"not_picked":["Consume","Scrape"],"picked":"Cold Snap","floor":8},{"not_picked":["Rebound","Steam"],"picked":"Compile Driver","floor":13},{"not_picked":["Rebound","Turbo"],"picked":"Hologram","floor":14},{"not_picked":["Thunder Strike","Reboot"],"picked":"Creative AI","floor":16},{"not_picked":["Heatsinks","Melter"],"picked":"Darkness","floor":18},{"not_picked":["Steam Power","Doom and Gloom"],"picked":"Compile Driver+1","floor":19}],"player_experience":171927,"relics_obtained":[{"floor":6.0,"key":"Blood Vial"},{"floor":9,"key":"Sundial"}],"event_choices":[{"cards_removed":["Strike_B"],"damage_healed":0.0,"max_hp_gain":0.0,"max_hp_loss":0.0,"gold_gain":0.0,"event_name":"The Cleric","player_choice":"Card Removal","floor":2.0,"gold_loss":50.0,"damage_taken":0.0},{"damage_healed":0.0,"max_hp_gain":0.0,"max_hp_loss":0.0,"gold_gain":0.0,"event_name":"Big Fish","player_choice":"Box","floor":3.0,"gold_loss":0.0,"damage_taken":0.0,"relics_obtained":["Peace Pipe"],"cards_obtained":["Regret"]},{"damage_healed":0,"gold_gain":75,"player_choice":"Gained Gold","damage_taken":0,"max_hp_gain":0,"max_hp_loss":0,"event_name":"Golden Wing","floor":10,"gold_loss":0},{"damage_healed":0,"gold_gain":175,"player_choice":"AGREE","damage_taken":0,"max_hp_gain":0,"max_hp_loss":0,"event_name":"Liars Game","floor":11,"gold_loss":0,"cards_obtained":["Doubt"]},{"damage_healed":0,"gold_gain":0,"cards_transformed":["Strike_B","Strike_B"],"player_choice":"Became Test Subject","damage_taken":0,"max_hp_gain":0,"max_hp_loss":0,"event_name":"Drug Dealer","floor":20,"gold_loss":0,"cards_obtained":["Stack","Force Field"]}],"is_beta":false,"boss_relics":[{"not_picked":["Velvet Choker","Black Star"],"picked":"FrozenCore"}],"items_purged_floors":[12],"is_endless":false,"potions_floor_spawned":[1,6,13,19],"killed_by":"Snake Plant","ascension_level":3}