{"gold_per_floor":[118,78,78,153,153,180,180,192,192,17,44,44,55,55,55,152,152,170,185,365,60,60,60,60,60,83,83,83,83,83],"floor_reached":30,"playtime":977,"items_purged":["Strike_R"],"score":278,"play_id":"87a3b174-52b1-461b-9c16-63083e7fa11e","local_time":"20181028115539","is_ascension_mode":true,"campfire_choices":[{"data":"Shrug It Off","floor":7,"key":"SMITH"},{"data":"Entrench","floor":12,"key":"SMITH"},{"data":"True Grit","floor":15,"key":"SMITH"},{"data":"Metallicize","floor":23,"key":"SMITH"},{"data":"Dark Shackles","floor":25,"key":"SMITH"},{"data":"Bite","floor":28,"key":"SMITH"}],"neow_cost":"PERCENT_DAMAGE","seed_source_timestamp":1559063611648602,"circlet_count":0,"master_deck":["Defend_R","Defend_R","Bash","Anger","Shrug It Off+1","Entrench+1","Metallicize+1","True Grit+1","Flex","Flex","Impervious","Whirlwind","Thunderclap","Dark Shackles+1","Metallicize","Bite+1","Bite","Bite","Bite","Bite"],"relics":["Burning Blood","Shuriken","Anchor","Darkstone Periapt","Nunchaku","Mark of Pain","Bottled Flame","Question Card","Oddly Smooth Stone"],"potions_floor_usage":[6,6,16,16],"damage_taken":[{"damage":0,"enemies":"Small Slimes","floor":1,"turns":3},{"damage":31,"enemies":"3 Sentries","floor":6,"turns":5},{"damage":1,"enemies":"Cultist","floor":8,"turns":3},{"damage":16,"enemies":"Lagavulin","floor":11,"turns":8},{"damage":0,"enemies":"2 Louse","floor":13,"turns":2},{"damage":12,"enemies":"Hexaghost","floor":16,"turns":11},{"damage":2,"enemies":"Shell Parasite","floor":18,"turns":6},{"damage":30,"enemies":"Spheric Guardian","floor":19,"turns":6},{"damage":41,"enemies":"Gremlin Leader","floor":30,"turns":6}],"seed_played":"6543240532156684402","potions_obtained":[{"floor":2,"key":"SteroidPotion"},{"floor":2,"key":"Block Potion"},{"floor":2,"key":"FairyPotion"},{"floor":8,"key":"SneckoOil"},{"floor":13,"key":"Energy Potion"}],"is_trial":false,"path_per_floor":["M","?","?","?","T","E","R","M","T","$","E","R","M","$","R","B",null,"M","M","?","$","?","R","?","R","T","?","R","?"],"character_chosen":"IRONCLAD","items_purchased":["Metallicize","True Grit","Bottled Flame","Metallicize"],"campfire_rested":0,"item_purchase_floors":[10,10,21,21],"current_hp_per_floor":[62,62,55,44,44,19,19,24,24,24,14,14,20,20,20,14,80,80,56,24,24,24,24,24,24,24,24,24,15,0],"gold":83,"neow_bonus":"REMOVE_TWO","is_prod":false,"is_daily":false,"chose_seed":false,"campfire_upgraded":6,"win_rate":0,"timestamp":1540742139,"path_taken":["M","?","?","?","?","E","R","M","T","$","E","R","?","$","R","BOSS","M","M","?","$","?","R","?","R","T","?","R","?","E"],"build_version":"2018-10-25v2","purchased_purges":1,"victory":false,"max_hp_per_floor":[80,80,80,80,80,80,80,80,80,80,80,80,80,80,80,80,80,80,80,80,80,80,80,80,80,80,56,56,61,61],"card_choices":[{"not_picked":["Body Slam","Wild Strike"],"picked":"Anger","floor":1},{"not_picked":["Power Through","Juggernaut"],"picked":"Shrug It Off","floor":6},{"not_picked":["Uppercut","Sword Boomerang"],"picked":"Entrench","floor":8},{"not_picked":["Clash","Rampage"],"picked":"Flex","floor":11},{"not_picked":["Clash","Pommel Strike"],"picked":"Flex","floor":13},{"not_picked":["Brutality","Bludgeon"],"picked":"Impervious","floor":16},{"not_picked":["Twin Strike","Combust"],"picked":"Whirlwind","floor":18},{"not_picked":["Hemokinesis+1","Carnage"],"picked":"Thunderclap","floor":19}],"player_experience":110728,"relics_obtained":[{"floor":5,"key":"Shuriken"},{"floor":6,"key":"Anchor"},{"floor":9,"key":"Darkstone Periapt"},{"floor":11,"key":"Nunchaku"},{"floor":26,"key":"Oddly Smooth Stone"}],"event_choices":[{"damage_healed":0,"gold_gain":0,"player_choice":"Bought 3 Potions","damage_taken":0,"max_hp_gain":0,"max_hp_loss":0,"event_name":"The Woman in Blue","floor":2,"gold_loss":0},{"cards_removed":["Strike_R"],"damage_healed":0,"gold_gain":0,"player_choice":"Card Removal","damage_taken":7,"max_hp_gain":0,"max_hp_loss":0,"event_name":"Golden Wing","floor":3,"gold_loss":0},{"damage_healed":0,"gold_gain":75,"player_choice":"Gather Gold","damage_taken":11,"max_hp_gain":0,"max_hp_loss":0,"event_name":"World of Goop","floor":4,"gold_loss":0},{"damage_healed":0,"gold_gain":180,"player_choice":"CARD GOLD GOLD ","damage_taken":32,"max_hp_gain":0,"max_hp_loss":0,"event_name":"Knowing Skull","floor":20,"potions_obtained":[],"gold_loss":0,"cards_obtained":["Dark Shackles"]},{"damage_healed":0,"gold_gain":0,"player_choice":"Ignored","damage_taken":0,"max_hp_gain":0,"max_hp_loss":0,"event_name":"Beggar","floor":22,"gold_loss":0},{"damage_healed":0,"gold_gain":0,"player_choice":"Opened","damage_taken":0,"relics_obtained":["Question Card"],"max_hp_gain":0,"max_hp_loss":0,"event_name":"The Mausoleum","floor":24,"gold_loss":0},{"damage_healed":0,"gold_gain":0,"player_choice":"Became a vampire","damage_taken":0,"max_hp_gain":0,"max_hp_loss":24,"event_name":"Vampires","floor":27,"gold_loss":0,"cards_obtained":["Bite","Bite","Bite","Bite","Bite"]},{"damage_healed":0,"gold_gain":0,"player_choice":"Shed Blood","damage_taken":14,"max_hp_gain":5,"max_hp_loss":0,"event_name":"Forgotten Altar","floor":29,"gold_loss":0}],"is_beta":false,"boss_relics":[{"not_picked":["Empty Cage","Tiny House"],"picked":"Mark of Pain"}],"items_purged_floors":[10],"is_endless":false,"potions_floor_spawned":[8,13],"killed_by":"Gremlin Leader","ascension_level":2}