{"gold_per_floor":[13,28,41,41,54,54,80,80,80,80],"floor_reached":10,"playtime":593,"items_purged":[],"score":99,"play_id":"76573a72-b855-48c5-b2e5-723c3a13f4c1","local_time":"20190528160216","is_ascension_mode":true,"campfire_choices":[{"data":"Neutralize","floor":6,"key":"SMITH"}],"neow_cost":"NO_GOLD","seed_source_timestamp":821602755053769,"circlet_count":0,"master_deck":["Defend_G","Defend_G","Defend_G","Defend_G","Defend_G","Strike_G","Strike_G","Strike_G","Survivor","Neutralize+1","Bullet Time","Blur","Catalyst","Unload","Poisoned Stab","Leg Sweep","Dodge and Roll"],"special_seed":0,"relics":["Ring of the Snake","Du-Vu Doll","Prayer Wheel"],"potions_floor_usage":[7],"damage_taken":[{"damage":5.0,"enemies":"Cultist","floor":1.0,"turns":4.0},{"damage":0.0,"enemies":"2 Louse","floor":2.0,"turns":4.0},{"damage":4,"enemies":"Small Slimes","floor":3,"turns":5},{"damage":2,"enemies":"2 Fungi Beasts","floor":5,"turns":6},{"damage":29,"enemies":"Gremlin Nob","floor":7,"turns":5},{"damage":33,"enemies":"The Mushroom Lair","floor":10,"turns":4}],"seed_played":"-208168077609424430","potions_obtained":[{"floor":1.0,"key":"Swift Potion"}],"is_trial":false,"path_per_floor":["M","M","M","?","M","R","E","?","T","?"],"character_chosen":"THE_SILENT","items_purchased":[],"campfire_rested":0,"item_purchase_floors":[],"current_hp_per_floor":[58,58,54,54,52,52,23,23,23,0],"gold":80,"neow_bonus":"THREE_RARE_CARDS","is_prod":false,"is_daily":false,"chose_seed":false,"campfire_upgraded":1,"win_rate":0,"timestamp":1559039536,"path_taken":["M","M","?","?","?","R","E","?","T","?"],"build_version":"2019-01-23","purchased_purges":0,"victory":false,"max_hp_per_floor":[70,70,70,70,70,70,70,70,70,70],"card_choices":[{"not_picked":["Malaise","Doppelganger"],"picked":"Bullet Time","floor":0.0},{"not_picked":["Masterful Stab","Cloak And Dagger"],"picked":"Blur","floor":1.0},{"not_picked":["Outmaneuver","Noxious Fumes"],"picked":"Catalyst","floor":2},{"not_picked":["PiercingWail","Outmaneuver"],"picked":"Unload","floor":3},{"not_picked":["Deflect","Prepared"],"picked":"Poisoned Stab","floor":5},{"not_picked":["Doppelganger","Underhanded Strike"],"picked":"Leg Sweep","floor":7}],"player_experience":879838,"relics_obtained":[{"floor":7,"key":"Du-Vu Doll"},{"floor":9,"key":"Prayer Wheel"}],"event_choices":[{"cards_removed":["Strike_G"],"damage_healed":0,"gold_gain":0,"player_choice":"Purged","damage_taken":0,"max_hp_gain":0,"max_hp_loss":0,"event_name":"Purifier","floor":4,"gold_loss":0},{"damage_healed":0,"gold_gain":0,"cards_transformed":["Strike_G"],"player_choice":"Change","damage_taken":0,"max_hp_gain":0,"max_hp_loss":0,"event_name":"Living Wall","floor":8,"gold_loss":0,"cards_obtained":["Dodge and Roll"]},{"damage_healed":0,"gold_gain":0,"player_choice":"Fought Mushrooms","damage_taken":0,"max_hp_gain":0,"max_hp_loss":0,"event_name":"Mushrooms","floor":10,"gold_loss":0}],"is_beta":false,"boss_relics":[],"items_purged_floors":[],"is_endless":false,"potions_floor_spawned":[1],"killed_by":"The Mushroom Lair","ascension_level":9}