{"gold_per_floor":[116,132,132,145,165,165,240,240,321,30,30,74,74,99,99,230,230,244,259,259,358,377,377,408,408,408,408,41,59,59,69,69,165,165,182,182,82,96,109,109,24,24,24,40,40],"floor_reached":45,"playtime":1347,"items_purged":["Strike_B","Strike_B"],"score":520,"play_id":"1e1a8758-d1e3-4a3f-bf78-d26a4fae0f28","local_time":"20190519155435","is_ascension_mode":true,"campfire_choices":[{"data":"Gash","floor":6,"key":"SMITH"},{"data":"Leap","floor":11,"key":"SMITH"},{"data":"Doom and Gloom","floor":15,"key":"SMITH"},{"floor":23,"key":"REST"},{"floor":25,"key":"REST"},{"floor":27,"key":"REST"},{"data":"Scrape","floor":32,"key":"SMITH"},{"floor":40,"key":"REST"},{"data":"Echo Form","floor":42,"key":"SMITH"}],"neow_cost":"NONE","seed_source_timestamp":14914346289880,"circlet_count":0,"master_deck":["Strike_B+1","Defend_B","Defend_B","Defend_B","Defend_B","Zap+1","Dualcast+1","Leap+1","Gash+1","Rebound","Doom and Gloom+1","Gash+1","Echo Form+1","Gash","Scrape+1","BootSequence","Undo+1","Core Surge","BootSequence+1","PanicButton","Multi-Cast"],"relics":["Velvet Choker","War Paint","Bloody Idol","Kunai","Ice Cream","Symbiotic Virus","Orrery","Whetstone","Darkstone Periapt","DataDisk","Art of War","Black Star","Pear"],"potions_floor_usage":[45],"damage_taken":[{"damage":1,"enemies":"Cultist","floor":1,"turns":4},{"damage":0,"enemies":"2 Louse","floor":2,"turns":3},{"damage":0,"enemies":"Small Slimes","floor":4,"turns":2},{"damage":3,"enemies":"3 Louse","floor":5,"turns":4},{"damage":10,"enemies":"3 Sentries","floor":12,"turns":7},{"damage":7,"enemies":"Looter","floor":14,"turns":3},{"damage":11,"enemies":"Hexaghost","floor":16,"turns":7},{"damage":21,"enemies":"2 Thieves","floor":18,"turns":3},{"damage":18,"enemies":"3 Byrds","floor":19,"turns":4},{"damage":21,"enemies":"Shelled Parasite and Fungi","floor":22,"turns":4},{"damage":33,"enemies":"Slavers","floor":24,"turns":5},{"damage":14,"enemies":"Snake Plant","floor":29,"turns":3},{"damage":0,"enemies":"3 Cultists","floor":31,"turns":3},{"damage":14,"enemies":"Champ","floor":33,"turns":9},{"damage":7,"enemies":"Orb Walker","floor":35,"turns":4},{"damage":0,"enemies":"3 Shapes","floor":38,"turns":4},{"damage":47,"enemies":"Writhing Mass","floor":39,"turns":8},{"damage":24,"enemies":"Spire Growth","floor":44,"turns":5},{"damage":44,"enemies":"Reptomancer","floor":45,"turns":2}],"seed_played":"-2705282619095642118","potions_obtained":[{"floor":1,"key":"Weak Potion"},{"floor":5,"key":"Strength Potion"},{"floor":16,"key":"FocusPotion"},{"floor":22,"key":"LiquidBronze"},{"floor":29,"key":"Regen Potion"}],"is_trial":false,"path_per_floor":["M","M","?","M","M","R","?","?","T","$","R","E","$","M","R","B",null,"M","M","?","?","M","R","E","R","T","R","$","M","?","M","R","B",null,"M","?","$","M","M","R","$","R","T","M","E"],"character_chosen":"DEFECT","items_purchased":["Ice Cream","DataDisk","Art of War","PanicButton"],"campfire_rested":4,"item_purchase_floors":[10,28,28,41],"current_hp_per_floor":[74,74,74,74,71,71,60,60,60,60,60,50,50,43,43,32,69,48,30,30,35,19,39,11,31,31,51,51,42,42,47,47,38,69,67,67,67,69,27,47,47,47,57,38,0],"gold":40,"neow_bonus":"BOSS_RELIC","is_prod":false,"is_daily":false,"chose_seed":false,"campfire_upgraded":5,"win_rate":0,"timestamp":1558274075,"path_taken":["M","?","?","M","?","R","?","?","T","$","R","E","$","M","R","BOSS","M","M","?","?","M","R","E","R","T","R","$","M","?","M","R","BOSS","M","?","$","?","M","R","?","R","T","?","E"],"build_version":"2019-01-23","purchased_purges":2,"victory":false,"max_hp_per_floor":[75,75,75,75,75,75,75,69,69,69,69,69,69,69,69,69,69,69,69,69,69,69,69,69,69,69,69,69,69,69,69,69,69,69,69,69,69,69,69,69,69,69,79,79,79],"card_choices":[{"not_picked":["Hello World","Chaos"],"picked":"Leap","floor":1},{"not_picked":["Rebound","Tempest","Chaos"],"picked":"SKIP","floor":2},{"not_picked":["Steam","Turbo"],"picked":"Gash","floor":4},{"not_picked":["Beam Cell","Ball Lightning"],"picked":"Rebound","floor":5},{"not_picked":["Thunder Strike","Conserve Battery"],"picked":"Doom and Gloom","floor":12},{"not_picked":["Hologram","Defragment"],"picked":"Gash","floor":14},{"not_picked":["Seek","Electrodynamics"],"picked":"Echo Form","floor":16},{"not_picked":["Stack","Sweeping Beam"],"picked":"Gash","floor":17},{"not_picked":["Chill","Tempest"],"picked":"Scrape","floor":17},{"not_picked":["Blizzard","Streamline","Cold Snap+1"],"picked":"SKIP","floor":18},{"not_picked":["Rebound+1","Defragment","BootSequence"],"picked":"SKIP","floor":19},{"not_picked":["Rebound+1","Defragment"],"picked":"BootSequence","floor":19},{"not_picked":["Biased Cognition","Steam"],"picked":"Undo","floor":22},{"not_picked":["Barrage","Chill","Force Field+1"],"picked":"SKIP","floor":24},{"not_picked":["Stack","Doom and Gloom","Ball Lightning"],"picked":"SKIP","floor":29},{"not_picked":["Sweeping Beam+1","Stack+1","FTL"],"picked":"SKIP","floor":31},{"not_picked":["Sweeping Beam+1","Stack+1","FTL"],"picked":"SKIP","floor":31},{"not_picked":["Electrodynamics","Machine Learning"],"picked":"Core Surge","floor":33},{"not_picked":["Turbo","Ball Lightning+1","Streamline"],"picked":"SKIP","floor":35},{"not_picked":["Go for the Eyes","Blizzard"],"picked":"BootSequence+1","floor":38},{"not_picked":["Heatsinks","Turbo","Redo"],"picked":"SKIP","floor":39},{"not_picked":["Hologram","Conserve Battery+1"],"picked":"Multi-Cast","floor":44}],"player_experience":71813,"relics_obtained":[{"floor":9,"key":"Kunai"},{"floor":12,"key":"Symbiotic Virus"},{"floor":24,"key":"Whetstone"},{"floor":26,"key":"Darkstone Periapt"},{"floor":43,"key":"Pear"}],"event_choices":[{"damage_healed":0,"gold_gain":0,"player_choice":"Gave Potion","damage_taken":0,"relics_obtained":["War Paint"],"max_hp_gain":0,"max_hp_loss":0,"event_name":"WeMeetAgain","floor":3,"gold_loss":0},{"damage_healed":0,"gold_gain":75,"player_choice":"Gather Gold","damage_taken":11,"max_hp_gain":0,"max_hp_loss":0,"event_name":"World of Goop","floor":7,"gold_loss":0},{"damage_healed":0,"gold_gain":0,"player_choice":"Lose Max HP","damage_taken":0,"relics_obtained":["Golden Idol"],"max_hp_gain":0,"max_hp_loss":6,"event_name":"Golden Idol","floor":8,"gold_loss":0},{"damage_healed":0,"gold_gain":0,"player_choice":"Gave Idol","damage_taken":0,"relics_obtained":["Bloody Idol"],"max_hp_gain":0,"max_hp_loss":0,"event_name":"Forgotten Altar","floor":20,"relics_lost":["Golden Idol"],"gold_loss":0},{"damage_healed":0,"gold_gain":99,"player_choice":"Stole From Cult","damage_taken":0,"max_hp_gain":0,"max_hp_loss":0,"event_name":"Nest","floor":21,"gold_loss":0},{"cards_removed":["Strike_B"],"damage_healed":0,"gold_gain":0,"player_choice":"Elegance","damage_taken":0,"max_hp_gain":0,"max_hp_loss":0,"event_name":"Back to Basics","floor":30,"gold_loss":0},{"damage_healed":0,"gold_gain":0,"player_choice":"Upgraded","damage_taken":0,"max_hp_gain":0,"max_hp_loss":0,"event_name":"Upgrade Shrine","floor":36,"gold_loss":0,"cards_upgraded":["Undo"]}],"is_beta":false,"boss_relics":[{"not_picked":["Calling Bell","Eternal Feather"],"picked":"Orrery"},{"not_picked":["Pandora\u0027s Box","Astrolabe"],"picked":"Black Star"}],"items_purged_floors":[28,37],"is_endless":false,"potions_floor_spawned":[1,5,16,22,29,33,35,44],"killed_by":"Reptomancer","ascension_level":4}