{"gold_per_floor":[16,26,26,41,59,59,71,84,110,122,134,165,177,139,151,267,279,303,165,165,176,50,50,83,114,114,130],"floor_reached":27,"playtime":1222,"items_purged":["Strike_B","Strike_B+1"],"score":225,"play_id":"ad77412d-e192-4caa-ae7c-ec0aa96f5f1d","local_time":"20190309000816","is_ascension_mode":false,"campfire_choices":[{"data":"Consume","floor":6,"key":"SMITH"},{"data":"Zap","floor":11,"key":"SMITH"},{"data":"Conserve Battery","floor":13,"key":"SMITH"},{"data":"Hologram","floor":15,"key":"SMITH"},{"data":"Capacitor","floor":23,"key":"SMITH"}],"neow_cost":"NO_GOLD","seed_source_timestamp":429382824888309,"circlet_count":0,"master_deck":["Strike_B+1","Defend_B+1","Defend_B+1","Defend_B+1","Defend_B+1","Zap+1","Dualcast+1","Hologram+1","Consume+1","Ball Lightning","Loop+1","Hologram","Gash","Conserve Battery+1","Core Surge","Tempest","Capacitor+1","Redo","Gash","Tempest+1","Compile Driver"],"relics":["Cracked Core","Dead Branch","MawBank","Sozu","Bag of Marbles","Red Mask","Mummified Hand"],"potions_floor_usage":[18,25],"damage_taken":[{"damage":1,"enemies":"Jaw Worm","floor":1,"turns":3},{"damage":0,"enemies":"2 Louse","floor":2,"turns":2},{"damage":0,"enemies":"Cultist","floor":4,"turns":2},{"damage":2,"enemies":"Blue Slaver","floor":5,"turns":4},{"damage":10,"enemies":"Looter","floor":7,"turns":2},{"damage":7,"enemies":"2 Fungi Beasts","floor":8,"turns":2},{"damage":0,"enemies":"3 Louse","floor":12,"turns":2},{"damage":5,"enemies":"The Guardian","floor":16,"turns":7},{"damage":7,"enemies":"Chosen","floor":18,"turns":4},{"damage":2,"enemies":"Shell Parasite","floor":21,"turns":4},{"damage":40,"enemies":"Book of Stabbing","floor":24,"turns":6},{"damage":15,"enemies":"Masked Bandits","floor":25,"turns":3},{"damage":5,"enemies":"Snake Plant","floor":27,"turns":3}],"seed_played":"8545517991528919544","potions_obtained":[{"floor":2,"key":"Strength Potion"},{"floor":4,"key":"SpeedPotion"},{"floor":7,"key":"PowerPotion"},{"floor":12,"key":"SpeedPotion"}],"is_trial":false,"path_per_floor":["M","M","?","M","M","R","M","M","T","?","R","M","R","?","R","B",null,"M","$","?","M","$","R","E","?","T","M"],"character_chosen":"DEFECT","items_purchased":["Capacitor","Gash"],"campfire_rested":0,"item_purchase_floors":[19,22],"current_hp_per_floor":[74,74,59,59,57,57,47,40,40,40,40,40,40,40,40,35,75,68,68,68,66,66,66,26,11,11,6],"gold":130,"neow_bonus":"ONE_RARE_RELIC","is_prod":false,"is_daily":false,"chose_seed":false,"campfire_upgraded":5,"win_rate":0,"timestamp":1552111696,"path_taken":["M","M","?","M","M","R","M","M","T","?","R","?","R","?","R","BOSS","M","$","?","M","$","R","E","?","T","M"],"build_version":"2019-01-23","purchased_purges":2,"victory":false,"max_hp_per_floor":[75,75,75,75,75,75,75,75,75,75,75,75,75,75,75,75,75,75,75,75,75,75,75,75,75,75,75],"card_choices":[{"not_picked":["Cold Snap","Darkness"],"picked":"Hologram","floor":1},{"not_picked":["BootSequence","Storm"],"picked":"Consume","floor":2},{"not_picked":["Turbo","Barrage"],"picked":"Ball Lightning","floor":4},{"not_picked":["Chill","Beam Cell"],"picked":"Loop","floor":5},{"not_picked":["Coolheaded","Barrage"],"picked":"Hologram","floor":7},{"not_picked":["Turbo","Sweeping Beam"],"picked":"Gash","floor":8},{"not_picked":["Stack","Beam Cell"],"picked":"Conserve Battery","floor":12},{"not_picked":["Multi-Cast","Meteor Strike"],"picked":"Core Surge","floor":16},{"not_picked":["Heatsinks","Rebound+1"],"picked":"Tempest","floor":18},{"not_picked":["Leap","Beam Cell+1"],"picked":"Redo","floor":21},{"not_picked":["Turbo","Redo","Heatsinks"],"picked":"SKIP","floor":24},{"not_picked":["Beam Cell+1","BootSequence"],"picked":"Tempest+1","floor":25},{"not_picked":["Steam Power","Scrape+1"],"picked":"Compile Driver","floor":27}],"player_experience":214234,"relics_obtained":[{"floor":9,"key":"MawBank"},{"floor":24,"key":"Bag of Marbles"},{"floor":25,"key":"Red Mask"},{"floor":26,"key":"Mummified Hand"}],"event_choices":[{"damage_healed":0,"gold_gain":0,"player_choice":"Entered Light","damage_taken":15,"max_hp_gain":0,"max_hp_loss":0,"event_name":"Shining Light","floor":3,"gold_loss":0,"cards_upgraded":["Defend_B","Dualcast"]},{"damage_healed":0,"gold_gain":0,"player_choice":"Upgraded","damage_taken":0,"max_hp_gain":0,"max_hp_loss":0,"event_name":"Upgrade Shrine","floor":10,"gold_loss":0,"cards_upgraded":["Loop"]},{"cards_removed":["Strike_B"],"damage_healed":0,"gold_gain":0,"player_choice":"Card Removal","damage_taken":0,"max_hp_gain":0,"max_hp_loss":0,"event_name":"The Cleric","floor":14,"gold_loss":50},{"damage_healed":0,"gold_gain":0,"player_choice":"Simplicity","damage_taken":0,"max_hp_gain":0,"max_hp_loss":0,"event_name":"Back to Basics","floor":20,"gold_loss":0,"cards_upgraded":["Strike_B","Strike_B","Defend_B","Defend_B","Defend_B"]},{"damage_healed":0,"gold_gain":0,"player_choice":"Fought Bandits","damage_taken":0,"max_hp_gain":0,"max_hp_loss":0,"event_name":"Masked Bandits","floor":25,"gold_loss":0}],"is_beta":false,"boss_relics":[{"not_picked":["Empty Cage","Runic Dome"],"picked":"Sozu"}],"items_purged_floors":[19,22],"is_endless":false,"potions_floor_spawned":[2,4,7,12,18,25],"killed_by":"Snake Plant","ascension_level":0}