{"gold_per_floor":[109,120,120,20,30,30,62,62,62,76,95,122,22,35,35,139,139,158,33,50,50,68,68,78,90,116,128,140,2,18,33,33,136,136,154,169,179,99,99,99,199,199,222,222,235,235,266,278,278,278],"floor_reached":51,"playtime":9626,"items_purged":["Strike_B","Strike_B","Defend_B","Defend_B"],"score":877,"play_id":"ac40de0a-b2a9-45f1-81a6-9b51006fbe00","local_time":"20181211223009","is_ascension_mode":true,"campfire_choices":[{"data":"Buffer","floor":6,"key":"SMITH"},{"data":"Go for the Eyes","floor":8,"key":"SMITH"},{"data":"Dualcast","floor":15,"key":"SMITH"},{"data":"Hologram","floor":23,"key":"SMITH"},{"data":"Coolheaded","floor":28,"key":"SMITH"},{"data":"Reinforced Body","floor":32,"key":"SMITH"},{"data":"Defragment","floor":40,"key":"SMITH"},{"data":"Capacitor","floor":44,"key":"SMITH"},{"floor":49,"key":"REST"}],"neow_cost":"NONE","seed_source_timestamp":2888260817147493,"circlet_count":0,"master_deck":["Dualcast+1","Gash","Buffer+1","Cold Snap","Gash","Go for the Eyes+1","Conserve Battery","Gash","Reinforced Body+1","Capacitor+1","Seek+1","Hologram+1","Rebound+1","Hologram+1","Chill+1","Glacier","Coolheaded+1","BootSequence+1","Machine Learning","Gash+1","Defragment+1","Madness","Madness","Force Field"],"relics":["Cracked Core","Meat on the Bone","Dream Catcher","Gremlin Horn","Dodecahedron","Astrolabe","MawBank","Empty Cage","StoneCalendar","Blood Vial","Darkstone Periapt"],"potions_floor_usage":[12,22,31,31,37,50,50],"damage_taken":[{"damage":1,"enemies":"2 Louse","floor":1,"turns":2},{"damage":1,"enemies":"Cultist","floor":2,"turns":3},{"damage":9,"enemies":"Small Slimes","floor":5,"turns":3},{"damage":0,"enemies":"Lagavulin","floor":7,"turns":7},{"damage":0,"enemies":"3 Louse","floor":10,"turns":3},{"damage":0,"enemies":"Blue Slaver","floor":11,"turns":4},{"damage":0,"enemies":"3 Sentries","floor":12,"turns":7},{"damage":0,"enemies":"Large Slime","floor":14,"turns":6},{"damage":44,"enemies":"Hexaghost","floor":16,"turns":13},{"damage":0,"enemies":"3 Byrds","floor":18,"turns":5},{"damage":21,"enemies":"2 Thieves","floor":20,"turns":5},{"damage":0,"enemies":"Cultist and Chosen","floor":22,"turns":8},{"damage":14,"enemies":"Chosen and Byrds","floor":24,"turns":8},{"damage":0,"enemies":"Centurion and Healer","floor":25,"turns":7},{"damage":14,"enemies":"Snake Plant","floor":30,"turns":5},{"damage":7,"enemies":"Snecko","floor":31,"turns":8},{"damage":0,"enemies":"Champ","floor":33,"turns":12},{"damage":0,"enemies":"3 Darklings","floor":35,"turns":6},{"damage":0,"enemies":"3 Shapes","floor":36,"turns":5},{"damage":0,"enemies":"Transient","floor":37,"turns":5},{"damage":0,"enemies":"Mind Bloom Boss Battle","floor":41,"turns":7},{"damage":1,"enemies":"Maw","floor":45,"turns":7},{"damage":51,"enemies":"Reptomancer","floor":47,"turns":8},{"damage":0,"enemies":"Spire Growth","floor":48,"turns":7},{"damage":26,"enemies":"Awakened One","floor":50,"turns":16}],"seed_played":"-3519618604758578086","potions_obtained":[{"floor":2,"key":"FocusPotion"},{"floor":5,"key":"EssenceOfSteel"},{"floor":12,"key":"FocusPotion"},{"floor":18,"key":"Explosive Potion"},{"floor":24,"key":"Explosive Potion"},{"floor":25,"key":"Regen Potion"},{"floor":30,"key":"Regen Potion"},{"floor":35,"key":"Energy Potion"},{"floor":47,"key":"LiquidBronze"}],"is_trial":false,"path_per_floor":["M","M","?","$","M","R","E","R","T","M","M","E","$","M","R","B",null,"M","$","M","?","M","R","M","M","T","$","R","$","M","M","R","B",null,"M","M","M","$","?","R","?","?","T","R","M","?","E","M","R","B",null],"character_chosen":"DEFECT","items_purchased":["Cold Snap","Defragment"],"campfire_rested":1,"item_purchase_floors":[4,38],"current_hp_per_floor":[74,73,73,73,64,64,64,64,64,64,64,64,64,64,64,32,75,75,75,54,54,54,54,40,40,40,40,40,40,38,75,75,75,75,75,75,75,75,75,75,75,75,75,75,74,65,28,42,64,40],"gold":278,"neow_bonus":"UPGRADE_CARD","is_prod":false,"is_daily":false,"chose_seed":false,"campfire_upgraded":8,"win_rate":0,"timestamp":1544585409,"path_taken":["M","M","?","$","M","R","E","R","T","M","M","E","$","M","R","BOSS","M","$","M","?","M","R","M","M","T","?","R","$","M","?","R","BOSS","M","M","?","$","?","R","?","?","T","R","M","?","E","M","R","BOSS"],"build_version":"2018-12-06","purchased_purges":4,"victory":true,"max_hp_per_floor":[75,75,75,75,75,75,75,75,75,75,75,75,75,75,75,75,75,75,75,75,75,75,75,75,75,75,75,75,75,75,75,75,75,75,75,75,75,75,75,75,75,75,75,75,75,75,75,75,75,75],"card_choices":[{"not_picked":["Turbo","Stack"],"picked":"Gash","floor":1},{"not_picked":["Steam","Skim"],"picked":"Buffer","floor":2},{"not_picked":["Streamline","Steam"],"picked":"Gash","floor":5},{"not_picked":["White Noise","Force Field"],"picked":"Go for the Eyes","floor":7},{"not_picked":["Redo","Buffer"],"picked":"Conserve Battery","floor":10},{"not_picked":["Go for the Eyes","Consume"],"picked":"Gash","floor":11},{"not_picked":["Genetic Algorithm","Beam Cell"],"picked":"Reinforced Body","floor":12},{"not_picked":["Double Energy","Blizzard"],"picked":"Capacitor","floor":14},{"not_picked":["All For One","Rainbow"],"picked":"Seek","floor":16},{"not_picked":["Stack","Aggregate"],"picked":"Hologram","floor":18},{"not_picked":["Rip and Tear+1","Gash"],"picked":"Chill+1","floor":20},{"not_picked":["Redo","Hello World"],"picked":"Glacier","floor":22},{"not_picked":["Redo","Leap+1","Barrage+1"],"picked":"SKIP","floor":24},{"not_picked":["Rebound","Chaos+1"],"picked":"Coolheaded","floor":25},{"not_picked":["Beam Cell","Barrage","Consume"],"picked":"SKIP","floor":30},{"not_picked":["Rip and Tear","Steam Power+1"],"picked":"BootSequence+1","floor":31},{"not_picked":["Rainbow","Hyperbeam"],"picked":"Machine Learning","floor":33},{"not_picked":["Compile Driver+1","Barrage"],"picked":"Gash+1","floor":35},{"not_picked":["Compile Driver","Barrage","Coolheaded"],"picked":"SKIP","floor":36},{"not_picked":["Turbo","Storm+1","Hello World"],"picked":"SKIP","floor":37},{"not_picked":["Steam","Leap+1","Lockon+1"],"picked":"SKIP","floor":45},{"not_picked":["Heatsinks","Streamline"],"picked":"Force Field","floor":47},{"not_picked":["Storm+1","Coolheaded+1","Melter"],"picked":"SKIP","floor":48}],"player_experience":213291,"relics_obtained":[{"floor":7,"key":"Dream Catcher"},{"floor":9,"key":"Gremlin Horn"},{"floor":12,"key":"Dodecahedron"},{"floor":26,"key":"MawBank"},{"floor":41,"key":"StoneCalendar"},{"floor":43,"key":"Blood Vial"},{"floor":47,"key":"Darkstone Periapt"}],"event_choices":[{"damage_healed":0,"gold_gain":0,"player_choice":"Gave Potion","damage_taken":0,"relics_obtained":["Meat on the Bone"],"max_hp_gain":0,"max_hp_loss":0,"event_name":"WeMeetAgain","floor":3,"gold_loss":0},{"damage_healed":0,"gold_gain":0,"player_choice":"Forge","damage_taken":0,"max_hp_gain":0,"max_hp_loss":0,"event_name":"Accursed Blacksmith","floor":21,"gold_loss":0,"cards_upgraded":["Seek"]},{"damage_healed":0,"gold_gain":0,"player_choice":"Ignored","damage_taken":0,"max_hp_gain":0,"max_hp_loss":0,"event_name":"Mysterious Sphere","floor":39,"gold_loss":0},{"damage_healed":0,"gold_gain":0,"player_choice":"Fight","damage_taken":0,"max_hp_gain":0,"max_hp_loss":0,"event_name":"MindBloom","floor":41,"gold_loss":0},{"cards_removed":["Chaos"],"damage_healed":0,"gold_gain":0,"player_choice":"Removed Skill","damage_taken":0,"max_hp_gain":0,"max_hp_loss":0,"event_name":"Falling","floor":42,"gold_loss":0},{"damage_healed":0,"gold_gain":0,"player_choice":"Embrace Madness","damage_taken":9,"max_hp_gain":0,"max_hp_loss":0,"event_name":"Winding Halls","floor":46,"gold_loss":0,"cards_obtained":["Madness","Madness"]}],"is_beta":false,"boss_relics":[{"not_picked":["Tiny House","Sozu"],"picked":"Astrolabe"},{"not_picked":["FrozenCore","Coffee Dripper"],"picked":"Empty Cage"}],"items_purged_floors":[4,13,19,29],"is_endless":false,"potions_floor_spawned":[2,5,12,18,24,25,30,35,47],"ascension_level":3}