{"gold_per_floor":[118,118,133,152,168,168,199,216,240,240,273,288,301,157,157,260,260,272,272,283,297,297,323,323,355,355,355,385,395,423,439,439,544,544,560,576,596,596,612,642,652,666,712,722,747,747,747,444,444,444],"floor_reached":50,"playtime":8766,"items_purged":[],"score":679,"play_id":"37affa74-8a7b-4c5f-8b3f-312143144072","local_time":"20190515162150","is_ascension_mode":true,"campfire_choices":[{"data":"True Grit","floor":6.0,"key":"SMITH"},{"data":"Havoc","floor":15.0,"key":"SMITH"},{"data":"Bash","floor":32.0,"key":"SMITH"},{"data":"Immolate","floor":47,"key":"SMITH"},{"floor":49,"key":"RECALL"}],"neow_cost":"NONE","seed_source_timestamp":519929460869020,"circlet_count":0,"master_deck":["Defend_R+1","Defend_R","Defend_R+1","Defend_R","Bash+1","True Grit+1","Clothesline","True Grit+1","Inflame+1","Flame Barrier","Havoc+1","Dropkick","Heavy Blade","Feed","Sword Boomerang","Corruption+1","Bite+1","Bite","Bite+1","Bite","Bite","Necronomicurse","Injury","Feel No Pain+1","Immolate+1","Ghostly Armor+1","Dual Wield+1","Regret","Pommel Strike+1","Limit Break","Immolate"],"special_seed":0,"relics":["Burning Blood","Bag of Preparation","Lantern","Happy Flower","Cursed Key","Nloth\u0027s Gift","Whetstone","Necronomicon","Paper Frog","Darkstone Periapt","Regal Pillow","Bronze Scales","Busted Crown","Question Card","Dream Catcher","Blood Vial","Meat on the Bone"],"potions_floor_usage":[41,44,50],"damage_taken":[{"damage":2.0,"enemies":"Small Slimes","floor":1.0,"turns":4.0},{"damage":0.0,"enemies":"2 Louse","floor":3.0,"turns":2.0},{"damage":3.0,"enemies":"Jaw Worm","floor":4.0,"turns":3.0},{"damage":0.0,"enemies":"2 Fungi Beasts","floor":5.0,"turns":4.0},{"damage":6.0,"enemies":"Gremlin Nob","floor":7.0,"turns":4.0},{"damage":5.0,"enemies":"Lots of Slimes","floor":8.0,"turns":4.0},{"damage":16.0,"enemies":"Lagavulin","floor":11.0,"turns":10.0},{"damage":0.0,"enemies":"Exordium Thugs","floor":12.0,"turns":5.0},{"damage":7.0,"enemies":"Looter","floor":13.0,"turns":3.0},{"damage":53.0,"enemies":"Hexaghost","floor":16.0,"turns":11.0},{"damage":13.0,"enemies":"Chosen","floor":18.0,"turns":6.0},{"damage":8.0,"enemies":"Shell Parasite","floor":20.0,"turns":4.0},{"damage":40.0,"enemies":"Sentry and Sphere","floor":21.0,"turns":8.0},{"damage":34.0,"enemies":"Gremlin Leader","floor":23.0,"turns":8.0},{"damage":10.0,"enemies":"Book of Stabbing","floor":25.0,"turns":4.0},{"damage":0.0,"enemies":"Gremlin Leader","floor":28.0,"turns":3.0},{"damage":5.0,"enemies":"Centurion and Healer","floor":29.0,"turns":7.0},{"damage":3.0,"enemies":"Book of Stabbing","floor":30.0,"turns":5.0},{"damage":20.0,"enemies":"Cultist and Chosen","floor":31.0,"turns":6.0},{"damage":68.0,"enemies":"Automaton","floor":33.0,"turns":10.0},{"damage":0.0,"enemies":"Orb Walker","floor":35.0,"turns":3.0},{"damage":5.0,"enemies":"3 Shapes","floor":36.0,"turns":2.0},{"damage":8.0,"enemies":"3 Darklings","floor":37.0,"turns":7.0},{"damage":2,"enemies":"Sphere and 2 Shapes","floor":39,"turns":4},{"damage":31,"enemies":"Giant Head","floor":40,"turns":8},{"damage":35,"enemies":"Maw","floor":41,"turns":7},{"damage":9,"enemies":"4 Shapes","floor":42,"turns":6},{"damage":12,"enemies":"Transient","floor":44,"turns":5},{"damage":87,"enemies":"Reptomancer","floor":45,"turns":8},{"damage":25,"enemies":"Donu and Deca","floor":50,"turns":3}],"seed_played":"684840475818697699","potions_obtained":[{"floor":3.0,"key":"SkillPotion"},{"floor":5.0,"key":"Strength Potion"},{"floor":7.0,"key":"Strength Potion"},{"floor":12.0,"key":"Strength Potion"},{"floor":16.0,"key":"GamblersBrew"},{"floor":20.0,"key":"Fruit Juice"},{"floor":25.0,"key":"Explosive Potion"},{"floor":29.0,"key":"Weak Potion"},{"floor":33.0,"key":"BloodPotion"},{"floor":37.0,"key":"Swift Potion"},{"floor":42,"key":"GamblersBrew"},{"floor":45,"key":"EssenceOfSteel"}],"is_trial":false,"path_per_floor":["M","?","M","M","M","R","E","M","T","?","E","M","M","$","R","B",null,"M","?","M","M","?","E","?","E","T","?","E","M","E","M","R","B",null,"M","M","M","?","M","E","M","M","T","M","E","?","R","$","R","B"],"character_chosen":"IRONCLAD","items_purchased":["Happy Flower","Limit Break","Immolate"],"campfire_rested":0,"item_purchase_floors":[14,48,48],"current_hp_per_floor":[88,70,76,79,85,85,85,86,86,86,76,82,81,81,81,34,88,84,84,90,56,56,46,30,31,31,31,42,65,72,60,60,23,72,75,75,78,78,81,60,58,68,74,82,17,17,17,17,17,0],"gold":444,"neow_bonus":"TEN_PERCENT_HP_BONUS","is_prod":false,"is_daily":false,"chose_seed":false,"campfire_upgraded":4,"win_rate":0,"timestamp":1557917510,"path_taken":["M","?","M","M","M","R","E","M","T","?","E","M","M","?","R","BOSS","M","?","M","?","?","E","?","E","T","?","E","M","E","M","R","BOSS","M","M","M","?","?","E","M","?","T","M","E","?","R","$","R","BOSS"],"build_version":"2019-01-23","purchased_purges":0,"victory":false,"max_hp_per_floor":[88,88,88,88,88,88,88,88,88,88,88,88,88,88,88,88,88,91,91,99,99,69,69,69,69,69,69,69,72,72,72,72,72,72,75,75,78,78,81,81,84,87,93,93,93,93,93,93,93,93],"card_choices":[{"not_picked":["Reckless Charge","Anger"],"picked":"True Grit","floor":1.0},{"not_picked":["Armaments","Perfected Strike"],"picked":"Clothesline","floor":3.0},{"not_picked":["Searing Blow","Armaments"],"picked":"True Grit","floor":4.0},{"not_picked":["Perfected Strike","Searing Blow"],"picked":"Inflame","floor":5.0},{"not_picked":["Ghostly Armor","Clothesline"],"picked":"Flame Barrier","floor":7.0},{"not_picked":["Infernal Blade","Anger"],"picked":"Havoc","floor":8.0},{"not_picked":["Perfected Strike","Body Slam"],"picked":"Heavy Blade","floor":11.0},{"not_picked":["Dual Wield","Twin Strike","Uppercut"],"picked":"SKIP","floor":12.0},{"not_picked":["Wild Strike","Twin Strike","Berserk"],"picked":"SKIP","floor":13.0},{"not_picked":["Bludgeon","Double Tap"],"picked":"Feed","floor":16.0},{"not_picked":["Power Through","Fire Breathing+1"],"picked":"Sword Boomerang","floor":18.0},{"not_picked":["True Grit+1","Cleave"],"picked":"Corruption+1","floor":20.0},{"not_picked":["Feed","Fire Breathing+1","True Grit"],"picked":"SKIP","floor":21.0},{"not_picked":["Body Slam+1","Feed","Iron Wave"],"picked":"SKIP","floor":23.0},{"not_picked":["Flex","Havoc","Armaments"],"picked":"SKIP","floor":25.0},{"not_picked":["Juggernaut","Clash","Blood for Blood+1"],"picked":"SKIP","floor":28.0},{"not_picked":["Cleave","Seeing Red","Rage"],"picked":"SKIP","floor":29.0},{"not_picked":["Juggernaut","Iron Wave"],"picked":"Feel No Pain+1","floor":30.0},{"not_picked":["Uppercut+1","Wild Strike","Thunderclap"],"picked":"SKIP","floor":31.0},{"not_picked":["Berserk","Juggernaut"],"picked":"Immolate","floor":33.0},{"not_picked":["Infernal Blade+1"],"picked":"SKIP","floor":35.0},{"not_picked":[],"picked":"Ghostly Armor+1","floor":36.0},{"not_picked":["Twin Strike+1"],"picked":"SKIP","floor":37.0},{"not_picked":["Warcry"],"picked":"Dual Wield+1","floor":39},{"not_picked":["Feel No Pain+1","Iron Wave+1"],"picked":"SKIP","floor":40},{"not_picked":["Armaments+1","Iron Wave+1"],"picked":"SKIP","floor":41},{"not_picked":["Sentinel","Uppercut"],"picked":"SKIP","floor":42},{"not_picked":["Flex+1","Twin Strike+1"],"picked":"SKIP","floor":44},{"not_picked":["Cleave+1"],"picked":"Pommel Strike+1","floor":45}],"player_experience":321769,"relics_obtained":[{"floor":7.0,"key":"Bag of Preparation"},{"floor":9.0,"key":"Lantern"},{"floor":11.0,"key":"War Paint"},{"floor":23.0,"key":"Whetstone"},{"floor":24.0,"key":"Necronomicon"},{"floor":25.0,"key":"Paper Frog"},{"floor":26.0,"key":"Darkstone Periapt"},{"floor":28.0,"key":"Regal Pillow"},{"floor":30.0,"key":"Bronze Scales"},{"floor":40,"key":"Dream Catcher"},{"floor":43,"key":"Blood Vial"},{"floor":45,"key":"Meat on the Bone"}],"event_choices":[{"damage_healed":0.0,"max_hp_gain":0.0,"max_hp_loss":0.0,"gold_gain":0.0,"event_name":"Shining Light","player_choice":"Entered Light","floor":2.0,"gold_loss":0.0,"damage_taken":18.0,"cards_upgraded":["Strike_R","True Grit"]},{"damage_healed":0.0,"max_hp_gain":0.0,"max_hp_loss":0.0,"gold_gain":0.0,"cards_transformed":["Strike_R"],"event_name":"Living Wall","player_choice":"Change","floor":10.0,"gold_loss":0.0,"damage_taken":0.0,"cards_obtained":["Dropkick"]},{"damage_healed":0.0,"max_hp_gain":0.0,"max_hp_loss":0.0,"gold_gain":0.0,"event_name":"N\u0027loth","player_choice":"Traded Relic","floor":19.0,"relics_lost":["War Paint"],"gold_loss":0.0,"damage_taken":0.0,"relics_obtained":["Nloth\u0027s Gift"]},{"damage_healed":0.0,"max_hp_gain":0.0,"max_hp_loss":30.0,"gold_gain":0.0,"event_name":"Vampires","player_choice":"Became a vampire","floor":22.0,"gold_loss":0.0,"damage_taken":0.0,"cards_obtained":["Bite","Bite","Bite","Bite","Bite"]},{"damage_healed":0.0,"max_hp_gain":0.0,"max_hp_loss":0.0,"gold_gain":0.0,"event_name":"Cursed Tome","player_choice":"Obtained Book","floor":24.0,"gold_loss":0.0,"damage_taken":16.0},{"damage_healed":0.0,"max_hp_gain":0.0,"max_hp_loss":0.0,"gold_gain":0.0,"event_name":"Accursed Blacksmith","player_choice":"Forge","floor":27.0,"gold_loss":0.0,"damage_taken":0.0,"cards_upgraded":["Inflame"]},{"damage_healed":0.0,"max_hp_gain":0.0,"max_hp_loss":0.0,"gold_gain":0.0,"event_name":"WeMeetAgain","player_choice":"Gave Potion","floor":38.0,"gold_loss":0.0,"damage_taken":0.0,"relics_obtained":["Question Card"]},{"damage_healed":0,"gold_gain":0,"player_choice":"Ignored","damage_taken":0,"max_hp_gain":0,"max_hp_loss":0,"event_name":"Tomb of Lord Red Mask","floor":46,"gold_loss":0}],"is_beta":false,"boss_relics":[{"not_picked":["Runic Dome","Velvet Choker"],"picked":"Cursed Key"},{"not_picked":["Snecko Eye","Astrolabe"],"picked":"Busted Crown"}],"items_purged_floors":[],"is_endless":false,"potions_floor_spawned":[3,5,7,12,16,20,25,29,33,37,42,45],"killed_by":"Donu and Deca","ascension_level":1}