{"gold_per_floor":[119,119,139,156,231,231,263,263,263,263,111,111,111,128,128,128],"floor_reached":16,"playtime":293,"items_purged":["Strike_R"],"score":98,"play_id":"661e34de-9584-45fc-8905-b8e4c2f0acb0","local_time":"20190524181034","is_ascension_mode":false,"campfire_choices":[{"data":"Bash","floor":6,"key":"SMITH"},{"data":"Headbutt","floor":8,"key":"SMITH"},{"data":"Rampage","floor":12,"key":"SMITH"},{"data":"Defend_R","floor":15,"key":"SMITH"}],"neow_cost":"NONE","seed_source_timestamp":107309199963112,"circlet_count":0,"master_deck":["Strike_R","Strike_R","Strike_R","Strike_R","Defend_R+1","Defend_R","Defend_R","Defend_R","Bash+1","Ghostly Armor+1","Headbutt+1","Rampage+1"],"relics":["Burning Blood","Frozen Egg 2","Toxic Egg 2"],"potions_floor_usage":[],"damage_taken":[{"damage":0,"enemies":"Small Slimes","floor":1,"turns":3},{"damage":20,"enemies":"2 Louse","floor":3,"turns":5},{"damage":3,"enemies":"Jaw Worm","floor":4,"turns":4},{"damage":28,"enemies":"Gremlin Nob","floor":7,"turns":4},{"damage":16,"enemies":"Large Slime","floor":14,"turns":4},{"damage":52,"enemies":"Hexaghost","floor":16,"turns":9}],"seed_played":"-2033205552156346504","potions_obtained":[{"floor":3,"key":"FearPotion"}],"is_trial":false,"path_per_floor":["M","?","M","M","?","R","E","R","T","?","$","R","?","M","R","B"],"character_chosen":"IRONCLAD","items_purchased":["Rampage"],"campfire_rested":0,"item_purchase_floors":[11],"current_hp_per_floor":[80,80,66,69,58,58,36,36,36,36,36,36,62,52,52,0],"gold":128,"neow_bonus":"THREE_CARDS","is_prod":false,"is_daily":false,"chose_seed":false,"campfire_upgraded":4,"win_rate":0,"timestamp":1558714234,"path_taken":["M","?","M","M","?","R","E","R","T","?","?","R","?","M","R","BOSS"],"build_version":"2019-01-23","purchased_purges":1,"victory":false,"max_hp_per_floor":[80,80,80,80,80,80,80,80,80,80,80,80,80,80,80,80],"card_choices":[{"not_picked":["Clash","Anger","Heavy Blade"],"picked":"SKIP","floor":1},{"not_picked":["Thunderclap","Body Slam","Hemokinesis"],"picked":"SKIP","floor":3},{"not_picked":["Intimidate","Feel No Pain"],"picked":"Ghostly Armor","floor":4},{"not_picked":["Anger","Second Wind"],"picked":"Headbutt","floor":7},{"not_picked":["Metallicize+1","Anger","Carnage"],"picked":"SKIP","floor":14}],"player_experience":89499,"relics_obtained":[{"floor":7,"key":"Frozen Egg 2"},{"floor":9,"key":"Toxic Egg 2"}],"event_choices":[{"damage_healed":0,"gold_gain":0,"player_choice":"Ignored","damage_taken":0,"max_hp_gain":0,"max_hp_loss":0,"event_name":"Liars Game","floor":2,"gold_loss":0},{"damage_healed":0,"gold_gain":75,"player_choice":"Gather Gold","damage_taken":11,"max_hp_gain":0,"max_hp_loss":0,"event_name":"World of Goop","floor":5,"gold_loss":0},{"damage_healed":0,"gold_gain":0,"player_choice":"Grow","damage_taken":0,"max_hp_gain":0,"max_hp_loss":0,"event_name":"Living Wall","floor":10,"gold_loss":0,"cards_upgraded":["Ghostly Armor"]},{"damage_healed":26,"gold_gain":0,"player_choice":"Banana","damage_taken":0,"max_hp_gain":0,"max_hp_loss":0,"event_name":"Big Fish","floor":13,"gold_loss":0}],"is_beta":false,"boss_relics":[],"items_purged_floors":[11],"is_endless":false,"potions_floor_spawned":[3],"killed_by":"Hexaghost","ascension_level":0}