{"gold_per_floor":[111,126,226,236,252,284,284,311,366,366],"floor_reached":10,"playtime":1043,"items_purged":[],"score":94,"play_id":"a83a15a9-754c-4f8a-9f16-1e4f91c8a145","local_time":"20190518112156","is_ascension_mode":true,"campfire_choices":[{"floor":7,"key":"REST"}],"neow_cost":"NONE","seed_source_timestamp":234805284905042,"circlet_count":0,"master_deck":["Defend_G","Defend_G","Defend_G","Defend_G","Defend_G","Strike_G","Strike_G","Strike_G","Strike_G","Strike_G","Survivor","Neutralize","Catalyst","Endless Agony","Backstab","PiercingWail","Deadly Poison","Deadly Poison"],"relics":["Ring of the Snake","Smiling Mask","Dodecahedron","Bottled Flame","Snake Skull"],"potions_floor_usage":[2,4,6],"damage_taken":[{"damage":6,"enemies":"Jaw Worm","floor":1,"turns":6},{"damage":1,"enemies":"Cultist","floor":2,"turns":6},{"damage":0,"enemies":"2 Louse","floor":4,"turns":4},{"damage":1,"enemies":"Looter","floor":5,"turns":3},{"damage":48,"enemies":"Gremlin Nob","floor":6,"turns":6},{"damage":34,"enemies":"3 Sentries","floor":8,"turns":11},{"damage":12,"enemies":"Gremlin Nob","floor":10,"turns":2}],"seed_played":"5643936282192143927","potions_obtained":[{"floor":1,"key":"Swift Potion"},{"floor":2,"key":"SkillPotion"},{"floor":5,"key":"Dexterity Potion"}],"is_trial":false,"path_per_floor":["M","M","?","M","M","E","R","E","T","E"],"character_chosen":"THE_SILENT","items_purchased":[],"campfire_rested":1,"item_purchase_floors":[],"current_hp_per_floor":[64,63,63,63,62,14,35,1,1,0],"gold":366,"neow_bonus":"RANDOM_COMMON_RELIC","is_prod":false,"is_daily":false,"chose_seed":false,"campfire_upgraded":0,"win_rate":0,"timestamp":1558158716,"path_taken":["M","M","?","M","?","E","R","E","T","E"],"build_version":"2019-01-23","purchased_purges":0,"victory":false,"max_hp_per_floor":[70,70,70,70,70,70,70,70,70,70],"card_choices":[{"not_picked":["Masterful Stab","Deflect"],"picked":"Catalyst","floor":1},{"not_picked":["Choke","Slice"],"picked":"Endless Agony","floor":2},{"not_picked":["Setup","Flechettes"],"picked":"Backstab","floor":4},{"not_picked":["Dagger Throw","Well Laid Plans"],"picked":"PiercingWail","floor":5},{"not_picked":["Prepared","Heel Hook"],"picked":"Deadly Poison","floor":6},{"not_picked":["Slice","Quick Slash"],"picked":"Deadly Poison","floor":8}],"player_experience":449985,"relics_obtained":[{"floor":6,"key":"Dodecahedron"},{"floor":8,"key":"Bottled Flame"},{"floor":9,"key":"Snake Skull"}],"event_choices":[{"damage_healed":0,"gold_gain":100,"player_choice":"Pray","damage_taken":0,"max_hp_gain":0,"max_hp_loss":0,"event_name":"Golden Shrine","floor":3,"gold_loss":0}],"is_beta":false,"boss_relics":[],"items_purged_floors":[],"is_endless":false,"potions_floor_spawned":[1,2,5],"killed_by":"Gremlin Nob","ascension_level":4}