{"gold_per_floor":[15,33,50,50,0,32,51,68,68,68,68,68,88,122,122,224,224,237,162,176,126,126,126,41,41,65,84,94,113,63,90,90,190,190,205,222,172,190,205,205,205,205,274,293,293,243,243,257,257,257],"floor_reached":51,"playtime":3945,"items_purged":["Strike_R","Defend_R","Defend_R","Defend_R","Rampage+1"],"score":692,"play_id":"866d0645-c94b-4842-986a-d0f01ed9b75c","local_time":"20180924043022","is_ascension_mode":true,"campfire_choices":[{"floor":11,"key":"REST"},{"floor":15,"key":"REST"},{"data":"Rampage","floor":23,"key":"SMITH"},{"data":"Rampage","floor":25,"key":"SMITH"},{"floor":32,"key":"REST"},{"data":"Shrug It Off","floor":40,"key":"SMITH"},{"floor":47,"key":"REST"},{"floor":49,"key":"REST"}],"neow_cost":"NO_GOLD","seed_source_timestamp":919339234430939,"circlet_count":0,"master_deck":["Rampage+1","True Grit","Headbutt","Shrug It Off+1","Metallicize","Offering","Shrug It Off","Madness","Madness"],"relics":["Burning Blood","Smiling Mask","Shuriken","Letter Opener","Question Card","Kunai","Mark of Pain","Juzu Bracelet","Pen Nib","Red Skull","Empty Cage","Frozen Egg 2"],"potions_floor_usage":[14,16,33,33,33],"damage_taken":[{"damage":1,"enemies":"2 Louse","floor":1,"turns":4},{"damage":0,"enemies":"Small Slimes","floor":2,"turns":3},{"damage":0,"enemies":"Cultist","floor":3,"turns":4},{"damage":36,"enemies":"3 Sentries","floor":6,"turns":11},{"damage":35,"enemies":"Exordium Thugs","floor":7,"turns":8},{"damage":2,"enemies":"2 Fungi Beasts","floor":8,"turns":4},{"damage":4,"enemies":"Exordium Wildlife","floor":13,"turns":6},{"damage":21,"enemies":"Gremlin Nob","floor":14,"turns":5},{"damage":50,"enemies":"The Guardian","floor":16,"turns":9},{"damage":15,"enemies":"Chosen","floor":18,"turns":5},{"damage":6,"enemies":"Shell Parasite","floor":20,"turns":6},{"damage":30,"enemies":"Cultist and Chosen","floor":27,"turns":5},{"damage":6,"enemies":"Centurion and Healer","floor":28,"turns":5},{"damage":21,"enemies":"3 Cultists","floor":29,"turns":5},{"damage":6,"enemies":"Champ","floor":33,"turns":7},{"damage":11,"enemies":"3 Shapes","floor":35,"turns":3},{"damage":13,"enemies":"3 Darklings","floor":36,"turns":4},{"damage":24,"enemies":"Maw","floor":38,"turns":6},{"damage":23,"enemies":"Reptomancer","floor":39,"turns":6},{"damage":5,"enemies":"Sphere and 2 Shapes","floor":44,"turns":5},{"damage":2,"enemies":"Maw","floor":48,"turns":6},{"damage":57,"enemies":"Donu and Deca","floor":50,"turns":9}],"seed_played":"-2566849153785740637","potions_obtained":[{"floor":1,"key":"FearPotion"},{"floor":2,"key":"Strength Potion"},{"floor":8,"key":"Weak Potion"},{"floor":16,"key":"SpeedPotion"},{"floor":18,"key":"LiquidBronze"},{"floor":29,"key":"Energy Potion"},{"floor":35,"key":"SpeedPotion"},{"floor":36,"key":"SteroidPotion"}],"is_trial":false,"path_per_floor":["M","M","M","?","$","E","M","M","T","T","R","?","M","E","R","B",null,"M","?","M","$","?","R","?","R","T","M","M","M","$","T","R","B",null,"M","M","$","M","M","R","?","?","T","M","?","$","R","M","R","B"],"character_chosen":"IRONCLAD","items_purchased":[],"campfire_rested":5,"item_purchase_floors":[],"current_hp_per_floor":[80,80,80,77,77,47,18,22,22,22,46,46,48,33,57,13,80,71,71,71,71,56,56,56,56,56,32,32,17,17,17,42,42,85,80,73,73,55,38,38,38,38,38,39,28,28,53,57,82,31],"gold":257,"neow_bonus":"REMOVE_TWO","is_prod":false,"is_daily":false,"chose_seed":false,"campfire_upgraded":3,"win_rate":0,"timestamp":1537777822,"path_taken":["M","M","M","?","$","E","M","?","T","?","R","?","M","E","R","BOSS","M","?","M","$","?","R","?","R","T","M","M","M","$","?","R","BOSS","M","M","$","M","M","R","?","?","T","M","?","$","R","M","R","BOSS"],"build_version":"2018-09-20","purchased_purges":5,"victory":true,"max_hp_per_floor":[80,80,80,80,80,80,80,80,80,80,80,80,80,80,80,80,80,80,80,80,80,85,85,85,85,85,85,85,85,85,85,85,85,85,85,85,85,85,85,85,85,85,85,85,85,85,85,85,85,85],"card_choices":[{"not_picked":["Cleave","Pommel Strike"],"picked":"Rampage","floor":1},{"not_picked":["Clash","Flex"],"picked":"True Grit","floor":2},{"not_picked":["True Grit","Clash"],"picked":"Rampage","floor":3},{"not_picked":["Reckless Charge","Flex","Second Wind"],"picked":"SKIP","floor":6},{"not_picked":["Perfected Strike","Clothesline","Sword Boomerang"],"picked":"SKIP","floor":7},{"not_picked":["Whirlwind","Clash"],"picked":"Headbutt","floor":8},{"not_picked":["Pommel Strike","Body Slam","Impervious"],"picked":"Shrug It Off","floor":13},{"not_picked":["Dropkick","Warcry","Feel No Pain"],"picked":"Metallicize","floor":14},{"not_picked":["Feed","Impervious","Double Tap"],"picked":"Offering","floor":16},{"not_picked":["Pommel Strike","Clash","Infernal Blade+1"],"picked":"Shrug It Off","floor":18},{"not_picked":["Uppercut","Armaments","Anger","Pommel Strike+1"],"picked":"SKIP","floor":20},{"not_picked":["Wild Strike","Demon Form","Thunderclap+1","Twin Strike"],"picked":"SKIP","floor":27},{"not_picked":["Evolve+1","Pommel Strike","Havoc","Intimidate+1"],"picked":"SKIP","floor":28},{"not_picked":["Burning Pact+1","Evolve","Iron Wave","Spot Weakness+1"],"picked":"SKIP","floor":29},{"not_picked":["Sever Soul","Clothesline+1","Infernal Blade+1","Iron Wave"],"picked":"SKIP","floor":35},{"not_picked":["Fire Breathing+1","Sword Boomerang+1","Dark Embrace","Spot Weakness"],"picked":"SKIP","floor":36},{"not_picked":["Clothesline+1","Inflame+1","Warcry","Pommel Strike"],"picked":"SKIP","floor":38},{"not_picked":["Shrug It Off+1","Clash","Feel No Pain","Headbutt"],"picked":"SKIP","floor":39},{"not_picked":["Battle Trance+1","Sever Soul+1","Burning Pact+1","Inflame+1"],"picked":"SKIP","floor":44},{"not_picked":["Impervious","Wild Strike+1","Anger","Armaments+1"],"picked":"SKIP","floor":48}],"player_experience":147654,"relics_obtained":[{"floor":6,"key":"Shuriken"},{"floor":9,"key":"Letter Opener"},{"floor":10,"key":"Question Card"},{"floor":14,"key":"Kunai"},{"floor":26,"key":"Pen Nib"},{"floor":31,"key":"Red Skull"},{"floor":43,"key":"Frozen Egg 2"}],"event_choices":[{"event_name":"Scrap Ooze","player_choice":"success","floor":4,"damage_taken":3},{"event_name":"Living Wall","player_choice":"Forget","floor":12,"damage_taken":0},{"event_name":"Beggar","player_choice":"Gave Gold","floor":19,"damage_taken":0},{"event_name":"Forgotten Altar","player_choice":"Shed Blood","floor":22,"damage_taken":0},{"event_name":"Addict","player_choice":"Obtained Relic","floor":24,"damage_taken":0},{"event_name":"The Moai Head","player_choice":"Ignored","floor":41,"damage_taken":0},{"event_name":"Mysterious Sphere","player_choice":"Ignore","floor":42,"damage_taken":0},{"event_name":"Winding Halls","player_choice":"Embrace Madness","floor":45,"damage_taken":0}],"is_beta":false,"boss_relics":[{"not_picked":["Calling Bell","Black Star"],"picked":"Mark of Pain"},{"not_picked":["Black Blood","Eternal Feather"],"picked":"Empty Cage"}],"items_purged_floors":[5,21,30,37,46],"is_endless":false,"potions_floor_spawned":[1,2,8,13,16,18,29,35,36],"ascension_level":1}