{"gold_per_floor":[110,120,133,133,151,151,186,199,199,199],"floor_reached":10,"playtime":281,"items_purged":[],"score":130,"play_id":"40da8855-d7b8-40d2-a36e-7c21d2f43166","local_time":"20190409025634","is_ascension_mode":true,"campfire_choices":[{"data":"Bloodletting","floor":6,"key":"SMITH"}],"neow_cost":"TEN_PERCENT_HP_LOSS","seed_source_timestamp":0,"circlet_count":0,"master_deck":["AscendersBane","Strike_R","Strike_R","Strike_R","Strike_R","Defend_R","Defend_R","Defend_R","Bash","Bloodletting+1","Twin Strike","Heavy Blade","Carnage","Pommel Strike"],"special_seed":0,"relics":["Burning Blood","Happy Flower","Du-Vu Doll"],"potions_floor_usage":[5,7],"damage_taken":[{"damage":6,"enemies":"Cultist","floor":1,"turns":3},{"damage":9,"enemies":"Jaw Worm","floor":2,"turns":5},{"damage":3,"enemies":"Small Slimes","floor":3,"turns":3},{"damage":36,"enemies":"Exordium Thugs","floor":5,"turns":4},{"damage":13,"enemies":"Gremlin Nob","floor":7,"turns":3},{"damage":7,"enemies":"Exordium Wildlife","floor":8,"turns":3},{"damage":40,"enemies":"Gremlin Gang","floor":10,"turns":3}],"seed_played":"-7007139866632779289","potions_obtained":[{"floor":1,"key":"Strength Potion"},{"floor":5,"key":"EntropicBrew"}],"is_trial":false,"path_per_floor":["M","M","M","?","M","R","E","M","T","M"],"character_chosen":"IRONCLAD","items_purchased":[],"campfire_rested":0,"item_purchase_floors":[],"current_hp_per_floor":[68,65,68,50,20,20,13,12,12,0],"gold":199,"neow_bonus":"TRANSFORM_TWO_CARDS","is_prod":false,"is_daily":false,"chose_seed":false,"campfire_upgraded":1,"win_rate":0,"timestamp":1554746194,"path_taken":["M","M","M","?","M","R","E","M","T","M"],"build_version":"2019-01-23","purchased_purges":0,"victory":false,"max_hp_per_floor":[68,68,68,68,68,68,68,68,68,68],"card_choices":[{"not_picked":["Reckless Charge","Anger"],"picked":"Bloodletting","floor":1},{"not_picked":["Shrug It Off","True Grit"],"picked":"Twin Strike","floor":2},{"not_picked":["Clothesline","Iron Wave"],"picked":"Heavy Blade","floor":3},{"not_picked":["Anger","Headbutt"],"picked":"Carnage","floor":5},{"not_picked":["Body Slam","Berserk","Power Through"],"picked":"SKIP","floor":7},{"not_picked":["Armaments","Flex"],"picked":"Pommel Strike","floor":8}],"player_experience":439863,"relics_obtained":[{"floor":7,"key":"Du-Vu Doll"}],"event_choices":[{"damage_healed":0,"gold_gain":0,"player_choice":"Success","damage_taken":18,"relics_obtained":["Happy Flower"],"max_hp_gain":0,"max_hp_loss":0,"event_name":"Scrap Ooze","floor":4,"gold_loss":0}],"is_beta":false,"boss_relics":[],"items_purged_floors":[],"is_endless":false,"potions_floor_spawned":[1,5,8],"killed_by":"Gremlin Gang","ascension_level":17}