{"gold_per_floor":[119,130,80,80,91,126,126,126],"floor_reached":8,"playtime":448,"items_purged":[],"score":92,"play_id":"c92c67d9-aa7c-4611-a27f-f714984d1b88","local_time":"20190603054525","is_ascension_mode":true,"campfire_choices":[{"data":"Armaments","floor":7,"key":"SMITH"}],"neow_cost":"TEN_PERCENT_HP_LOSS","seed_source_timestamp":57901103139653,"circlet_count":0,"master_deck":["AscendersBane","Strike_R","Strike_R","Strike_R","Defend_R","Defend_R","Defend_R","Defend_R","Bash","Shockwave","Sword Boomerang","Armaments+1"],"special_seed":0,"relics":["Burning Blood","Bird Faced Urn","Molten Egg 2"],"potions_floor_usage":[6],"damage_taken":[{"damage":15.0,"enemies":"Cultist","floor":1.0,"turns":5.0},{"damage":6,"enemies":"Jaw Worm","floor":2,"turns":4},{"damage":5,"enemies":"Small Slimes","floor":5,"turns":6},{"damage":50,"enemies":"3 Sentries","floor":6,"turns":12},{"damage":24,"enemies":"Lagavulin","floor":8,"turns":9}],"seed_played":"1886954734134040157","potions_obtained":[{"floor":2,"key":"BloodPotion"}],"is_trial":false,"path_per_floor":["M","M","?","?","M","E","R","E"],"character_chosen":"IRONCLAD","items_purchased":[],"campfire_rested":0,"item_purchase_floors":[],"current_hp_per_floor":[63,63,63,56,57,20,20,0],"gold":126,"neow_bonus":"ONE_RARE_RELIC","is_prod":false,"is_daily":false,"chose_seed":false,"campfire_upgraded":1,"win_rate":0,"timestamp":1559520925,"path_taken":["M","?","?","?","M","E","R","E"],"build_version":"2019-01-23","purchased_purges":0,"victory":false,"max_hp_per_floor":[72,72,72,72,72,72,72,72],"card_choices":[{"not_picked":["Anger","Heavy Blade"],"picked":"Shockwave","floor":1.0},{"not_picked":["Cleave","Wild Strike","Clash"],"picked":"SKIP","floor":2},{"not_picked":["Perfected Strike","Pommel Strike"],"picked":"Sword Boomerang","floor":5},{"not_picked":["Wild Strike","Berserk"],"picked":"Armaments","floor":6}],"player_experience":1123336,"relics_obtained":[{"floor":6,"key":"Molten Egg 2"}],"event_choices":[{"cards_removed":["Strike_R"],"damage_healed":0,"gold_gain":0,"player_choice":"Card Removal","damage_taken":0,"max_hp_gain":0,"max_hp_loss":0,"event_name":"The Cleric","floor":3,"gold_loss":50},{"cards_removed":["Strike_R"],"damage_healed":0,"gold_gain":0,"player_choice":"Card Removal","damage_taken":7,"max_hp_gain":0,"max_hp_loss":0,"event_name":"Golden Wing","floor":4,"gold_loss":0}],"is_beta":false,"boss_relics":[],"items_purged_floors":[],"is_endless":false,"potions_floor_spawned":[2],"killed_by":"Lagavulin","ascension_level":13}