{"gold_per_floor":[109,121,137,155,155,165,180,32,32,32,44,74,94,122,122,224,224,242,261,271,281,281],"floor_reached":22,"playtime":1740,"items_purged":[],"score":204,"play_id":"3f7a437e-2532-4681-81d2-8e931d17634b","local_time":"20190220173156","is_ascension_mode":false,"campfire_choices":[{"data":"Combust","floor":10.0,"key":"SMITH"},{"floor":15.0,"key":"REST"}],"neow_cost":"NONE","seed_source_timestamp":677551764700864,"circlet_count":0,"master_deck":["Strike_R","Strike_R","Strike_R","Strike_R","Strike_R","Defend_R","Defend_R","Defend_R","Defend_R","Bash","Rampage","Combust+1","Shrug It Off","Carnage","Entrench","Body Slam","Rupture","Flame Barrier","Carnage","Clash","Second Wind","Fire Breathing","Limit Break","Shrug It Off","Flame Barrier","Entrench+1","Shrug It Off"],"special_seed":0,"relics":["Burning Blood","NeowsBlessing","Pear","Shuriken","Sundial","Mark of Pain"],"potions_floor_usage":[],"damage_taken":[{"damage":0.0,"enemies":"2 Louse","floor":1.0,"turns":1.0},{"damage":0.0,"enemies":"Cultist","floor":2.0,"turns":1.0},{"damage":0.0,"enemies":"Jaw Worm","floor":3.0,"turns":1.0},{"damage":10.0,"enemies":"Exordium Wildlife","floor":4.0,"turns":5.0},{"damage":11.0,"enemies":"Blue Slaver","floor":6.0,"turns":3.0},{"damage":8.0,"enemies":"Looter","floor":7.0,"turns":3.0},{"damage":2.0,"enemies":"2 Fungi Beasts","floor":11.0,"turns":2.0},{"damage":27.0,"enemies":"Lagavulin","floor":12.0,"turns":8.0},{"damage":8.0,"enemies":"Red Slaver","floor":13.0,"turns":3.0},{"damage":46.0,"enemies":"Gremlin Nob","floor":14.0,"turns":5.0},{"damage":41.0,"enemies":"The Guardian","floor":16.0,"turns":9.0},{"damage":21.0,"enemies":"Shell Parasite","floor":18.0,"turns":6.0},{"damage":27.0,"enemies":"Spheric Guardian","floor":19.0,"turns":5.0},{"damage":31.0,"enemies":"Snake Plant","floor":20.0,"turns":5.0},{"damage":26.0,"enemies":"Snecko","floor":21.0,"turns":6.0},{"damage":0,"enemies":"Centurion and Healer","floor":22,"turns":1}],"seed_played":"-4793720563458244328","potions_obtained":[{"floor":3.0,"key":"EssenceOfSteel"},{"floor":12.0,"key":"Strength Potion"},{"floor":13.0,"key":"Block Potion"},{"floor":14.0,"key":"AttackPotion"},{"floor":19.0,"key":"GamblersBrew"},{"floor":21.0,"key":"Weak Potion"}],"is_trial":false,"path_per_floor":["?","$","M"],"character_chosen":"IRONCLAD","items_purchased":["Rupture","Flame Barrier"],"campfire_rested":1,"item_purchase_floors":[8,8],"current_hp_per_floor":[80,80,80,76,76,71,69,69,79,79,83,62,60,20,47,12,90,75,54,29,9,9],"gold":281,"neow_bonus":"THREE_ENEMY_KILL","is_prod":false,"is_daily":false,"chose_seed":false,"campfire_upgraded":1,"win_rate":0.0,"timestamp":1550701916,"path_taken":["M","M","M","M","?","M","M","?","T","R","M","E","M","E","R","BOSS","M","M","M","?","M"],"build_version":"2019-01-23","purchased_purges":0,"victory":false,"max_hp_per_floor":[80,80,80,80,80,80,80,80,90,90,90,90,90,90,90,90,90,90,90,90,90,90],"card_choices":[{"not_picked":["Armaments","Havoc"],"picked":"Rampage","floor":1.0},{"not_picked":["Rupture","Shrug It Off"],"picked":"Combust","floor":2.0},{"not_picked":["Clothesline","Feel No Pain"],"picked":"Shrug It Off","floor":3.0},{"not_picked":["Hemokinesis","Pommel Strike"],"picked":"Carnage","floor":4.0},{"not_picked":["Carnage","Sever Soul"],"picked":"Entrench","floor":6.0},{"not_picked":["Heavy Blade","Pommel Strike"],"picked":"Body Slam","floor":7.0},{"not_picked":["True Grit","Flex"],"picked":"Carnage","floor":11.0},{"not_picked":["Reckless Charge","Barricade"],"picked":"Clash","floor":12.0},{"not_picked":["Pommel Strike","Carnage"],"picked":"Second Wind","floor":13.0},{"not_picked":["Evolve","Warcry"],"picked":"Fire Breathing","floor":14.0},{"not_picked":["Bludgeon","Offering"],"picked":"Limit Break","floor":16.0},{"not_picked":["Flex","Twin Strike"],"picked":"Shrug It Off","floor":18.0},{"not_picked":["Clothesline+1","Twin Strike+1"],"picked":"Flame Barrier","floor":19.0},{"not_picked":["Clothesline+1","Headbutt+1"],"picked":"Entrench+1","floor":20.0},{"not_picked":["Flex","Armaments"],"picked":"Shrug It Off","floor":21.0}],"player_experience":130566,"relics_obtained":[{"floor":9.0,"key":"Pear"},{"floor":12.0,"key":"Shuriken"},{"floor":14.0,"key":"Sundial"}],"event_choices":[{"damage_healed":0.0,"max_hp_gain":0.0,"max_hp_loss":0.0,"gold_gain":0.0,"event_name":"NoteForYourself","player_choice":"Ignored","floor":5.0,"gold_loss":0.0,"damage_taken":0.0}],"is_beta":false,"boss_relics":[{"not_picked":["Ectoplasm","Velvet Choker"],"picked":"Mark of Pain"}],"items_purged_floors":[],"is_endless":false,"potions_floor_spawned":[3,12,13,14,19,21],"killed_by":"Centurion and Healer","ascension_level":0}