{"gold_per_floor":[112,128,128,10,28,62,87,87,160,204,223,238,238],"floor_reached":13,"playtime":1064,"items_purged":[],"score":150,"play_id":"a112ac32-3472-4e2c-9c8a-7d7095b2b6f7","local_time":"20190530122558","is_ascension_mode":true,"campfire_choices":[{"floor":8,"key":"REST"}],"neow_cost":"NONE","seed_source_timestamp":980942499848622,"circlet_count":0,"master_deck":["AscendersBane","Defend_G","Defend_G","Defend_G","Defend_G","Defend_G","Strike_G","Strike_G","Strike_G","Strike_G","Strike_G","Survivor","Neutralize","Cloak And Dagger","Well Laid Plans","Terror","Backflip","Choke","Skewer","Endless Agony"],"special_seed":0,"relics":["Ring of the Snake","NeowsBlessing","Golden Idol","Nunchaku","Dodecahedron","Lantern"],"potions_floor_usage":[10,12],"damage_taken":[{"damage":0.0,"enemies":"Cultist","floor":1.0,"turns":1.0},{"damage":0,"enemies":"Small Slimes","floor":2,"turns":1},{"damage":0,"enemies":"2 Louse","floor":5,"turns":1},{"damage":41,"enemies":"Lagavulin","floor":6,"turns":8},{"damage":11,"enemies":"Blue Slaver","floor":7,"turns":4},{"damage":18,"enemies":"Gremlin Nob","floor":10,"turns":4},{"damage":4,"enemies":"Exordium Thugs","floor":11,"turns":6},{"damage":2,"enemies":"2 Fungi Beasts","floor":12,"turns":3},{"damage":7,"enemies":"Lagavulin","floor":13,"turns":5}],"seed_played":"-8466595783163588443","potions_obtained":[{"floor":1,"key":"SneckoOil"},{"floor":5,"key":"Poison Potion"},{"floor":6,"key":"Fire Potion"},{"floor":11,"key":"Block Potion"}],"is_trial":false,"path_per_floor":["M","M","?","$","M","E","M","R","T","E","M","M","E"],"character_chosen":"THE_SILENT","items_purchased":["Well Laid Plans","Terror"],"campfire_rested":1,"item_purchase_floors":[4,4],"current_hp_per_floor":[63,63,63,63,63,22,11,30,30,12,8,6,0],"gold":238,"neow_bonus":"THREE_ENEMY_KILL","is_prod":false,"is_daily":false,"chose_seed":false,"campfire_upgraded":0,"win_rate":0,"timestamp":1559199358,"path_taken":["M","?","?","$","M","E","M","R","T","E","M","M","E"],"build_version":"2019-01-23","purchased_purges":0,"victory":false,"max_hp_per_floor":[70,70,65,65,65,65,65,65,65,65,65,65,65],"card_choices":[{"not_picked":["Accuracy","Quick Slash","Underhanded Strike"],"picked":"SKIP","floor":1},{"not_picked":["Bane","Sucker Punch"],"picked":"Cloak And Dagger","floor":2},{"not_picked":["Quick Slash","Sucker Punch"],"picked":"Backflip","floor":5},{"not_picked":["Dagger Throw","Blur"],"picked":"Choke","floor":6},{"not_picked":["Calculated Gamble","Terror"],"picked":"Skewer","floor":7},{"not_picked":["Outmaneuver","Acrobatics","Riddle With Holes"],"picked":"SKIP","floor":10},{"not_picked":["Expertise","Blade Dance","Finisher"],"picked":"SKIP","floor":11},{"not_picked":["Bane","Blade Dance"],"picked":"Endless Agony","floor":12}],"player_experience":962635,"relics_obtained":[{"floor":6,"key":"Nunchaku"},{"floor":9,"key":"Dodecahedron"},{"floor":10,"key":"Lantern"}],"event_choices":[{"damage_healed":0,"gold_gain":0,"player_choice":"Lose Max HP","damage_taken":0,"relics_obtained":["Golden Idol"],"max_hp_gain":0,"max_hp_loss":5,"event_name":"Golden Idol","floor":3,"gold_loss":0}],"is_beta":false,"boss_relics":[],"items_purged_floors":[],"is_endless":false,"potions_floor_spawned":[1,5,6,11],"killed_by":"Lagavulin","ascension_level":11}