{"path_per_floor":["M","?","?","M","M","R","E","?","T","E","$","?","M","?","R","B",null,"M","$","M","?","?"],"character_chosen":"IRONCLAD","items_purchased":["Dramatic Entrance"],"gold_per_floor":[114,114,114,130,140,140,169,169,193,223,50,0,19,77,77,179,179,189,89,107,107,107],"floor_reached":23,"campfire_rested":1,"playtime":1658,"current_hp_per_floor":[80,73,73,78,80,80,56,40,40,32,32,32,40,32,56,33,80,78,78,78,78,78],"items_purged":["Strike_R","Strike_R"],"gold":107,"play_id":"14778492-d751-4a2d-813e-d2629570304f","is_prod":false,"is_daily":false,"is_ascension_mode":false,"campfire_upgraded":1,"path_taken":["M","?","?","M","?","R","E","?","T","E","$","?","M","?","R","BOSS","M","$","M","?","?","E"],"build_version":"2018-02-01-PROD3","purchased_purges":2,"victory":false,"master_deck":["Strike_R+1","Defend_R","Defend_R","Defend_R","Defend_R","Bash","Body Slam+1","Flex+1","Flex","Pommel Strike","Iron Wave","Dramatic Entrance","Clash","Feed","Bloodletting"],"max_hp_per_floor":[80,80,80,80,80,80,80,80,80,80,80,80,80,80,80,80,80,83,83,86,86,86],"relics":["Burning Blood","Blood Vial","Orichalcum","Letter Opener","Torii","Velvet Choker"],"card_choices":[{"not_picked":["Power Through","Clothesline"],"picked":"Body Slam"},{"not_picked":["Pommel Strike","Thunderclap"],"picked":"Flex"},{"not_picked":["Anger","Brutality"],"picked":"Pommel Strike"},{"not_picked":["Armaments","Shrug It Off"],"picked":"Iron Wave"},{"not_picked":["Headbutt","True Grit"],"picked":"Clash"},{"not_picked":["Double Tap","Offering"],"picked":"Feed"},{"not_picked":["Headbutt","Warcry"],"picked":"Bloodletting"}],"player_experience":0,"potions_floor_usage":[],"damage_taken":[{"damage":1,"enemies":"2 Louse","floor":1,"turns":3},{"damage":1,"enemies":"Cultist","floor":4,"turns":3},{"damage":1,"enemies":"Jaw Worm","floor":5,"turns":4},{"damage":30,"enemies":"3 Sentries","floor":7,"turns":13},{"damage":16,"enemies":"Gremlin Nob","floor":10,"turns":4},{"damage":0,"enemies":"Large Slime","floor":13,"turns":3},{"damage":16,"enemies":"Lagavulin Event","floor":14,"turns":5},{"damage":31,"enemies":"The Guardian","floor":16,"turns":9},{"damage":11,"enemies":"2 Thieves","floor":18,"turns":3},{"damage":11,"enemies":"Shell Parasite","floor":20,"turns":4},{"damage":93,"enemies":"Book of Stabbing","floor":23,"turns":7}],"event_choices":[{"event_name":"Golden Wing","player_choice":"Card Removal","floor":2,"damage_taken":0},{"event_name":"Match and Keep!","player_choice":"1 cards matched","floor":3,"damage_taken":0},{"event_name":"Shining Light","player_choice":"Entered Light","floor":8,"damage_taken":0},{"event_name":"The Cleric","player_choice":"Card Removal","floor":12,"damage_taken":0},{"event_name":"Dead Adventurer","player_choice":"Searched \u00272\u0027 times","floor":14,"damage_taken":0},{"event_name":"The Mausoleum","player_choice":"No","floor":21,"damage_taken":0},{"event_name":"Vampires","player_choice":"Ignored","floor":22,"damage_taken":0}],"boss_relics":[{"not_picked":["Sozu","Lizard Tail"],"picked":"Velvet Choker"}],"potions_floor_spawned":[1,5,20],"seed_played":"-3056053280169375149","killed_by":"Book of Stabbing","ascension_level":0,"is_trial":false}