{"gold_per_floor":[114,114,289,305,37,63,74,102,127,103,137,137,137,157,157,157],"floor_reached":16,"playtime":663,"items_purged":["Doubt"],"score":243,"play_id":"9e7a5fbe-d05e-4782-ab69-f531295f67da","local_time":"20190604185224","is_ascension_mode":true,"campfire_choices":[{"data":"Berserk","floor":12,"key":"SMITH"},{"data":"Bash","floor":15,"key":"SMITH"}],"neow_cost":"NONE","seed_source_timestamp":191314026705759,"circlet_count":0,"master_deck":["AscendersBane","Strike_R","Strike_R","Strike_R","Strike_R","Strike_R","Defend_R","Defend_R","Defend_R","Defend_R","Bash+1","Ghostly Armor","Combust","Metallicize","Clothesline","Berserk+1"],"relics":["Burning Blood","NeowsBlessing","Pen Nib","Strange Spoon","Red Skull","Bottled Lightning","Happy Flower","Omamori"],"potions_floor_usage":[8,8,8,11,11,16],"damage_taken":[{"damage":0,"enemies":"2 Louse","floor":1,"turns":1},{"damage":0,"enemies":"Jaw Worm","floor":4,"turns":1},{"damage":0,"enemies":"3 Sentries","floor":6,"turns":2},{"damage":6,"enemies":"Small Slimes","floor":7,"turns":5},{"damage":38,"enemies":"Gremlin Nob","floor":8,"turns":5},{"damage":21,"enemies":"Lagavulin","floor":11,"turns":6},{"damage":5,"enemies":"Blue Slaver","floor":14,"turns":4},{"damage":56,"enemies":"Slime Boss","floor":16,"turns":3}],"seed_played":"3527923751890957314","potions_obtained":[{"floor":6,"key":"EntropicBrew"},{"floor":7,"key":"Explosive Potion"},{"floor":8,"key":"Dexterity Potion"},{"floor":11,"key":"Energy Potion"},{"floor":13,"key":"Weak Potion"},{"floor":13,"key":"AttackPotion"}],"is_trial":false,"path_per_floor":["M","?","?","M","$","E","M","E","T","?","E","R","?","M","R","B"],"character_chosen":"IRONCLAD","items_purchased":["Strange Spoon"],"campfire_rested":0,"item_purchase_floors":[5],"current_hp_per_floor":[74,67,67,73,73,75,75,43,43,43,40,40,40,41,41,0],"gold":157,"neow_bonus":"THREE_ENEMY_KILL","is_prod":false,"is_daily":false,"chose_seed":false,"campfire_upgraded":2,"win_rate":0,"timestamp":1559654544,"path_taken":["M","?","?","M","$","E","M","E","T","?","E","R","?","M","R","BOSS"],"build_version":"2019-01-23","purchased_purges":1,"victory":false,"max_hp_per_floor":[75,75,75,75,75,75,75,75,75,75,75,75,75,75,75,75],"card_choices":[{"not_picked":["Flex","Cleave"],"picked":"Ghostly Armor","floor":1},{"not_picked":["Power Through","Pummel"],"picked":"Combust","floor":4},{"not_picked":["Wild Strike","Thunderclap"],"picked":"Metallicize","floor":6},{"not_picked":["Sentinel","Wild Strike"],"picked":"Clothesline","floor":7},{"not_picked":["Entrench","Rampage","Thunderclap"],"picked":"SKIP","floor":8},{"not_picked":["Flex","Clash"],"picked":"Berserk","floor":11},{"not_picked":["Intimidate","Flex","Reckless Charge"],"picked":"SKIP","floor":14}],"player_experience":1192473,"relics_obtained":[{"floor":6,"key":"Red Skull"},{"floor":8,"key":"Bottled Lightning"},{"floor":9,"key":"Happy Flower"},{"floor":11,"key":"Omamori"}],"event_choices":[{"damage_healed":0,"gold_gain":0,"player_choice":"Success","damage_taken":7,"relics_obtained":["Pen Nib"],"max_hp_gain":0,"max_hp_loss":0,"event_name":"Scrap Ooze","floor":2,"gold_loss":0},{"damage_healed":0,"gold_gain":175,"player_choice":"AGREE","damage_taken":0,"max_hp_gain":0,"max_hp_loss":0,"event_name":"Liars Game","floor":3,"gold_loss":0,"cards_obtained":["Doubt"]},{"damage_healed":0,"gold_gain":0,"player_choice":"Left Gold","damage_taken":0,"max_hp_gain":0,"max_hp_loss":0,"event_name":"World of Goop","floor":10,"gold_loss":24},{"damage_healed":0,"gold_gain":0,"player_choice":"Got Potions","damage_taken":0,"max_hp_gain":0,"max_hp_loss":0,"event_name":"Lab","floor":13,"gold_loss":0}],"is_beta":false,"boss_relics":[],"items_purged_floors":[5],"is_endless":false,"potions_floor_spawned":[6,7,8,11],"killed_by":"Slime Boss","ascension_level":14}