{"gold_per_floor":[116,126,137,150,164,164,174,174,197,43,77,90,55,71,71,169,169,183,183,201,19,19],"floor_reached":22,"playtime":2252,"items_purged":["Defend_B"],"score":215,"play_id":"dc99a13b-b508-4441-a8bf-8b71883d0bed","local_time":"20190217184452","is_ascension_mode":false,"campfire_choices":[{"data":"Glacier","floor":6,"key":"SMITH"},{"floor":15,"key":"REST"}],"neow_cost":"NONE","seed_source_timestamp":422308702081777,"circlet_count":0,"master_deck":["Defend_B","Defend_B","Defend_B","Zap","Dualcast","Turbo","Glacier+1","Skim","Ball Lightning","Auto Shields","Chill","Genetic Algorithm","Loop","Seek","Force Field","Genetic Algorithm","Reinforced Body","Thunder Strike","Static Discharge","Bite","Bite","Bite","Bite","Bite","Undo+1","Loop","Force Field"],"relics":["Cracked Core","Whetstone","FaceOfCleric","Bag of Preparation","Black Star"],"potions_floor_usage":[16,16,20,22],"damage_taken":[{"damage":0,"enemies":"2 Louse","floor":1,"turns":2},{"damage":0,"enemies":"Cultist","floor":2,"turns":3},{"damage":8,"enemies":"Small Slimes","floor":3,"turns":3},{"damage":0,"enemies":"2 Fungi Beasts","floor":4,"turns":3},{"damage":0,"enemies":"Blue Slaver","floor":5,"turns":4},{"damage":5,"enemies":"Looter","floor":7,"turns":3},{"damage":31,"enemies":"Gremlin Nob","floor":11,"turns":5},{"damage":0,"enemies":"Lots of Slimes","floor":12,"turns":4},{"damage":0,"enemies":"3 Louse","floor":14,"turns":5},{"damage":12,"enemies":"Slime Boss","floor":16,"turns":13},{"damage":33,"enemies":"3 Byrds","floor":18,"turns":8},{"damage":1,"enemies":"Shell Parasite","floor":20,"turns":10},{"damage":11,"enemies":"Centurion and Healer","floor":22,"turns":10}],"seed_played":"-1163184503402498050","potions_obtained":[{"floor":3,"key":"AttackPotion"},{"floor":4,"key":"SpeedPotion"},{"floor":5,"key":"Strength Potion"},{"floor":11,"key":"SkillPotion"},{"floor":16,"key":"LiquidBronze"}],"is_trial":false,"path_per_floor":["?","$","?"],"character_chosen":"DEFECT","items_purchased":["Genetic Algorithm","Loop","Genetic Algorithm","Loop","Force Field"],"campfire_rested":1,"item_purchase_floors":[10,10,13,21,21],"current_hp_per_floor":[75,75,67,67,67,67,62,62,62,62,34,37,37,40,63,54,79,47,47,63,63,66],"gold":19,"neow_bonus":"RANDOM_COMMON_RELIC","is_prod":false,"is_daily":false,"chose_seed":false,"campfire_upgraded":1,"win_rate":0.0,"timestamp":1550447092,"path_taken":["M","M","M","M","M","R","M","?","T","?","E","M","$","M","R","BOSS","M","?","M","$","M"],"build_version":"2019-01-23","purchased_purges":1,"victory":false,"max_hp_per_floor":[75,75,75,75,75,75,75,75,75,75,76,77,77,78,78,79,79,80,80,81,81,81],"card_choices":[{"not_picked":["Stack","Steam Power"],"picked":"Turbo","floor":1},{"not_picked":["Aggregate","Go for the Eyes"],"picked":"Glacier","floor":2},{"not_picked":["Force Field","Go for the Eyes"],"picked":"Skim","floor":3},{"not_picked":["Heatsinks","Rebound"],"picked":"Ball Lightning","floor":4},{"not_picked":["Leap","Lockon"],"picked":"Auto Shields","floor":5},{"not_picked":["Ball Lightning","Gash"],"picked":"Chill","floor":7},{"not_picked":["Steam","Compile Driver"],"picked":"Seek","floor":11},{"not_picked":["Doom and Gloom","Hello World"],"picked":"Force Field","floor":12},{"not_picked":["Auto Shields","Skim"],"picked":"Reinforced Body","floor":14},{"not_picked":["Reboot","Biased Cognition"],"picked":"Thunder Strike","floor":16},{"not_picked":["Gash+1","Doom and Gloom"],"picked":"Static Discharge","floor":18},{"not_picked":["Conserve Battery","Leap"],"picked":"Undo+1","floor":20}],"player_experience":89536,"relics_obtained":[{"floor":9,"key":"Blood Vial"},{"floor":11,"key":"Bag of Preparation"}],"event_choices":[{"damage_healed":0,"gold_gain":0,"player_choice":"Trade","damage_taken":0,"relics_obtained":["FaceOfCleric"],"max_hp_gain":0,"max_hp_loss":0,"event_name":"FaceTrader","floor":8,"gold_loss":0},{"damage_healed":0,"gold_gain":0,"player_choice":"Became a vampire (Vial)","damage_taken":0,"max_hp_gain":0,"max_hp_loss":0,"event_name":"Vampires","floor":19,"relics_lost":["Blood Vial"],"gold_loss":0,"cards_obtained":["Bite","Bite","Bite","Bite","Bite"]}],"is_beta":false,"boss_relics":[{"not_picked":["Ectoplasm","FrozenCore"],"picked":"Black Star"}],"items_purged_floors":[21],"is_endless":false,"potions_floor_spawned":[3,4,5,11,16],"killed_by":"Centurion and Healer","ascension_level":0}