{"gold_per_floor":[210,5,5,5,18,18,46,46,117,117,131,149,54,74,74,74],"floor_reached":16,"playtime":489,"items_purged":[],"score":125,"play_id":"2f86e020-2bb8-4bc9-b115-7faf5bcce0be","local_time":"20190520204236","is_ascension_mode":true,"campfire_choices":[{"data":"Neutralize","floor":6,"key":"SMITH"},{"floor":10,"key":"REST"},{"data":"Deadly Poison","floor":15,"key":"SMITH"}],"neow_cost":"NONE","seed_source_timestamp":35702765018325,"circlet_count":0,"master_deck":["Defend_G","Defend_G","Defend_G","Defend_G","Defend_G","Strike_G","Strike_G","Strike_G","Strike_G","Strike_G+1","Survivor+1","Neutralize+1","Dagger Spray","Escape Plan","Dagger Throw","Tactician","Poisoned Stab","Deadly Poison+1"],"relics":["Ring of the Snake","ClockworkSouvenir","Tough Bandages","Regal Pillow","Meat on the Bone"],"potions_floor_usage":[12,14,16],"damage_taken":[{"damage":0,"enemies":"Cultist","floor":1,"turns":4},{"damage":2,"enemies":"2 Louse","floor":5,"turns":3},{"damage":50,"enemies":"Lagavulin","floor":7,"turns":10},{"damage":1,"enemies":"Jaw Worm","floor":11,"turns":4},{"damage":14,"enemies":"Exordium Thugs","floor":12,"turns":5},{"damage":8,"enemies":"3 Louse","floor":14,"turns":2},{"damage":43,"enemies":"The Guardian","floor":16,"turns":10}],"seed_played":"-473819806448818448","potions_obtained":[{"floor":11,"key":"PowerPotion"},{"floor":12,"key":"PowerPotion"},{"floor":14,"key":"EssenceOfSteel"}],"is_trial":false,"path_per_floor":["M","$","?","?","M","R","E","?","T","R","M","M","$","M","R","B"],"character_chosen":"THE_SILENT","items_purchased":["ClockworkSouvenir","Tactician","Poisoned Stab"],"campfire_rested":1,"item_purchase_floors":[2,13,13],"current_hp_per_floor":[70,70,56,70,68,68,18,6,6,42,41,39,39,43,43,0],"gold":74,"neow_bonus":"HUNDRED_GOLD","is_prod":false,"is_daily":false,"chose_seed":false,"campfire_upgraded":2,"win_rate":0,"timestamp":1558377756,"path_taken":["M","$","?","?","M","R","E","?","T","R","M","M","$","M","R","BOSS"],"build_version":"2019-01-23","purchased_purges":0,"victory":false,"max_hp_per_floor":[70,70,70,70,70,70,70,70,70,70,70,70,70,70,70,70],"card_choices":[{"not_picked":["Dodge and Roll","Accuracy","Calculated Gamble"],"picked":"SKIP","floor":1},{"not_picked":["Tactician","Concentrate"],"picked":"Dagger Spray","floor":5},{"not_picked":["Masterful Stab","Distraction"],"picked":"Escape Plan","floor":7},{"not_picked":["Outmaneuver","Flying Knee","Heel Hook"],"picked":"SKIP","floor":11},{"not_picked":["Flying Knee","Accuracy"],"picked":"Dagger Throw","floor":12},{"not_picked":["Well Laid Plans","Doppelganger"],"picked":"Deadly Poison","floor":14}],"player_experience":78492,"relics_obtained":[{"floor":7,"key":"Tough Bandages"},{"floor":9,"key":"Meat on the Bone"}],"event_choices":[{"damage_healed":0,"gold_gain":0,"player_choice":"Entered Light","damage_taken":14,"max_hp_gain":0,"max_hp_loss":0,"event_name":"Shining Light","floor":3,"gold_loss":0,"cards_upgraded":["Strike_G","Survivor"]},{"damage_healed":23,"gold_gain":0,"player_choice":"Banana","damage_taken":0,"max_hp_gain":0,"max_hp_loss":0,"event_name":"Big Fish","floor":4,"gold_loss":0},{"damage_healed":0,"gold_gain":0,"player_choice":"Success","damage_taken":12,"relics_obtained":["Regal Pillow"],"max_hp_gain":0,"max_hp_loss":0,"event_name":"Scrap Ooze","floor":8,"gold_loss":0}],"is_beta":false,"boss_relics":[],"items_purged_floors":[],"is_endless":false,"potions_floor_spawned":[11,12,14],"killed_by":"The Guardian","ascension_level":5}