{"gold_per_floor":[361,376,42,117,133,133,133,133,157,157,188,203,203,222,222,300,300,313,263,277,16,16,16,16,43,43,75,75,93,93,103,103,103],"floor_reached":33,"playtime":1019,"items_purged":["Decay"],"score":481,"play_id":"4279ea3e-67fb-401b-ab12-b308a1bb2f99","local_time":"20190406015943","is_ascension_mode":true,"campfire_choices":[{"data":"Apotheosis","floor":6.0,"key":"SMITH"},{"floor":8.0,"key":"REST"},{"data":"Battle Trance","floor":10.0,"key":"SMITH"},{"data":"Disarm","floor":15.0,"key":"SMITH"},{"floor":23.0,"key":"REST"},{"data":"Sword Boomerang","floor":28,"key":"SMITH"},{"floor":30,"key":"REST"},{"data":"Double Tap","floor":32,"key":"SMITH"}],"neow_cost":"CURSE","seed_source_timestamp":1564512434103963,"circlet_count":0,"master_deck":["AscendersBane","Strike_R","Strike_R","Strike_R","Strike_R","Strike_R","Defend_R","Defend_R","Defend_R","Defend_R+1","Bash","Carnage","Battle Trance+1","Apotheosis+1","Spot Weakness+1","Heavy Blade+1","Inflame+1","Disarm+1","Double Tap+1","Cleave","Inflame+1","Sword Boomerang+1","Second Wind"],"special_seed":0,"relics":["Black Blood","Orichalcum","Regal Pillow","Frozen Egg 2","Sundial","Meat on the Bone","WingedGreaves"],"potions_floor_usage":[27],"damage_taken":[{"damage":10.0,"enemies":"2 Louse","floor":1.0,"turns":4.0},{"damage":10.0,"enemies":"Small Slimes","floor":2.0,"turns":4.0},{"damage":16.0,"enemies":"Cultist","floor":5.0,"turns":4.0},{"damage":18.0,"enemies":"Lagavulin","floor":11.0,"turns":6.0},{"damage":16.0,"enemies":"Gremlin Gang","floor":12.0,"turns":6.0},{"damage":1.0,"enemies":"Exordium Wildlife","floor":14.0,"turns":3.0},{"damage":19.0,"enemies":"Hexaghost","floor":16.0,"turns":8.0},{"damage":24.0,"enemies":"3 Byrds","floor":18.0,"turns":6.0},{"damage":16.0,"enemies":"Spheric Guardian","floor":20.0,"turns":4.0},{"damage":24.0,"enemies":"Gremlin Leader","floor":25.0,"turns":6.0},{"damage":32,"enemies":"Slavers","floor":27,"turns":4},{"damage":26,"enemies":"Cultist and Chosen","floor":29,"turns":7},{"damage":27,"enemies":"Snake Plant","floor":31,"turns":4},{"damage":74,"enemies":"Collector","floor":33,"turns":6}],"seed_played":"-5619751735152165454","potions_obtained":[{"floor":2.0,"key":"SteroidPotion"},{"floor":11.0,"key":"Block Potion"},{"floor":14.0,"key":"FearPotion"},{"floor":18.0,"key":"PowerPotion"},{"floor":27,"key":"Ancient Potion"},{"floor":31,"key":"Ancient Potion"}],"is_trial":false,"path_per_floor":["M","M","$","?","M","R","?","R","T","R","E","M","?","M","R","B",null,"M","?","M","$","?","R","?","E","T","E","R","M","R","M","R","B"],"character_chosen":"IRONCLAD","items_purchased":["Apotheosis","Spot Weakness","Frozen Egg 2"],"campfire_rested":3,"item_purchase_floors":[3,3,21],"current_hp_per_floor":[64,60,60,49,39,39,24,46,46,46,34,24,24,29,29,16,60,46,46,40,40,26,65,65,51,51,41,41,37,76,59,59,0],"gold":103,"neow_bonus":"TWO_FIFTY_GOLD","is_prod":false,"is_daily":false,"chose_seed":false,"campfire_upgraded":5,"win_rate":0,"timestamp":1554483583,"path_taken":["M","M","$","?","M","R","?","R","T","R","E","M","?","M","R","BOSS","M","?","?","$","?","R","?","E","T","E","R","M","R","M","R","BOSS"],"build_version":"2019-01-23","purchased_purges":1,"victory":false,"max_hp_per_floor":[75,75,75,75,75,75,75,75,75,75,75,75,75,75,75,75,75,75,75,75,75,80,80,80,80,80,80,80,80,80,80,80,80],"card_choices":[{"not_picked":["Warcry","Ghostly Armor"],"picked":"Carnage","floor":1.0},{"not_picked":["Flex","Inflame"],"picked":"Battle Trance","floor":2.0},{"not_picked":["Body Slam","Iron Wave"],"picked":"Heavy Blade","floor":5.0},{"not_picked":["Pommel Strike","Spot Weakness"],"picked":"Inflame","floor":11.0},{"not_picked":["Heavy Blade","Twin Strike","Sentinel"],"picked":"SKIP","floor":12.0},{"not_picked":["Shrug It Off","Pommel Strike"],"picked":"Disarm","floor":14.0},{"not_picked":["Bludgeon","Brutality"],"picked":"Double Tap","floor":16.0},{"not_picked":["Rupture","Armaments"],"picked":"Cleave","floor":18.0},{"not_picked":["Corruption","Twin Strike","Double Tap"],"picked":"SKIP","floor":20.0},{"not_picked":["Corruption","Twin Strike","Double Tap"],"picked":"SKIP","floor":20.0},{"not_picked":["Metallicize+1","Clash"],"picked":"Inflame+1","floor":25.0},{"not_picked":["Perfected Strike","Anger"],"picked":"Sword Boomerang","floor":27},{"not_picked":["Armaments","Sentinel"],"picked":"Second Wind","floor":29},{"not_picked":["Wild Strike","Cleave","Thunderclap"],"picked":"SKIP","floor":31}],"player_experience":424664,"relics_obtained":[{"floor":9.0,"key":"Orichalcum"},{"floor":11.0,"key":"Regal Pillow"},{"floor":25.0,"key":"Sundial"},{"floor":26.0,"key":"Meat on the Bone"},{"floor":27,"key":"WingedGreaves"}],"event_choices":[{"damage_healed":0.0,"max_hp_gain":0.0,"max_hp_loss":0.0,"gold_gain":75.0,"event_name":"World of Goop","player_choice":"Gather Gold","floor":4.0,"gold_loss":0.0,"damage_taken":11.0},{"damage_healed":0.0,"max_hp_gain":0.0,"max_hp_loss":0.0,"gold_gain":0.0,"event_name":"Shining Light","player_choice":"Entered Light","floor":7.0,"gold_loss":0.0,"damage_taken":15.0,"cards_upgraded":["Defend_R","Spot Weakness"]},{"damage_healed":0.0,"max_hp_gain":0.0,"max_hp_loss":0.0,"gold_gain":0.0,"event_name":"Accursed Blacksmith","player_choice":"Forge","floor":13.0,"gold_loss":0.0,"damage_taken":0.0,"cards_upgraded":["Heavy Blade"]},{"damage_healed":0.0,"max_hp_gain":0.0,"max_hp_loss":0.0,"gold_gain":0.0,"event_name":"The Joust","player_choice":"Bet on Owner","floor":19.0,"gold_loss":50.0,"damage_taken":0.0},{"damage_healed":0.0,"max_hp_gain":5.0,"max_hp_loss":0.0,"gold_gain":0.0,"event_name":"Forgotten Altar","player_choice":"Shed Blood","floor":22.0,"gold_loss":0.0,"damage_taken":19.0},{"damage_healed":0.0,"max_hp_gain":0.0,"max_hp_loss":0.0,"gold_gain":0.0,"event_name":"Upgrade Shrine","player_choice":"Upgraded","floor":24.0,"gold_loss":0.0,"damage_taken":0.0,"cards_upgraded":["Inflame"]}],"is_beta":false,"boss_relics":[{"not_picked":["Runic Pyramid","Eternal Feather"],"picked":"Black Blood"}],"items_purged_floors":[3],"is_endless":false,"potions_floor_spawned":[2,11,14,18,27,31],"killed_by":"Collector","ascension_level":14}