{"gold_per_floor":[109,109,34,34,46,76,76,96,96,107,120,135,145,155,155,251,251,267,286,186,186,201,201,1,13,37,37,137,171,171],"floor_reached":30,"playtime":1485,"items_purged":["Strike_B","Defend_B","Defend_B"],"score":279,"play_id":"1ecb092f-b3be-4a71-9579-f64812fe70d2","local_time":"20190525094321","is_ascension_mode":false,"campfire_choices":[{"data":"Streamline","floor":7.0,"key":"SMITH"},{"data":"Fusion","floor":15.0,"key":"SMITH"},{"data":"Dualcast","floor":23.0,"key":"SMITH"}],"neow_cost":"NONE","seed_source_timestamp":744304502256600,"circlet_count":0,"master_deck":["Defend_B","Zap","Dualcast+1","Leap","Fusion+1","Streamline+1","Compile Driver","Steam","Gash+1","Streamline+1","BootSequence","Beam Cell+1","All For One+1","Streamline+1","Beam Cell+1","Gash+1","Hologram","Self Repair"],"special_seed":0,"relics":["Cracked Core","NeowsBlessing","Du-Vu Doll","Molten Egg 2","Empty Cage","Bird Faced Urn","Blue Candle","Strawberry"],"potions_floor_usage":[],"damage_taken":[{"damage":0.0,"enemies":"Small Slimes","floor":1.0,"turns":1.0},{"damage":0.0,"enemies":"Jaw Worm","floor":5.0,"turns":1.0},{"damage":0.0,"enemies":"Gremlin Nob","floor":6.0,"turns":1.0},{"damage":0.0,"enemies":"Cultist","floor":8.0,"turns":2.0},{"damage":14.0,"enemies":"Exordium Thugs","floor":10.0,"turns":3.0},{"damage":0.0,"enemies":"Exordium Wildlife","floor":11.0,"turns":3.0},{"damage":1.0,"enemies":"2 Fungi Beasts","floor":12.0,"turns":3.0},{"damage":11.0,"enemies":"Large Slime","floor":13.0,"turns":4.0},{"damage":0.0,"enemies":"Looter","floor":14.0,"turns":3.0},{"damage":37.0,"enemies":"Hexaghost","floor":16.0,"turns":9.0},{"damage":0.0,"enemies":"Chosen","floor":18.0,"turns":3.0},{"damage":10.0,"enemies":"Shell Parasite","floor":19.0,"turns":5.0},{"damage":0.0,"enemies":"Cultist and Chosen","floor":22.0,"turns":6.0},{"damage":5.0,"enemies":"Snake Plant","floor":25.0,"turns":3.0},{"damage":15.0,"enemies":"Colosseum Slavers","floor":28.0,"turns":3.0},{"damage":45.0,"enemies":"Colosseum Nobs","floor":28.0,"turns":4.0},{"damage":9.0,"enemies":"Slavers","floor":29.0,"turns":3.0},{"damage":3,"enemies":"Shelled Parasite and Fungi","floor":30,"turns":2}],"seed_played":"-2933244847601929610","potions_obtained":[{"floor":1.0,"key":"EssenceOfSteel"},{"floor":5.0,"key":"Swift Potion"},{"floor":10.0,"key":"LiquidBronze"},{"floor":12.0,"key":"Dexterity Potion"},{"floor":18.0,"key":"SteroidPotion"}],"is_trial":false,"path_per_floor":["M","?","$","?","M","E","R","M","T","M","M","M","M","M","R","B",null,"M","M","$","?","M","R","$","M","T","?","?","E","M"],"character_chosen":"DEFECT","items_purchased":["Gash+1","Hologram"],"campfire_rested":0,"item_purchase_floors":[24,24],"current_hp_per_floor":[75,80,80,80,80,80,80,80,80,66,66,65,54,54,54,17,80,80,70,70,70,70,70,70,65,65,65,12,10,7],"gold":171,"neow_bonus":"THREE_ENEMY_KILL","is_prod":false,"is_daily":false,"chose_seed":false,"campfire_upgraded":3,"win_rate":0,"timestamp":1558795401,"path_taken":["M","?","$","?","M","E","R","M","T","M","M","M","M","M","R","BOSS","M","M","$","?","M","R","?","?","T","?","?","E","M"],"build_version":"2019-01-23","purchased_purges":3,"victory":false,"max_hp_per_floor":[75,80,80,80,80,80,80,80,80,80,80,80,80,80,80,80,80,80,80,80,80,80,80,80,80,80,80,80,87,87],"card_choices":[{"not_picked":["Steam","Melter"],"picked":"Leap","floor":1.0},{"not_picked":["Go for the Eyes","Hologram"],"picked":"Streamline","floor":5.0},{"not_picked":["Steam","Storm"],"picked":"Compile Driver","floor":6.0},{"not_picked":["Static Discharge","Ball Lightning"],"picked":"Steam","floor":8.0},{"not_picked":["Stack","Sweeping Beam+1"],"picked":"Gash+1","floor":10.0},{"not_picked":["Leap","Undo","Chill"],"picked":"SKIP","floor":11.0},{"not_picked":["Stack","Buffer"],"picked":"Streamline+1","floor":12.0},{"not_picked":["Barrage+1","Leap"],"picked":"BootSequence","floor":13.0},{"not_picked":["Genetic Algorithm","Sweeping Beam+1"],"picked":"Beam Cell+1","floor":14.0},{"not_picked":["Fission","Seek"],"picked":"All For One+1","floor":16.0},{"not_picked":["Rebound+1","Cold Snap+1","Darkness"],"picked":"SKIP","floor":18.0},{"not_picked":["Conserve Battery","Consume"],"picked":"Streamline+1","floor":19.0},{"not_picked":["Stack","Hello World"],"picked":"Beam Cell+1","floor":22.0},{"not_picked":["Rebound+1","Stack+1"],"picked":"Self Repair","floor":25.0},{"not_picked":["Coolheaded","Thunder Strike+1","Glacier+1"],"picked":"SKIP","floor":29.0},{"not_picked":["Coolheaded","Thunder Strike+1","Glacier+1"],"picked":"SKIP","floor":29.0}],"player_experience":267448,"relics_obtained":[{"floor":6.0,"key":"Du-Vu Doll"},{"floor":9.0,"key":"Molten Egg 2"},{"floor":28.0,"key":"Bird Faced Urn"},{"floor":28.0,"key":"Blue Candle"},{"floor":29.0,"key":"Strawberry"}],"event_choices":[{"damage_healed":0.0,"max_hp_gain":5.0,"max_hp_loss":0.0,"gold_gain":0.0,"event_name":"Big Fish","player_choice":"Donut","floor":2.0,"gold_loss":0.0,"damage_taken":0.0},{"damage_healed":0.0,"max_hp_gain":0.0,"max_hp_loss":0.0,"gold_gain":0.0,"cards_transformed":["Strike_B"],"event_name":"Living Wall","player_choice":"Change","floor":4.0,"gold_loss":0.0,"damage_taken":0.0,"cards_obtained":["Fusion"]},{"cards_removed":["Defend_B"],"damage_healed":0.0,"max_hp_gain":0.0,"max_hp_loss":0.0,"gold_gain":0.0,"event_name":"Purifier","player_choice":"Purged","floor":21.0,"gold_loss":0.0,"damage_taken":0.0},{"damage_healed":0.0,"max_hp_gain":0.0,"max_hp_loss":0.0,"gold_gain":0.0,"event_name":"Beggar","player_choice":"Ignored","floor":27.0,"gold_loss":0.0,"damage_taken":0.0},{"damage_healed":0.0,"max_hp_gain":0.0,"max_hp_loss":0.0,"gold_gain":0.0,"event_name":"Colosseum","player_choice":"Fight","floor":28.0,"gold_loss":0.0,"damage_taken":0.0},{"damage_healed":0.0,"max_hp_gain":0.0,"max_hp_loss":0.0,"gold_gain":0.0,"event_name":"Colosseum","player_choice":"Fought Nobs","floor":28.0,"gold_loss":0.0,"damage_taken":0.0}],"is_beta":false,"boss_relics":[{"not_picked":["Velvet Choker","Runic Dome"],"picked":"Empty Cage"}],"items_purged_floors":[3,20,24],"is_endless":false,"potions_floor_spawned":[1,5,10,12,13,14,18,25,28],"killed_by":"Shelled Parasite and Fungi","ascension_level":0}