{"gold_per_floor":[116,135,148,158,172,172,207,207,207,268,285,316,316,335,335,436,436,448,448,28,43,57,88,88,107,107,107,117,17,32,48,48,148,198,211,211,257,257,51,86,118,118,118,133,150,80,80,33,33,33],"floor_reached":51,"playtime":4290,"items_purged":["Regret","Decay","Injury"],"score":789,"play_id":"dfe144c9-ab35-4e51-89a4-c880632eae76","local_time":"20190106193807","is_ascension_mode":false,"campfire_choices":[{"floor":6.0,"key":"REST"},{"floor":13.0,"key":"REST"},{"data":"Machine Learning","floor":15.0,"key":"SMITH"},{"floor":32,"key":"REST"},{"floor":42,"key":"REST"},{"floor":47,"key":"REST"},{"floor":49,"key":"REST"}],"neow_cost":"NONE","seed_source_timestamp":0,"circlet_count":0,"master_deck":["Strike_B","Strike_B","Strike_B","Strike_B","Defend_B","Defend_B","Defend_B","Zap","Dualcast","Tempest","Ball Lightning","Gash","Beam Cell","Electrodynamics","Barrage","Loop","Steam","Double Energy","Machine Learning+1","Amplify","Writhe","Gash+1","Static Discharge+1","Static Discharge+1","Ball Lightning","Machine Learning+1","Steam Power+1","Beam Cell","Biased Cognition+1","Reprogram+1","Redo+1","Conserve Battery+1","Redo","Writhe","Redo+1","Thunder Strike","Double Energy+1","White Noise+1","Defragment+1","Turbo"],"special_seed":0,"relics":["Cracked Core","Pear","FossilizedHelix","Sundial","Mercury Hourglass","Bag of Marbles","Calling Bell","Bronze Scales","Frozen Egg 2","Bird Faced Urn","Bottled Tornado","Bottled Lightning","MutagenicStrength","Darkstone Periapt","Tiny House","WingedGreaves","Mummified Hand","Oddly Smooth Stone","Boot"],"potions_floor_usage":[],"damage_taken":[{"damage":5.0,"enemies":"Cultist","floor":1.0,"turns":4.0},{"damage":0.0,"enemies":"2 Louse","floor":2.0,"turns":2.0},{"damage":6.0,"enemies":"Jaw Worm","floor":3.0,"turns":2.0},{"damage":10.0,"enemies":"Looter","floor":4.0,"turns":2.0},{"damage":9.0,"enemies":"Blue Slaver","floor":5.0,"turns":3.0},{"damage":17.0,"enemies":"3 Sentries","floor":7.0,"turns":3.0},{"damage":14.0,"enemies":"Gremlin Nob","floor":10.0,"turns":3.0},{"damage":0.0,"enemies":"2 Fungi Beasts","floor":11.0,"turns":2.0},{"damage":21.0,"enemies":"Lagavulin","floor":12.0,"turns":4.0},{"damage":0.0,"enemies":"3 Louse","floor":14.0,"turns":2.0},{"damage":0.0,"enemies":"Slime Boss","floor":16.0,"turns":5.0},{"damage":24.0,"enemies":"Shell Parasite","floor":18.0,"turns":5.0},{"damage":10,"enemies":"2 Thieves","floor":21,"turns":3},{"damage":11,"enemies":"Centurion and Healer","floor":22,"turns":4},{"damage":35,"enemies":"Book of Stabbing","floor":23,"turns":4},{"damage":12,"enemies":"Shelled Parasite and Fungi","floor":25,"turns":3},{"damage":14,"enemies":"Colosseum Slavers","floor":27,"turns":2},{"damage":5,"enemies":"Snecko","floor":28,"turns":4},{"damage":0,"enemies":"Sentry and Sphere","floor":30,"turns":3},{"damage":11,"enemies":"Cultist and Chosen","floor":31,"turns":3},{"damage":25,"enemies":"Collector","floor":33,"turns":5},{"damage":17,"enemies":"3 Darklings","floor":35,"turns":2},{"damage":35,"enemies":"2 Orb Walkers","floor":37,"turns":3},{"damage":23,"enemies":"Reptomancer","floor":40,"turns":4},{"damage":58,"enemies":"Giant Head","floor":41,"turns":7},{"damage":9,"enemies":"3 Shapes","floor":44,"turns":2},{"damage":0,"enemies":"3 Darklings","floor":45,"turns":2},{"damage":87,"enemies":"Time Eater","floor":50,"turns":7}],"seed_played":"-8725457254526024397","potions_obtained":[{"floor":1.0,"key":"Weak Potion"},{"floor":2.0,"key":"LiquidBronze"},{"floor":7.0,"key":"Fire Potion"},{"floor":14.0,"key":"Swift Potion"},{"floor":16.0,"key":"Explosive Potion"},{"floor":28,"key":"Regen Potion"},{"floor":45,"key":"FocusPotion"}],"is_trial":false,"path_per_floor":["M","M","M","M","M","R","E","?","T","?","M","E","R","M","R","B",null,"M","?","$","M","M","E","?","M","T","?","M","$","M","M","R","B",null,"M","?","?","?","$","E","E","R","T","M","M","$","R","$","R","B",null],"character_chosen":"DEFECT","items_purchased":["Static Discharge+1","Bottled Tornado","Ball Lightning","Thunder Strike","Defragment+1","Turbo"],"campfire_rested":6,"item_purchase_floors":[20,20,20,39,46,48],"current_hp_per_floor":[77,77,71,61,52,76,69,69,69,55,55,34,61,61,61,61,92,72,72,72,66,61,36,36,32,32,26,29,29,41,42,69,58,97,80,103,74,74,74,63,21,51,51,48,58,58,88,88,103,22],"gold":33,"neow_bonus":"TEN_PERCENT_HP_BONUS","is_prod":false,"is_daily":false,"chose_seed":false,"campfire_upgraded":1,"win_rate":0.0,"timestamp":1546825087,"path_taken":["M","M","?","M","M","R","E","?","T","?","M","E","R","M","R","BOSS","M","?","$","M","M","E","?","M","T","?","M","?","M","M","R","BOSS","M","?","?","?","?","E","E","R","T","M","M","$","R","$","R","BOSS"],"build_version":"2019-01-03v4","purchased_purges":3,"victory":true,"max_hp_per_floor":[82,82,82,82,82,82,92,92,92,92,92,92,92,92,92,92,92,92,92,92,92,92,92,92,92,92,92,92,92,92,92,92,92,97,97,103,103,103,103,103,103,103,103,103,103,103,103,103,103,103],"card_choices":[{"not_picked":["Sweeping Beam","Aggregate"],"picked":"Tempest","floor":1.0},{"not_picked":["Redo","Barrage"],"picked":"Ball Lightning","floor":2.0},{"not_picked":["Compile Driver","Turbo"],"picked":"Gash","floor":3.0},{"not_picked":["Rebound","Turbo"],"picked":"Beam Cell","floor":4.0},{"not_picked":["Gash","Cold Snap"],"picked":"Electrodynamics","floor":5.0},{"not_picked":["Compile Driver","Hello World"],"picked":"Barrage","floor":7.0},{"not_picked":["Hologram","Ball Lightning"],"picked":"Loop","floor":10.0},{"not_picked":["Cold Snap","Stack"],"picked":"Steam","floor":11.0},{"not_picked":["Stack","Leap"],"picked":"Double Energy","floor":12.0},{"not_picked":["Defragment","Barrage"],"picked":"Machine Learning","floor":14.0},{"not_picked":["Seek","Meteor Strike"],"picked":"Amplify","floor":16.0},{"not_picked":["Rip and Tear","Leap"],"picked":"Gash+1","floor":18},{"not_picked":["Barrage+1","Beam Cell+1"],"picked":"Machine Learning+1","floor":21},{"not_picked":["Hologram","Rebound","Compile Driver+1"],"picked":"SKIP","floor":22},{"not_picked":["Barrage","Beam Cell+1"],"picked":"Steam Power+1","floor":23},{"not_picked":["Streamline","Melter"],"picked":"Beam Cell","floor":25},{"not_picked":["Leap","Beam Cell"],"picked":"Biased Cognition+1","floor":28},{"not_picked":["Sweeping Beam+1","Rebound"],"picked":"Reprogram+1","floor":30},{"not_picked":["Sweeping Beam+1","Fusion"],"picked":"Redo+1","floor":31},{"not_picked":["Force Field","Melter"],"picked":"Conserve Battery+1","floor":34},{"not_picked":["Stack+1","Leap+1"],"picked":"Redo","floor":35},{"not_picked":["Gash+1","Auto Shields"],"picked":"Redo+1","floor":37},{"not_picked":["Rainbow","Sunder"],"picked":"Double Energy+1","floor":40},{"not_picked":["Turbo+1","Conserve Battery"],"picked":"White Noise+1","floor":41},{"not_picked":["Darkness","Hologram","Beam Cell"],"picked":"SKIP","floor":44},{"not_picked":["Sweeping Beam","Chill","Barrage"],"picked":"SKIP","floor":45}],"player_experience":25652,"relics_obtained":[{"floor":7.0,"key":"Pear"},{"floor":9.0,"key":"Sundial"},{"floor":12.0,"key":"Bag of Marbles"},{"floor":17.0,"key":"Bronze Scales"},{"floor":17.0,"key":"Frozen Egg 2"},{"floor":17.0,"key":"Bird Faced Urn"},{"floor":23,"key":"Bottled Lightning"},{"floor":26,"key":"Darkstone Periapt"},{"floor":37,"key":"WingedGreaves"},{"floor":40,"key":"Mummified Hand"},{"floor":41,"key":"Oddly Smooth Stone"},{"floor":43,"key":"Boot"}],"event_choices":[{"damage_healed":0.0,"max_hp_gain":0.0,"max_hp_loss":0.0,"gold_gain":0.0,"event_name":"Big Fish","player_choice":"Box","floor":8.0,"gold_loss":0.0,"damage_taken":0.0,"relics_obtained":["FossilizedHelix"],"cards_obtained":["Regret"]},{"damage_healed":0.0,"max_hp_gain":0.0,"max_hp_loss":0.0,"gold_gain":0.0,"event_name":"Dead Adventurer","player_choice":"Searched \u00272\u0027 times","floor":10.0,"gold_loss":0.0,"damage_taken":0.0,"relics_obtained":["Mercury Hourglass"]},{"damage_healed":0,"gold_gain":0,"player_choice":"Read","damage_taken":0,"max_hp_gain":0,"max_hp_loss":0,"event_name":"The Library","floor":19,"gold_loss":0,"cards_obtained":["Static Discharge"]},{"damage_healed":0,"gold_gain":0,"player_choice":"Inject Mutagens","damage_taken":0,"relics_obtained":["MutagenicStrength"],"max_hp_gain":0,"max_hp_loss":0,"event_name":"Drug Dealer","floor":24,"gold_loss":0},{"damage_healed":0,"gold_gain":0,"player_choice":"Fight","damage_taken":0,"max_hp_gain":0,"max_hp_loss":0,"event_name":"Colosseum","floor":27,"gold_loss":0},{"damage_healed":0,"gold_gain":0,"player_choice":"Fled From Nobs","damage_taken":0,"max_hp_gain":0,"max_hp_loss":0,"event_name":"Colosseum","floor":27,"gold_loss":0},{"damage_healed":24,"gold_gain":0,"player_choice":"Writhe","damage_taken":0,"max_hp_gain":0,"max_hp_loss":0,"event_name":"Winding Halls","floor":36,"gold_loss":0,"cards_obtained":["Writhe"]},{"damage_healed":0,"gold_gain":0,"player_choice":"Fight","damage_taken":0,"max_hp_gain":0,"max_hp_loss":0,"event_name":"Mysterious Sphere","floor":37,"gold_loss":0},{"cards_removed":["Defend_B"],"damage_healed":0,"gold_gain":0,"player_choice":"Removed Skill","damage_taken":0,"max_hp_gain":0,"max_hp_loss":0,"event_name":"Falling","floor":38,"gold_loss":0}],"is_beta":false,"boss_relics":[{"not_picked":["Astrolabe","Philosopher\u0027s Stone"],"picked":"Calling Bell"},{"not_picked":["Coffee Dripper","Snecko Eye"],"picked":"Tiny House"}],"items_purged_floors":[20,29,39],"is_endless":false,"potions_floor_spawned":[1,2,7,11,14,16,22,23,27,28,35,41,45],"ascension_level":0}