{"path_per_floor":["M","?","$","M","M","R","M","M","T","E","M","?","$","?","R"],"character_chosen":"DEFECT","items_purchased":["Steam","Conserve Battery"],"gold_per_floor":[110,110,12,27,47,47,14,24,51,84,96,171,17,17,17,17],"floor_reached":16,"campfire_rested":1,"playtime":1589,"item_purchase_floors":[3,13],"current_hp_per_floor":[73,73,73,73,73,73,67,67,67,43,43,32,32,32,56,0],"items_purged":["Strike_B","Strike_B"],"gold":17,"score":102,"play_id":"e11004e4-6da8-4f87-ba51-ad32b5914e2c","local_time":"20180601162239","is_prod":false,"is_daily":false,"chose_seed":false,"is_ascension_mode":false,"campfire_upgraded":1,"win_rate":0.0,"timestamp":1527884559,"campfire_choices":[{"data":"Hologram","floor":6,"key":"SMITH"},{"floor":15,"key":"REST"}],"path_taken":["M","?","?","M","M","R","M","M","T","E","M","?","$","?","R","BOSS"],"build_version":"2018-05-31","seed_source_timestamp":2409711612493146,"purchased_purges":2,"victory":false,"master_deck":["Strike_B","Strike_B","Defend_B","Defend_B","Defend_B","Zap+1","Dualcast","Reboot","Chill","Steam","Hologram+1","BootSequence","Glacier","Redo","Conserve Battery","Leap","Conserve Battery"],"max_hp_per_floor":[75,75,75,75,75,75,75,75,75,82,82,82,82,82,82,82],"relics":["Cracked Core","Orichalcum","Strawberry"],"card_choices":[{"not_picked":["Storm","Stack"],"picked":"Chill","floor":1},{"not_picked":["Cold Snap","Reboot"],"picked":"Hologram","floor":4},{"not_picked":["Blizzard","Stack"],"picked":"BootSequence","floor":5},{"not_picked":["Rebound","Aggregate"],"picked":"Glacier","floor":7},{"not_picked":["Heatsinks","Chaos"],"picked":"Redo","floor":8},{"not_picked":["Gash","Melter"],"picked":"Conserve Battery","floor":10},{"not_picked":["Coolheaded","Double Energy"],"picked":"Leap","floor":11}],"player_experience":121286,"potions_floor_usage":[10,16,16],"damage_taken":[{"damage":2,"enemies":"Small Slimes","floor":1,"turns":3},{"damage":0,"enemies":"Cultist","floor":4,"turns":4},{"damage":0,"enemies":"2 Louse","floor":5,"turns":3},{"damage":6,"enemies":"Exordium Thugs","floor":7,"turns":6},{"damage":0,"enemies":"Large Slime","floor":8,"turns":10},{"damage":31,"enemies":"Gremlin Nob","floor":10,"turns":7},{"damage":0,"enemies":"Looter","floor":11,"turns":4},{"damage":59,"enemies":"Hexaghost","floor":16,"turns":19}],"relics_obtained":[{"floor":9,"key":"Orichalcum"},{"floor":10,"key":"Strawberry"}],"event_choices":[{"event_name":"Upgrade Shrine","player_choice":"Upgraded","floor":2,"damage_taken":0},{"event_name":"World of Goop","player_choice":"Gather Gold","floor":12,"damage_taken":0},{"event_name":"Living Wall","player_choice":"Forget","floor":14,"damage_taken":0}],"boss_relics":[],"items_purged_floors":[3,13],"potions_floor_spawned":[1,10,11],"seed_played":"-3972718404512346275","killed_by":"Hexaghost","ascension_level":0,"potions_obtained":[{"floor":1,"key":"Swift Potion"},{"floor":10,"key":"Explosive Potion"},{"floor":11,"key":"Explosive Potion"}],"is_trial":false}