{"gold_per_floor":[112,112,187,24,34,34,44,74,74,74,87,262,276,296,296,393,393,413,430,45,45],"floor_reached":21,"playtime":1460,"items_purged":["Regret"],"score":217,"play_id":"ea74fa48-51e6-40c2-ab7a-96e070771287","local_time":"20190402194742","is_ascension_mode":true,"campfire_choices":[{"data":"Undo","floor":6,"key":"SMITH"},{"floor":10,"key":"REST"},{"data":"Double Energy","floor":15,"key":"SMITH"}],"neow_cost":"NONE","seed_source_timestamp":1032078581389208,"circlet_count":0,"master_deck":["Strike_B","Strike_B","Strike_B","Strike_B","Defend_B","Defend_B","Defend_B","Defend_B","Zap","Dualcast","Undo+1","Steam Power","Sweeping Beam","Conserve Battery","Double Energy+1","Ball Lightning","Reboot","Coolheaded","Creative AI","Turbo","Capacitor","Storm","Consume","Leap","Echo Form","White Noise+1","Storm","Doom and Gloom","Skim"],"relics":["Cracked Core","NeowsBlessing","Gremlin Horn","Omamori","Symbiotic Virus","Orrery","Regal Pillow"],"potions_floor_usage":[14,16,19],"damage_taken":[{"damage":0,"enemies":"2 Louse","floor":1,"turns":1},{"damage":0,"enemies":"Jaw Worm","floor":5,"turns":1},{"damage":0,"enemies":"Cultist","floor":7,"turns":1},{"damage":27,"enemies":"3 Sentries","floor":8,"turns":9},{"damage":0,"enemies":"2 Fungi Beasts","floor":11,"turns":3},{"damage":3,"enemies":"3 Louse","floor":13,"turns":3},{"damage":3,"enemies":"Gremlin Gang","floor":14,"turns":4},{"damage":26,"enemies":"The Guardian","floor":16,"turns":13},{"damage":14,"enemies":"Shell Parasite","floor":18,"turns":5},{"damage":43,"enemies":"3 Byrds","floor":19,"turns":5},{"damage":19,"enemies":"Snake Plant","floor":21,"turns":2}],"seed_played":"-4909960878717191032","potions_obtained":[{"floor":1,"key":"EssenceOfSteel"},{"floor":7,"key":"Strength Potion"},{"floor":14,"key":"Regen Potion"},{"floor":16,"key":"Fire Potion"},{"floor":18,"key":"SpeedPotion"}],"is_trial":false,"path_per_floor":["?","?","$","M","?"],"character_chosen":"DEFECT","items_purchased":["Steam Power","Sweeping Beam","Storm","Regal Pillow","Doom and Gloom","Skim"],"campfire_rested":1,"item_purchase_floors":[4,4,20,20,20,20],"current_hp_per_floor":[75,75,64,64,64,64,64,37,37,59,59,59,56,53,53,42,75,61,18,18,0],"gold":45,"neow_bonus":"THREE_ENEMY_KILL","is_prod":false,"is_daily":false,"chose_seed":false,"campfire_upgraded":2,"win_rate":0,"timestamp":1554248862,"path_taken":["M","?","?","?","?","R","M","E","T","R","M","?","M","M","R","BOSS","M","M","$","M"],"build_version":"2019-01-23","purchased_purges":1,"victory":false,"max_hp_per_floor":[75,75,75,75,75,75,75,75,75,75,75,75,75,75,75,75,75,75,75,75,75],"card_choices":[{"not_picked":["FTL","Coolheaded"],"picked":"Undo","floor":1},{"not_picked":["Gash","Go for the Eyes"],"picked":"Conserve Battery","floor":5},{"not_picked":["Tempest","Stack"],"picked":"Double Energy","floor":7},{"not_picked":["Steam","Barrage"],"picked":"Ball Lightning","floor":8},{"not_picked":["Coolheaded","FTL"],"picked":"Reboot","floor":11},{"not_picked":["Rebound","Double Energy"],"picked":"Coolheaded","floor":13},{"not_picked":["Compile Driver","Sweeping Beam","Stack"],"picked":"SKIP","floor":14},{"not_picked":["Thunder Strike","Machine Learning"],"picked":"Creative AI","floor":16},{"not_picked":["FTL","Aggregate"],"picked":"Turbo","floor":17},{"not_picked":["Redo","Ball Lightning"],"picked":"Capacitor","floor":17},{"not_picked":["Rebound","Sweeping Beam"],"picked":"Storm","floor":17},{"not_picked":["Ball Lightning","Genetic Algorithm"],"picked":"Consume","floor":17},{"not_picked":["Go for the Eyes","Gash"],"picked":"Leap","floor":17},{"not_picked":["Conserve Battery","Beam Cell"],"picked":"Echo Form","floor":18},{"not_picked":["Steam","Gash"],"picked":"White Noise+1","floor":19}],"player_experience":354763,"relics_obtained":[{"floor":8,"key":"Omamori"},{"floor":9,"key":"Symbiotic Virus"}],"event_choices":[{"damage_healed":0,"gold_gain":0,"player_choice":"Box","damage_taken":0,"relics_obtained":["Gremlin Horn"],"max_hp_gain":0,"max_hp_loss":0,"event_name":"Big Fish","floor":2,"gold_loss":0,"cards_obtained":["Regret"]},{"damage_healed":0,"gold_gain":75,"player_choice":"Gather Gold","damage_taken":11,"max_hp_gain":0,"max_hp_loss":0,"event_name":"World of Goop","floor":3,"gold_loss":0},{"damage_healed":0,"gold_gain":175,"player_choice":"AGREE","damage_taken":0,"max_hp_gain":0,"max_hp_loss":0,"event_name":"Liars Game","floor":12,"gold_loss":0,"cards_obtained":["Doubt"]}],"is_beta":false,"boss_relics":[{"not_picked":["Coffee Dripper","Tiny House"],"picked":"Orrery"}],"items_purged_floors":[4],"is_endless":false,"potions_floor_spawned":[1,7,14,16,18],"killed_by":"Snake Plant","ascension_level":4}