{"gold_per_floor":[115,125,200,219,230,265,265,440,440,291,291,291,256,269,269,373,373,386,366,22,22],"floor_reached":21,"playtime":1458,"items_purged":["Doubt"],"score":177,"play_id":"83f5ddc0-c308-4829-89a7-99040e6eaf81","local_time":"20190502183943","is_ascension_mode":false,"campfire_choices":[{"data":"Die Die Die","floor":7,"key":"SMITH"},{"floor":12,"key":"REST"},{"data":"Footwork","floor":15,"key":"SMITH"}],"neow_cost":"NONE","seed_source_timestamp":0,"circlet_count":0,"master_deck":["Defend_G","Defend_G","Defend_G","Defend_G","Defend_G","Strike_G","Strike_G","Strike_G","Survivor","Neutralize","Heel Hook","Cloak And Dagger","Corpse Explosion","Backflip","Die Die Die+1","Footwork+1","Envenom","Dash"],"special_seed":0,"relics":["Ring of the Snake","NeowsBlessing","Blood Vial","Mummified Hand","Empty Cage","FossilizedHelix"],"potions_floor_usage":[6,16,16,21],"damage_taken":[{"damage":0.0,"enemies":"Small Slimes","floor":1.0,"turns":1.0},{"damage":0.0,"enemies":"Jaw Worm","floor":2.0,"turns":1.0},{"damage":0.0,"enemies":"2 Louse","floor":4.0,"turns":1.0},{"damage":3.0,"enemies":"Gremlin Gang","floor":5.0,"turns":2.0},{"damage":7,"enemies":"Lagavulin","floor":6,"turns":8},{"damage":0,"enemies":"3 Louse","floor":14,"turns":2},{"damage":29,"enemies":"Slime Boss","floor":16,"turns":15},{"damage":6,"enemies":"Shell Parasite","floor":18,"turns":7},{"damage":17,"enemies":"Spheric Guardian","floor":21,"turns":11}],"seed_played":"-6911747624022657715","potions_obtained":[{"floor":4.0,"key":"Poison Potion"},{"floor":5.0,"key":"GhostInAJar"},{"floor":14,"key":"LiquidBronze"},{"floor":19,"key":"SpeedPotion"}],"is_trial":false,"path_per_floor":["?","?","?","?","M","?"],"character_chosen":"THE_SILENT","items_purchased":["Footwork","FossilizedHelix","Dash"],"campfire_rested":1,"item_purchase_floors":[10,20,20],"current_hp_per_floor":[70,70,59,59,56,49,49,49,49,49,16,37,54,56,56,29,70,64,64,64,49],"gold":22,"neow_bonus":"THREE_ENEMY_KILL","is_prod":false,"is_daily":false,"chose_seed":false,"campfire_upgraded":2,"win_rate":0,"timestamp":1556836783,"path_taken":["M","M","?","M","M","E","R","?","T","$","?","R","?","?","R","BOSS","M","?","$","M"],"build_version":"2019-01-23","purchased_purges":1,"victory":false,"max_hp_per_floor":[70,70,70,70,70,70,70,70,70,70,70,70,70,70,70,70,70,70,70,70,70],"card_choices":[{"not_picked":["Backflip","Slice"],"picked":"Heel Hook","floor":1.0},{"not_picked":["Flying Knee","Prepared"],"picked":"Cloak And Dagger","floor":2.0},{"not_picked":["Outmaneuver","Prepared"],"picked":"Corpse Explosion","floor":4.0},{"not_picked":["Flechettes","Dagger Throw"],"picked":"Backflip","floor":5.0},{"not_picked":["Dagger Spray","Deflect"],"picked":"Die Die Die","floor":6},{"not_picked":["Dodge and Roll","Underhanded Strike","Reflex"],"picked":"SKIP","floor":14},{"not_picked":["Unload","Die Die Die"],"picked":"Envenom","floor":16},{"not_picked":["Poisoned Stab","Escape Plan+1","Underhanded Strike"],"picked":"SKIP","floor":18}],"player_experience":455221,"relics_obtained":[{"floor":6,"key":"Blood Vial"},{"floor":9,"key":"Mummified Hand"}],"event_choices":[{"damage_healed":0.0,"max_hp_gain":0.0,"max_hp_loss":0.0,"gold_gain":75.0,"event_name":"World of Goop","player_choice":"Gather Gold","floor":3.0,"gold_loss":0.0,"damage_taken":11.0},{"damage_healed":0,"gold_gain":175,"player_choice":"AGREE","damage_taken":0,"max_hp_gain":0,"max_hp_loss":0,"event_name":"Liars Game","floor":8,"gold_loss":0,"cards_obtained":["Doubt"]},{"damage_healed":0,"gold_gain":0,"player_choice":"Fled","damage_taken":33,"max_hp_gain":0,"max_hp_loss":0,"event_name":"Scrap Ooze","floor":11,"gold_loss":0},{"damage_healed":17,"gold_gain":0,"player_choice":"Healed","damage_taken":0,"max_hp_gain":0,"max_hp_loss":0,"event_name":"The Cleric","floor":13,"gold_loss":35},{"damage_healed":0,"gold_gain":0,"player_choice":"Bought 1 Potion","damage_taken":0,"max_hp_gain":0,"max_hp_loss":0,"event_name":"The Woman in Blue","floor":19,"gold_loss":0}],"is_beta":false,"boss_relics":[{"not_picked":["Velvet Choker","HoveringKite"],"picked":"Empty Cage"}],"items_purged_floors":[10],"is_endless":false,"potions_floor_spawned":[4,5,14],"killed_by":"Spheric Guardian","ascension_level":0}