{"gold_per_floor":[110,127,141,152,171,206,206,206,255,273,286,311,109,140,140,241,241,253,264,23,34,48,374,374,392,446,446],"floor_reached":27,"playtime":8458,"items_purged":["Strike_G"],"score":272,"play_id":"5c9003ca-3857-4b80-9c73-d8c9fc7d0ead","local_time":"20190515093508","is_ascension_mode":true,"campfire_choices":[{"data":"Neutralize","floor":7.0,"key":"SMITH"},{"data":"Catalyst","floor":15.0,"key":"SMITH"},{"floor":24.0,"key":"REST"}],"neow_cost":"NONE","seed_source_timestamp":0,"circlet_count":0,"master_deck":["Defend_G","Defend_G","Defend_G","Defend_G","Defend_G","Strike_G","Strike_G","Strike_G","Strike_G","Survivor","Neutralize+1","Catalyst+1","Blade Dance","Leg Sweep","Deadly Poison","Dagger Spray","Backflip","Footwork","Cloak And Dagger","Deadly Poison","Footwork+1","Night Terror","Noxious Fumes+1","Terror+1","Expertise+1","Phantasmal Killer","Accuracy+1"],"special_seed":0,"relics":["Black Star","Boot","Bottled Flame","FaceOfCleric","Potion Belt","Frozen Egg 2","Gremlin Horn","Pantograph","Fusion Hammer","Singing Bowl","Paper Crane","Old Coin","Vajra"],"potions_floor_usage":[],"damage_taken":[{"damage":1.0,"enemies":"Cultist","floor":1.0,"turns":5.0},{"damage":0.0,"enemies":"2 Louse","floor":2.0,"turns":5.0},{"damage":0.0,"enemies":"Small Slimes","floor":3.0,"turns":3.0},{"damage":1.0,"enemies":"Red Slaver","floor":4.0,"turns":5.0},{"damage":6.0,"enemies":"3 Louse","floor":5.0,"turns":5.0},{"damage":24.0,"enemies":"3 Sentries","floor":6.0,"turns":13.0},{"damage":4.0,"enemies":"Exordium Thugs","floor":10.0,"turns":5.0},{"damage":11.0,"enemies":"Exordium Wildlife","floor":11.0,"turns":3.0},{"damage":6.0,"enemies":"Lagavulin","floor":12.0,"turns":11.0},{"damage":12.0,"enemies":"Gremlin Nob","floor":14.0,"turns":6.0},{"damage":7.0,"enemies":"The Guardian","floor":16.0,"turns":9.0},{"damage":17.0,"enemies":"2 Thieves","floor":18.0,"turns":4.0},{"damage":11.0,"enemies":"3 Byrds","floor":19.0,"turns":6.0},{"damage":0.0,"enemies":"Shelled Parasite and Fungi","floor":21.0,"turns":4.0},{"damage":8.0,"enemies":"Cultist and Chosen","floor":22.0,"turns":7.0},{"damage":40.0,"enemies":"Slavers","floor":23.0,"turns":9.0},{"damage":20,"enemies":"3 Cultists","floor":25,"turns":7},{"damage":18,"enemies":"Centurion and Healer","floor":27,"turns":2}],"seed_played":"-1039067563969550455","potions_obtained":[{"floor":2.0,"key":"GhostInAJar"},{"floor":3.0,"key":"SpeedPotion"},{"floor":12.0,"key":"PowerPotion"},{"floor":16.0,"key":"Dexterity Potion"},{"floor":21.0,"key":"Energy Potion"},{"floor":22.0,"key":"FearPotion"}],"is_trial":false,"path_per_floor":["M","M","M","M","M","E","R","?","T","M","M","E","$","E","R","B",null,"M","M","$","M","M","E","R","M","T","M"],"character_chosen":"THE_SILENT","items_purchased":["Deadly Poison","Footwork+1","Singing Bowl"],"campfire_rested":1,"item_purchase_floors":[13,13,20],"current_hp_per_floor":[69,69,69,68,62,38,38,38,38,35,25,20,20,9,9,28,75,59,49,49,50,45,6,30,11,11,0],"gold":446,"neow_bonus":"BOSS_RELIC","is_prod":false,"is_daily":false,"chose_seed":false,"campfire_upgraded":2,"win_rate":0,"timestamp":1557893108,"path_taken":["M","M","M","M","M","E","R","?","T","M","M","E","$","E","R","BOSS","M","M","$","M","M","E","R","M","T","M"],"build_version":"2019-01-23","purchased_purges":1,"victory":false,"max_hp_per_floor":[70,70,70,70,70,70,70,70,70,71,72,73,73,74,74,75,75,76,77,77,78,81,82,82,83,83,83],"card_choices":[{"not_picked":["Dagger Spray","Blade Dance"],"picked":"Catalyst","floor":1.0},{"not_picked":["Quick Slash","Deflect"],"picked":"Blade Dance","floor":2.0},{"not_picked":["Reflex","Backflip"],"picked":"Leg Sweep","floor":3.0},{"not_picked":["Choke","Flying Knee"],"picked":"Deadly Poison","floor":4.0},{"not_picked":["Predator","Well Laid Plans"],"picked":"Dagger Spray","floor":5.0},{"not_picked":["Cloak And Dagger","Dodge and Roll"],"picked":"Backflip","floor":6.0},{"not_picked":["Dagger Spray","Die Die Die"],"picked":"Footwork","floor":10.0},{"not_picked":["Sucker Punch","Quick Slash"],"picked":"Cloak And Dagger","floor":11.0},{"not_picked":["Dodge and Roll","Quick Slash","Acrobatics"],"picked":"SKIP","floor":12.0},{"not_picked":["Underhanded Strike","PiercingWail","Endless Agony"],"picked":"SKIP","floor":14.0},{"not_picked":["A Thousand Cuts+1","Phantasmal Killer"],"picked":"Night Terror","floor":16.0},{"not_picked":["PiercingWail","Dagger Spray+1"],"picked":"Noxious Fumes+1","floor":18.0},{"not_picked":["Deadly Poison","Predator"],"picked":"Terror+1","floor":19.0},{"not_picked":["Dagger Throw+1","Acrobatics+1"],"picked":"Expertise+1","floor":21.0},{"not_picked":["Eviscerate","Masterful Stab+1","Acrobatics"],"picked":"Singing Bowl","floor":22.0},{"not_picked":["Eviscerate","Deflect"],"picked":"Phantasmal Killer","floor":23.0},{"not_picked":["Blur+1","Deadly Poison+1"],"picked":"Accuracy+1","floor":25}],"player_experience":301372,"relics_obtained":[{"floor":6.0,"key":"Boot"},{"floor":6.0,"key":"Bottled Flame"},{"floor":12.0,"key":"Potion Belt"},{"floor":12.0,"key":"Frozen Egg 2"},{"floor":14.0,"key":"Gremlin Horn"},{"floor":14.0,"key":"Pantograph"},{"floor":23.0,"key":"Paper Crane"},{"floor":23.0,"key":"Old Coin"},{"floor":26,"key":"Vajra"}],"event_choices":[{"damage_healed":0.0,"max_hp_gain":0.0,"max_hp_loss":0.0,"gold_gain":0.0,"event_name":"FaceTrader","player_choice":"Trade","floor":8.0,"gold_loss":0.0,"damage_taken":0.0,"relics_obtained":["FaceOfCleric"]}],"is_beta":false,"boss_relics":[{"not_picked":["Ectoplasm","Eternal Feather"],"picked":"Fusion Hammer"}],"items_purged_floors":[13],"is_endless":false,"potions_floor_spawned":[2,3,12,16,21,22],"killed_by":"Centurion and Healer","ascension_level":1}