{"gold_per_floor":[110,60,73,87,8,43,218,245,245,270,270,15,31,43,43,43],"floor_reached":16,"playtime":1126,"items_purged":["Strike_R"],"score":180,"play_id":"1cfe1080-df6b-4484-95a6-83fbb65f4c84","local_time":"20190529015712","is_ascension_mode":true,"campfire_choices":[{"floor":11.0,"key":"REST"},{"data":"Armaments","floor":15.0,"key":"SMITH"}],"neow_cost":"NONE","seed_source_timestamp":856709624561612,"circlet_count":0,"master_deck":["AscendersBane","Strike_R","Strike_R","Strike_R","Defend_R","Defend_R","Defend_R+1","Defend_R+1","Bash","Armaments+1","Carnage","Battle Trance","Inflame","Doubt","Shrug It Off","Inflame","Inflame","Exhume"],"special_seed":0,"relics":["Burning Blood","Regal Pillow","Thread and Needle","Blue Candle","PreservedInsect","War Paint"],"potions_floor_usage":[16,16],"damage_taken":[{"damage":8.0,"enemies":"Jaw Worm","floor":1.0,"turns":6.0},{"damage":0.0,"enemies":"Small Slimes","floor":3.0,"turns":5.0},{"damage":1.0,"enemies":"Cultist","floor":4.0,"turns":3.0},{"damage":32.0,"enemies":"Gremlin Nob","floor":6.0,"turns":4.0},{"damage":44.0,"enemies":"Lagavulin","floor":8.0,"turns":9.0},{"damage":23.0,"enemies":"3 Sentries","floor":10.0,"turns":8.0},{"damage":6.0,"enemies":"3 Louse","floor":13.0,"turns":6.0},{"damage":0.0,"enemies":"Red Slaver","floor":14.0,"turns":6.0},{"damage":56,"enemies":"The Guardian","floor":16,"turns":11}],"seed_played":"5970533451095882055","potions_obtained":[{"floor":4.0,"key":"SmokeBomb"},{"floor":10.0,"key":"Strength Potion"},{"floor":14.0,"key":"Weak Potion"}],"is_trial":false,"path_per_floor":["M","?","M","M","$","E","?","E","T","E","R","$","M","M","R","B"],"character_chosen":"IRONCLAD","items_purchased":["Inflame","Inflame","War Paint"],"campfire_rested":1,"item_purchase_floors":[5,12,12],"current_hp_per_floor":[78,78,84,88,88,62,62,24,24,7,48,48,48,54,54,0],"gold":43,"neow_bonus":"TEN_PERCENT_HP_BONUS","is_prod":false,"is_daily":false,"chose_seed":false,"campfire_upgraded":1,"win_rate":0,"timestamp":1559075232,"path_taken":["M","?","M","M","$","E","?","E","T","E","R","?","?","M","R","BOSS"],"build_version":"2019-01-23","purchased_purges":1,"victory":false,"max_hp_per_floor":[88,88,88,88,88,88,88,88,88,88,88,88,88,88,88,88],"card_choices":[{"not_picked":["Headbutt","Hemokinesis"],"picked":"Armaments","floor":1.0},{"not_picked":["Second Wind","Thunderclap"],"picked":"Carnage","floor":3.0},{"not_picked":["Body Slam","Wild Strike"],"picked":"Battle Trance","floor":4.0},{"not_picked":["Rage","Anger","Flex"],"picked":"SKIP","floor":6.0},{"not_picked":["Warcry","Cleave"],"picked":"Shrug It Off","floor":8.0},{"not_picked":["Second Wind","Heavy Blade"],"picked":"Inflame","floor":10.0},{"not_picked":["Pommel Strike","Infernal Blade","Seeing Red"],"picked":"SKIP","floor":13.0},{"not_picked":["Body Slam","Armaments"],"picked":"Exhume","floor":14.0}],"player_experience":903103,"relics_obtained":[{"floor":6.0,"key":"Regal Pillow"},{"floor":8.0,"key":"Thread and Needle"},{"floor":9.0,"key":"Blue Candle"},{"floor":10.0,"key":"PreservedInsect"}],"event_choices":[{"cards_removed":["Strike_R"],"damage_healed":0.0,"max_hp_gain":0.0,"max_hp_loss":0.0,"gold_gain":0.0,"event_name":"The Cleric","player_choice":"Card Removal","floor":2.0,"gold_loss":50.0,"damage_taken":0.0},{"damage_healed":0.0,"max_hp_gain":0.0,"max_hp_loss":0.0,"gold_gain":175.0,"event_name":"Liars Game","player_choice":"AGREE","floor":7.0,"gold_loss":0.0,"damage_taken":0.0,"cards_obtained":["Doubt"]}],"is_beta":false,"boss_relics":[],"items_purged_floors":[12],"is_endless":false,"potions_floor_spawned":[4,10,14],"killed_by":"The Guardian","ascension_level":10}