{"gold_per_floor":[118,118,130,150,76,106,106,118,118,138,154,154,166,186,186,281,281,295,295,308,16,31,58,58,58,58,75,93,93,93,112,112,213,213,230,230,230,45,59,70,81,93,141,170,44,44,58,58,58,58],"floor_reached":51,"playtime":4017,"items_purged":["Strike_B"],"score":680,"play_id":"83e9e5c0-7759-4b6d-a9d8-ca3f7138c138","local_time":"20190429184941","is_ascension_mode":false,"campfire_choices":[{"floor":7.0,"key":"REST"},{"floor":12.0,"key":"REST"},{"floor":15,"key":"REST"},{"data":"Defragment","floor":24,"key":"SMITH"},{"data":"Storm","floor":30,"key":"SMITH"},{"data":"Defragment","floor":32,"key":"SMITH"},{"data":"Creative AI","floor":46,"key":"SMITH"},{"data":"Buffer","floor":49,"key":"SMITH"}],"neow_cost":"NONE","seed_source_timestamp":942742686844608,"circlet_count":0,"master_deck":["Strike_B","Strike_B","Defend_B","Defend_B","Defend_B","Defend_B","Zap+1","Dualcast","Defragment+1","Force Field","Capacitor","White Noise","Capacitor","Storm+1","Redo","Glacier","Creative AI+1","Undo","Seek","Defragment+1","Loop","Skim+1","Hologram+1","Buffer+1","Glacier","Writhe","Self Repair"],"special_seed":0,"relics":["Cracked Core","Bag of Marbles","Molten Egg 2","Busted Crown","Thread and Needle","Mummified Hand","Bronze Scales","Mercury Hourglass","Cursed Key","Tiny Chest","Dream Catcher","The Courier","SsserpentHead"],"potions_floor_usage":[16,33,33,33,35,41,50],"damage_taken":[{"damage":0.0,"enemies":"Small Slimes","floor":1.0,"turns":3.0},{"damage":0.0,"enemies":"Cultist","floor":3.0,"turns":4.0},{"damage":1.0,"enemies":"Jaw Worm","floor":4.0,"turns":3.0},{"damage":42.0,"enemies":"Gremlin Nob","floor":6.0,"turns":6.0},{"damage":6.0,"enemies":"Large Slime","floor":8.0,"turns":4.0},{"damage":2.0,"enemies":"Blue Slaver","floor":10.0,"turns":3.0},{"damage":13.0,"enemies":"3 Louse","floor":11.0,"turns":3.0},{"damage":23,"enemies":"Gremlin Gang","floor":13,"turns":5},{"damage":11,"enemies":"Looter","floor":14,"turns":4},{"damage":14,"enemies":"The Guardian","floor":16,"turns":9},{"damage":6,"enemies":"Spheric Guardian","floor":18,"turns":5},{"damage":0,"enemies":"Shell Parasite","floor":20,"turns":6},{"damage":0,"enemies":"Centurion and Healer","floor":22,"turns":6},{"damage":8,"enemies":"Book of Stabbing","floor":23,"turns":6},{"damage":0,"enemies":"Snecko","floor":27,"turns":4},{"damage":0,"enemies":"Snake Plant","floor":28,"turns":4},{"damage":0,"enemies":"Sentry and Sphere","floor":31,"turns":5},{"damage":19,"enemies":"Automaton","floor":33,"turns":7},{"damage":0,"enemies":"Orb Walker","floor":35,"turns":3},{"damage":0,"enemies":"3 Shapes","floor":39,"turns":4},{"damage":6,"enemies":"Writhing Mass","floor":40,"turns":4},{"damage":0,"enemies":"4 Shapes","floor":41,"turns":3},{"damage":9,"enemies":"Jaw Worm Horde","floor":42,"turns":2},{"damage":0,"enemies":"Giant Head","floor":44,"turns":8},{"damage":1,"enemies":"Writhing Mass","floor":47,"turns":4},{"damage":34,"enemies":"Awakened One","floor":50,"turns":13}],"seed_played":"3468386185987212991","potions_obtained":[{"floor":1.0,"key":"EssenceOfSteel"},{"floor":3.0,"key":"SpeedPotion"},{"floor":4.0,"key":"SteroidPotion"},{"floor":13,"key":"FearPotion"},{"floor":20,"key":"EntropicBrew"},{"floor":27,"key":"FocusPotion"},{"floor":40,"key":"SkillPotion"},{"floor":41,"key":"Explosive Potion"}],"is_trial":false,"path_per_floor":["?","M","?","?","?","?","?","M","?"],"character_chosen":"DEFECT","items_purchased":["Capacitor","Mummified Hand","Loop","Glacier","Tiny Chest","Self Repair"],"campfire_rested":3,"item_purchase_floors":[5,21,21,38,38,45],"current_hp_per_floor":[75,75,75,74,74,32,54,48,48,46,33,55,32,21,43,29,75,69,69,69,69,69,61,61,61,61,61,61,55,55,55,55,36,75,75,75,75,75,75,69,69,60,60,60,60,60,66,66,66,39],"gold":58,"neow_bonus":"UPGRADE_CARD","is_prod":false,"is_daily":false,"chose_seed":false,"campfire_upgraded":5,"win_rate":0,"timestamp":1556578181,"path_taken":["M","?","M","?","$","E","R","M","T","M","M","R","M","M","R","BOSS","M","?","M","$","M","E","R","?","T","M","M","?","R","M","R","BOSS","M","?","?","$","M","M","?","M","T","E","$","R","M","?","R","BOSS"],"build_version":"2019-01-23","purchased_purges":1,"victory":true,"max_hp_per_floor":[75,75,75,75,75,75,75,75,75,75,75,75,75,75,75,75,75,75,75,75,75,75,75,75,75,75,75,75,75,75,75,75,75,75,75,75,75,75,75,75,75,75,75,75,75,75,75,75,75,75],"card_choices":[{"not_picked":["Storm","Darkness"],"picked":"Defragment","floor":1.0},{"not_picked":["Steam Power","Go for the Eyes"],"picked":"Capacitor","floor":3.0},{"not_picked":["Leap","Beam Cell"],"picked":"White Noise","floor":4.0},{"not_picked":["Coolheaded","Leap"],"picked":"Storm","floor":6.0},{"not_picked":["Beam Cell","Aggregate"],"picked":"Redo","floor":8.0},{"not_picked":["Aggregate","Cold Snap+1"],"picked":"Glacier","floor":10.0},{"not_picked":["Gash+1","Beam Cell+1","Compile Driver+1"],"picked":"SKIP","floor":11.0},{"not_picked":["Skim","Compile Driver+1"],"picked":"Creative AI","floor":13},{"not_picked":["Redo","Coolheaded"],"picked":"Undo","floor":14},{"not_picked":["Hyperbeam+1","Multi-Cast"],"picked":"Seek","floor":16},{"not_picked":["Capacitor"],"picked":"SKIP","floor":18},{"not_picked":[],"picked":"Defragment","floor":20},{"not_picked":[],"picked":"Skim+1","floor":22},{"not_picked":["Tempest"],"picked":"SKIP","floor":23},{"not_picked":["Go for the Eyes+1"],"picked":"SKIP","floor":27},{"not_picked":[],"picked":"Hologram+1","floor":28},{"not_picked":["Steam"],"picked":"SKIP","floor":31},{"not_picked":[],"picked":"Buffer","floor":33},{"not_picked":["Reprogram"],"picked":"SKIP","floor":35},{"not_picked":["Stack"],"picked":"SKIP","floor":39},{"not_picked":["Beam Cell+1"],"picked":"SKIP","floor":40},{"not_picked":["Fusion+1"],"picked":"SKIP","floor":41},{"not_picked":["Compile Driver+1"],"picked":"SKIP","floor":42},{"not_picked":["Reinforced Body"],"picked":"SKIP","floor":44},{"not_picked":["Ball Lightning+1"],"picked":"SKIP","floor":47}],"player_experience":434675,"relics_obtained":[{"floor":6.0,"key":"Bag of Marbles"},{"floor":9.0,"key":"Molten Egg 2"},{"floor":23,"key":"Bronze Scales"},{"floor":26,"key":"Mercury Hourglass"},{"floor":43,"key":"Dream Catcher"},{"floor":44,"key":"The Courier"}],"event_choices":[{"damage_healed":0.0,"max_hp_gain":0.0,"max_hp_loss":0.0,"gold_gain":0.0,"cards_transformed":["Strike_B"],"event_name":"Transmorgrifier","player_choice":"Transformed","floor":2.0,"gold_loss":0.0,"damage_taken":0.0,"cards_obtained":["Force Field"]},{"damage_healed":0,"gold_gain":0,"player_choice":"Opened","damage_taken":0,"relics_obtained":["Thread and Needle"],"max_hp_gain":0,"max_hp_loss":0,"event_name":"The Mausoleum","floor":19,"gold_loss":0},{"damage_healed":0,"gold_gain":0,"player_choice":"Ignored","damage_taken":0,"max_hp_gain":0,"max_hp_loss":0,"event_name":"Vampires","floor":25,"gold_loss":0},{"damage_healed":0,"gold_gain":0,"player_choice":"Joined the Cult","damage_taken":6,"max_hp_gain":0,"max_hp_loss":0,"event_name":"Nest","floor":29,"gold_loss":0,"cards_obtained":["RitualDagger"]},{"cards_removed":["RitualDagger"],"damage_healed":0,"gold_gain":0,"player_choice":"Removed Attack","damage_taken":0,"max_hp_gain":0,"max_hp_loss":0,"event_name":"Falling","floor":36,"gold_loss":0},{"damage_healed":0,"gold_gain":0,"player_choice":"Ignored","damage_taken":0,"max_hp_gain":0,"max_hp_loss":0,"event_name":"NoteForYourself","floor":37,"gold_loss":0},{"damage_healed":0,"gold_gain":0,"player_choice":"Trade","damage_taken":0,"relics_obtained":["SsserpentHead"],"max_hp_gain":0,"max_hp_loss":0,"event_name":"FaceTrader","floor":48,"gold_loss":0}],"is_beta":false,"boss_relics":[{"not_picked":["Lizard Tail","Empty Cage"],"picked":"Busted Crown"},{"not_picked":["Runic Pyramid","Tiny House"],"picked":"Cursed Key"}],"items_purged_floors":[45],"is_endless":false,"potions_floor_spawned":[1,3,4,13,20,22,27,33,40,41,47],"ascension_level":0}