{"gold_per_floor":[369,383,22,32,50,50,79,91,103,127,154,166,178],"floor_reached":13,"playtime":2188,"items_purged":["Decay"],"score":87,"play_id":"69fdcab8-f4b9-4891-9f95-11a682242eb7","local_time":"20190511084144","is_ascension_mode":false,"campfire_choices":[{"data":"Zap","floor":6.0,"key":"SMITH"},{"data":"Dualcast","floor":8.0,"key":"SMITH"}],"neow_cost":"CURSE","seed_source_timestamp":0,"circlet_count":0,"master_deck":["Strike_B","Strike_B","Strike_B","Strike_B","Defend_B","Defend_B","Defend_B","Defend_B","Zap+1","Dualcast+1","Melter","Rebound","Mind Blast","Tempest","BootSequence","White Noise","Regret"],"special_seed":0,"relics":["Cracked Core","ClockworkSouvenir","MawBank","Matryoshka","Bird Faced Urn"],"potions_floor_usage":[],"damage_taken":[{"damage":2.0,"enemies":"Small Slimes","floor":1.0,"turns":4.0},{"damage":11.0,"enemies":"Jaw Worm","floor":2.0,"turns":2.0},{"damage":1.0,"enemies":"Cultist","floor":4.0,"turns":3.0},{"damage":22.0,"enemies":"Exordium Thugs","floor":5.0,"turns":4.0},{"damage":24.0,"enemies":"Lagavulin","floor":7.0,"turns":7.0},{"damage":1.0,"enemies":"3 Louse","floor":10.0,"turns":2.0},{"damage":0.0,"enemies":"Large Slime","floor":11.0,"turns":4.0},{"damage":16,"enemies":"3 Sentries","floor":13,"turns":5}],"seed_played":"4647775373347882093","potions_obtained":[{"floor":2.0,"key":"SmokeBomb"},{"floor":10.0,"key":"SpeedPotion"}],"is_trial":false,"path_per_floor":["M","M","$","M","M","R","E","R","T","M","M","?","E"],"character_chosen":"DEFECT","items_purchased":["ClockworkSouvenir","Mind Blast"],"campfire_rested":0,"item_purchase_floors":[3,3],"current_hp_per_floor":[73,62,62,61,39,39,15,15,15,14,14,14,0],"gold":178,"neow_bonus":"TWO_FIFTY_GOLD","is_prod":false,"is_daily":false,"chose_seed":false,"campfire_upgraded":2,"win_rate":0.0,"timestamp":1557544304,"path_taken":["M","M","$","M","M","R","E","R","T","M","M","?","E"],"build_version":"2019-01-23","purchased_purges":1,"victory":false,"max_hp_per_floor":[75,75,75,75,75,75,75,75,75,75,75,75,75],"card_choices":[{"not_picked":["Streamline","Hologram"],"picked":"Melter","floor":1.0},{"not_picked":["Go for the Eyes","Blizzard"],"picked":"Rebound","floor":2.0},{"not_picked":["Consume","Go for the Eyes","Melter"],"picked":"SKIP","floor":4.0},{"not_picked":["Cold Snap","Barrage"],"picked":"Tempest","floor":5.0},{"not_picked":["Multi-Cast","Lockon"],"picked":"BootSequence","floor":7.0},{"not_picked":["Barrage","Beam Cell","Sweeping Beam"],"picked":"SKIP","floor":10.0},{"not_picked":["Hello World","Redo"],"picked":"White Noise","floor":11.0}],"player_experience":123848,"relics_obtained":[{"floor":7.0,"key":"MawBank"},{"floor":9.0,"key":"Matryoshka"}],"event_choices":[{"damage_healed":0.0,"max_hp_gain":0.0,"max_hp_loss":0.0,"gold_gain":0.0,"event_name":"Big Fish","player_choice":"Box","floor":12.0,"gold_loss":0.0,"damage_taken":0.0,"relics_obtained":["Bird Faced Urn"],"cards_obtained":["Regret"]}],"is_beta":false,"boss_relics":[],"items_purged_floors":[3],"is_endless":false,"potions_floor_spawned":[2,10],"killed_by":"3 Sentries","ascension_level":0}