{"gold_per_floor":[116,39,50,0,17,17,28,54,79,94,123,143,172,186,186,286,286,297,307,307,307,407,438,438,449,449,484,484,335,370,397,409,524,536,560,589,701,726,738,776,798,810,868,911,937,594,620,633,633,633,633,633,15,48,48],"floor_reached":56,"playtime":9747,"items_purged":["Writhe","Clumsy"],"score":2141,"play_id":"390c8c3f-bc55-4a9c-a386-d2b7a81b273c","local_time":"20190529133247","is_ascension_mode":true,"campfire_choices":[{"data":"Hologram","floor":6.0,"key":"SMITH"},{"floor":15.0,"key":"REST"},{"floor":24.0,"key":"REST"},{"data":"Ghostly","floor":28.0,"key":"SMITH"},{"data":"Defragment","floor":32.0,"key":"SMITH"},{"floor":49.0,"key":"RECALL"},{"floor":52.0,"key":"REST"}],"neow_cost":"NONE","seed_source_timestamp":889439476779987,"circlet_count":0,"master_deck":["AscendersBane","Strike_B","Strike_B","Strike_B","Strike_B","Defend_B+1","Defend_B","Defend_B","Defend_B","Zap+1","Dualcast","Defragment+1","Hologram+1","Cold Snap","Glacier","Coolheaded","Multi-Cast","Defragment","Ghostly+1","Ghostly","Ghostly","Ghostly","Ghostly","Storm","Ball Lightning+1","Glacier","Self Repair+1","Biased Cognition+1","Seek","Chill+1","Defragment+1","Heatsinks+1","Electrodynamics+1","Defragment+1","Blizzard+1","Core Surge+1"],"special_seed":0,"relics":["Cursed Key","War Paint","Bronze Scales","Pen Nib","Bottled Lightning","DataDisk","Inserter","Nilry\u0027s Codex","Torii","Molten Egg 2","Frozen Egg 2","Question Card","Bag of Marbles","MawBank","Fusion Hammer","FossilizedHelix","Orichalcum","Regal Pillow","Art of War","Kunai","StoneCalendar","Pantograph"],"potions_floor_usage":[55,55,55],"damage_taken":[{"damage":7.0,"enemies":"Small Slimes","floor":1.0,"turns":4.0},{"damage":0.0,"enemies":"Cultist","floor":3.0,"turns":3.0},{"damage":2.0,"enemies":"Jaw Worm","floor":5.0,"turns":4.0},{"damage":5.0,"enemies":"Large Slime","floor":7.0,"turns":7.0},{"damage":21.0,"enemies":"Lagavulin","floor":8.0,"turns":7.0},{"damage":0.0,"enemies":"2 Fungi Beasts","floor":10.0,"turns":4.0},{"damage":15.0,"enemies":"Gremlin Nob","floor":11.0,"turns":4.0},{"damage":8.0,"enemies":"Blue Slaver","floor":12.0,"turns":3.0},{"damage":6.0,"enemies":"3 Sentries","floor":13.0,"turns":8.0},{"damage":3.0,"enemies":"Gremlin Gang","floor":14.0,"turns":5.0},{"damage":10.0,"enemies":"The Guardian","floor":16.0,"turns":12.0},{"damage":0.0,"enemies":"Chosen","floor":18.0,"turns":5.0},{"damage":0.0,"enemies":"3 Byrds","floor":19.0,"turns":3.0},{"damage":14.0,"enemies":"Colosseum Slavers","floor":22.0,"turns":6.0},{"damage":0.0,"enemies":"Colosseum Nobs","floor":22.0,"turns":6.0},{"damage":15.0,"enemies":"Slavers","floor":23.0,"turns":7.0},{"damage":1.0,"enemies":"Centurion and Healer","floor":25.0,"turns":5.0},{"damage":6.0,"enemies":"Gremlin Leader","floor":27.0,"turns":8.0},{"damage":1.0,"enemies":"Book of Stabbing","floor":30.0,"turns":7.0},{"damage":6.0,"enemies":"3 Cultists","floor":31.0,"turns":7.0},{"damage":0.0,"enemies":"Collector","floor":33.0,"turns":16.0},{"damage":7.0,"enemies":"3 Darklings","floor":35.0,"turns":6.0},{"damage":0.0,"enemies":"Orb Walker","floor":36.0,"turns":5.0},{"damage":0.0,"enemies":"Mind Bloom Boss Battle","floor":37.0,"turns":7.0},{"damage":0.0,"enemies":"Jaw Worm Horde","floor":38.0,"turns":10.0},{"damage":0.0,"enemies":"Giant Head","floor":40.0,"turns":10.0},{"damage":0.0,"enemies":"3 Darklings","floor":41.0,"turns":3.0},{"damage":0.0,"enemies":"Nemesis","floor":44.0,"turns":12.0},{"damage":0.0,"enemies":"Transient","floor":45.0,"turns":5.0},{"damage":0.0,"enemies":"Reptomancer","floor":47.0,"turns":9.0},{"damage":9.0,"enemies":"Writhing Mass","floor":48.0,"turns":6.0},{"damage":0.0,"enemies":"Donu and Deca","floor":50.0,"turns":6.0},{"damage":0.0,"enemies":"Shield and Spear","floor":54.0,"turns":5.0},{"damage":24,"enemies":"The Heart","floor":55,"turns":10}],"seed_played":"7881577438886340490","potions_obtained":[{"floor":1.0,"key":"SpeedPotion"},{"floor":8.0,"key":"FocusPotion"},{"floor":13.0,"key":"Dexterity Potion"},{"floor":14.0,"key":"Block Potion"},{"floor":25.0,"key":"Explosive Potion"},{"floor":27.0,"key":"SteroidPotion"},{"floor":33.0,"key":"PowerPotion"},{"floor":35.0,"key":"Ancient Potion"},{"floor":41.0,"key":"LiquidBronze"},{"floor":44.0,"key":"Dexterity Potion"}],"is_trial":false,"path_per_floor":["M","$","M","?","M","R","M","E","T","M","E","M","E","M","R","B",null,"M","M","?","?","?","E","R","M","T","E","R","$","E","M","R","B",null,"M","M","?","M","?","E","M","?","T","E","M","$","E","M","R","B",null,"R","$","E","B",null],"character_chosen":"DEFECT","items_purchased":["Defragment","Glacier","Heatsinks+1","Art of War","FocusPotion","Defragment+1","Blizzard+1","Core Surge+1","StoneCalendar","FocusPotion"],"campfire_rested":3,"item_purchase_floors":[2,29,46,46,46,53,53,53,53,53],"current_hp_per_floor":[61,61,61,61,59,59,54,33,33,33,18,10,4,1,23,13,60,60,60,44,37,23,8,19,18,18,12,12,12,11,15,15,25,34,37,37,37,37,37,37,37,37,37,37,37,37,37,37,37,37,37,37,37,37,23],"gold":48,"neow_bonus":"BOSS_RELIC","is_prod":false,"is_daily":false,"chose_seed":false,"campfire_upgraded":3,"win_rate":0,"timestamp":1559116967,"path_taken":["M","$","M","?","?","R","M","E","T","M","E","M","E","M","R","BOSS","M","M","?","?","?","E","R","M","T","E","R","$","E","M","R","BOSS","M","M","?","M","?","E","M","?","T","E","M","$","E","M","R","BOSS","R","$","E","BOSS"],"build_version":"2019-01-23","purchased_purges":2,"victory":true,"max_hp_per_floor":[75,75,75,75,75,75,75,75,75,75,75,75,75,75,75,75,75,75,75,75,37,37,37,37,37,37,37,37,37,37,37,37,37,37,37,37,37,37,37,37,37,37,37,37,37,37,37,37,37,37,37,37,37,37,37],"card_choices":[{"not_picked":["Blizzard","Lockon","Go for the Eyes"],"picked":"SKIP","floor":1.0},{"not_picked":["Turbo","Conserve Battery"],"picked":"Compile Driver","floor":3.0},{"not_picked":["Turbo","Compile Driver"],"picked":"Hologram","floor":5.0},{"not_picked":["Streamline","Compile Driver","Fission"],"picked":"SKIP","floor":7.0},{"not_picked":["Stack","Conserve Battery"],"picked":"Cold Snap","floor":8.0},{"not_picked":["Compile Driver","Turbo","Sweeping Beam"],"picked":"SKIP","floor":10.0},{"not_picked":["Force Field","Reinforced Body"],"picked":"Glacier","floor":11.0},{"not_picked":["Sweeping Beam","Turbo","Leap"],"picked":"SKIP","floor":12.0},{"not_picked":["Beam Cell","Stack"],"picked":"Coolheaded","floor":13.0},{"not_picked":["Compile Driver","Stack","Amplify"],"picked":"SKIP","floor":14.0},{"not_picked":["Hyperbeam","Thunder Strike"],"picked":"Multi-Cast","floor":16.0},{"not_picked":["Redo","Fusion+1","Rebound"],"picked":"SKIP","floor":18.0},{"not_picked":["Compile Driver","Heatsinks"],"picked":"Defragment","floor":19.0},{"not_picked":["Barrage","Cold Snap"],"picked":"Storm","floor":22.0},{"not_picked":["Reinforced Body","Hello World","Recycle+1"],"picked":"SKIP","floor":23.0},{"not_picked":["Barrage+1","Redo"],"picked":"Ball Lightning+1","floor":25.0},{"not_picked":["Rebound+1","Multi-Cast","Gash+1","Darkness"],"picked":"SKIP","floor":27.0},{"not_picked":["Gash+1","Conserve Battery","Go for the Eyes+1"],"picked":"Self Repair+1","floor":30.0},{"not_picked":["Go for the Eyes+1","Cold Snap+1","Sunder+1","Chaos"],"picked":"SKIP","floor":31.0},{"not_picked":["Core Surge+1","Meteor Strike+1","Thunder Strike+1"],"picked":"Biased Cognition+1","floor":33.0},{"not_picked":["Sweeping Beam+1","Redo+1","Fusion","Capacitor+1"],"picked":"SKIP","floor":35.0},{"not_picked":["Beam Cell+1","Force Field+1","Barrage+1"],"picked":"Seek","floor":36.0},{"not_picked":["Heatsinks+1","Beam Cell+1","Gash+1"],"picked":"Chill+1","floor":37.0},{"not_picked":["Capacitor+1","Hologram+1","Beam Cell+1","Undo"],"picked":"SKIP","floor":38.0},{"not_picked":["Go for the Eyes+1","Redo","Tempest+1","Steam Power+1"],"picked":"SKIP","floor":40.0},{"not_picked":["Double Energy+1","Turbo+1","Redo+1","Ball Lightning+1"],"picked":"SKIP","floor":41.0},{"not_picked":["Coolheaded","Beam Cell+1","Barrage+1","Fusion"],"picked":"SKIP","floor":44.0},{"not_picked":["Go for the Eyes+1","Redo+1","Streamline+1"],"picked":"Defragment+1","floor":45.0},{"not_picked":["Reboot","Compile Driver+1","Double Energy+1"],"picked":"Electrodynamics+1","floor":47.0},{"not_picked":["Reinforced Body","Ball Lightning+1","Conserve Battery+1","Recycle+1"],"picked":"SKIP","floor":48.0},{"not_picked":["All For One+1","Fission","Genetic Algorithm+1","Double Energy"],"picked":"SKIP","floor":54.0}],"player_experience":913691,"relics_obtained":[{"floor":8.0,"key":"Bronze Scales"},{"floor":9.0,"key":"Pen Nib"},{"floor":11.0,"key":"Bottled Lightning"},{"floor":13.0,"key":"DataDisk"},{"floor":20.0,"key":"Nilry\u0027s Codex"},{"floor":22.0,"key":"Torii"},{"floor":22.0,"key":"Molten Egg 2"},{"floor":23.0,"key":"Frozen Egg 2"},{"floor":26.0,"key":"Question Card"},{"floor":27.0,"key":"Bag of Marbles"},{"floor":30.0,"key":"MawBank"},{"floor":37.0,"key":"FossilizedHelix"},{"floor":40.0,"key":"Orichalcum"},{"floor":44.0,"key":"Regal Pillow"},{"floor":47.0,"key":"Kunai"},{"floor":54.0,"key":"Pantograph"}],"event_choices":[{"damage_healed":0.0,"max_hp_gain":0.0,"max_hp_loss":0.0,"gold_gain":0.0,"event_name":"WeMeetAgain","player_choice":"Paid Gold","floor":4.0,"gold_loss":50.0,"damage_taken":0.0,"relics_obtained":["War Paint"]},{"damage_healed":0.0,"max_hp_gain":0.0,"max_hp_loss":0.0,"gold_gain":0.0,"event_name":"Cursed Tome","player_choice":"Obtained Book","floor":20.0,"gold_loss":0.0,"damage_taken":16.0},{"damage_healed":0.0,"max_hp_gain":0.0,"max_hp_loss":38.0,"gold_gain":0.0,"event_name":"Ghosts","player_choice":"Became a Ghost","floor":21.0,"gold_loss":0.0,"damage_taken":0.0,"cards_obtained":["Ghostly","Ghostly","Ghostly","Ghostly","Ghostly"]},{"damage_healed":0.0,"max_hp_gain":0.0,"max_hp_loss":0.0,"gold_gain":0.0,"event_name":"Colosseum","player_choice":"Fight","floor":22.0,"gold_loss":0.0,"damage_taken":0.0},{"damage_healed":0.0,"max_hp_gain":0.0,"max_hp_loss":0.0,"gold_gain":0.0,"event_name":"Colosseum","player_choice":"Fought Nobs","floor":22.0,"gold_loss":0.0,"damage_taken":0.0},{"damage_healed":0.0,"max_hp_gain":0.0,"max_hp_loss":0.0,"gold_gain":0.0,"event_name":"MindBloom","player_choice":"Fight","floor":37.0,"gold_loss":0.0,"damage_taken":0.0},{"cards_removed":["Compile Driver"],"damage_healed":0.0,"max_hp_gain":0.0,"max_hp_loss":0.0,"gold_gain":0.0,"event_name":"Falling","player_choice":"Removed Attack","floor":39.0,"gold_loss":0.0,"damage_taken":0.0},{"cards_removed":["Doubt"],"damage_healed":0.0,"max_hp_gain":0.0,"max_hp_loss":0.0,"gold_gain":0.0,"event_name":"Fountain of Cleansing","player_choice":"Removed Curses","floor":42.0,"gold_loss":0.0,"damage_taken":0.0}],"is_beta":false,"boss_relics":[{"not_picked":["Tiny House","Sozu"],"picked":"Inserter"},{"not_picked":["Empty Cage","Lizard Tail"],"picked":"Fusion Hammer"}],"items_purged_floors":[29,46],"is_endless":false,"potions_floor_spawned":[1,8,13,14,22,25,27,33,35,37,41,44],"ascension_level":10}