{"gold_per_floor":[111,286,311,327,402,402,38,38,38,66,81,113,13,28,28,132,132,148,148,165,193,193,193,203,213,243,243,261,294,294,27,27,125,125,139,99,26,26,45,70,70,82,107,120,136,136,7,21,21,21],"floor_reached":50,"playtime":3629,"items_purged":["Doubt","Regret"],"score":575,"play_id":"6e1a1138-83de-4f6e-879e-a6a79a114e74","local_time":"20190428104505","is_ascension_mode":false,"campfire_choices":[{"data":"Glacier","floor":6,"key":"SMITH"},{"data":"Defragment","floor":15,"key":"SMITH"},{"data":"Fission","floor":23,"key":"SMITH"},{"floor":27,"key":"REST"},{"data":"Seek","floor":30,"key":"SMITH"},{"data":"Chrysalis","floor":32,"key":"SMITH"},{"data":"Self Repair","floor":41,"key":"SMITH"},{"data":"Electrodynamics","floor":46,"key":"SMITH"},{"data":"Coolheaded","floor":49,"key":"SMITH"}],"neow_cost":"NONE","seed_source_timestamp":827784279284265,"circlet_count":0,"master_deck":["Strike_B","Strike_B","Defend_B","Defend_B+1","Defend_B","Defend_B","Zap","Dualcast+1","Doom and Gloom","Glacier+1","Chrysalis+1","Coolheaded+1","Ball Lightning","Defragment+1","Double Energy","Seek+1","Cold Snap","Fission+1","RitualDagger","BootSequence","Ball Lightning","Heatsinks","Electrodynamics+1","Doom and Gloom+1","Self Repair+1","Echo Form+1","Self Repair","Self Repair+1","Loop+1","Redo+1"],"relics":["Cracked Core","NeowsBlessing","War Paint","Boot","Centennial Puzzle","Pear","Bag of Marbles","Philosopher\u0027s Stone","Red Mask","Tiny Chest","Ginger","Membership Card","Sozu","PreservedInsect","Sundial","Strawberry","Blood Vial","Ornamental Fan"],"potions_floor_usage":[12,16,18,20,25,25,50,50],"damage_taken":[{"damage":0,"enemies":"Cultist","floor":1,"turns":1},{"damage":0,"enemies":"Jaw Worm","floor":4,"turns":1},{"damage":0,"enemies":"Lagavulin","floor":10,"turns":1},{"damage":0,"enemies":"Small Slimes","floor":11,"turns":3},{"damage":18,"enemies":"Gremlin Nob","floor":12,"turns":3},{"damage":3,"enemies":"Blue Slaver","floor":14,"turns":4},{"damage":7,"enemies":"Slime Boss","floor":16,"turns":10},{"damage":3,"enemies":"Chosen","floor":18,"turns":4},{"damage":4,"enemies":"3 Byrds","floor":20,"turns":4},{"damage":8,"enemies":"Masked Bandits","floor":21,"turns":4},{"damage":15,"enemies":"3 Cultists","floor":24,"turns":6},{"damage":0,"enemies":"Centurion and Healer","floor":25,"turns":4},{"damage":0,"enemies":"Snake Plant","floor":28,"turns":3},{"damage":0,"enemies":"Gremlin Leader","floor":29,"turns":6},{"damage":45,"enemies":"Automaton","floor":33,"turns":12},{"damage":0,"enemies":"3 Shapes","floor":35,"turns":2},{"damage":14,"enemies":"3 Darklings","floor":39,"turns":3},{"damage":32,"enemies":"Nemesis","floor":40,"turns":6},{"damage":16,"enemies":"Maw","floor":42,"turns":6},{"damage":6,"enemies":"4 Shapes","floor":44,"turns":2},{"damage":25,"enemies":"Spire Growth","floor":45,"turns":4},{"damage":18,"enemies":"3 Darklings","floor":48,"turns":3},{"damage":107,"enemies":"Time Eater","floor":50,"turns":9}],"seed_played":"158982850603037320","potions_obtained":[{"floor":1,"key":"Weak Potion"},{"floor":4,"key":"AttackPotion"},{"floor":12,"key":"Swift Potion"},{"floor":16,"key":"Energy Potion"},{"floor":18,"key":"Fruit Juice"},{"floor":20,"key":"SteroidPotion"},{"floor":24,"key":"Swift Potion"},{"floor":33,"key":"Regen Potion"}],"is_trial":false,"path_per_floor":["?","T","?","$","?","M","?","?","?","?","T","M"],"character_chosen":"DEFECT","items_purchased":["Chrysalis","Coolheaded","Ball Lightning","Self Repair","Membership Card","PreservedInsect","Ornamental Fan"],"campfire_rested":1,"item_purchase_floors":[7,7,7,31,31,37,47],"current_hp_per_floor":[75,75,75,75,64,64,64,64,64,74,74,56,56,53,53,46,85,87,81,77,69,69,69,54,54,54,81,81,81,81,81,81,43,90,90,90,90,90,83,79,79,97,97,97,97,97,97,97,97,5],"gold":21,"neow_bonus":"THREE_ENEMY_KILL","is_prod":false,"is_daily":false,"chose_seed":false,"campfire_upgraded":8,"win_rate":0,"timestamp":1556462705,"path_taken":["M","?","?","M","?","R","?","?","T","E","M","E","$","?","R","BOSS","M","?","M","?","?","R","M","M","T","R","M","E","R","$","R","BOSS","M","?","$","?","M","E","R","M","T","M","M","R","$","?","R","BOSS"],"build_version":"2019-01-23","purchased_purges":2,"victory":false,"max_hp_per_floor":[75,75,75,75,75,75,75,75,75,85,85,85,85,85,85,85,85,90,90,90,90,90,90,90,90,90,90,90,90,90,90,90,90,90,90,90,90,90,90,97,97,97,97,97,97,97,97,97,97,97],"card_choices":[{"not_picked":["Static Discharge","Compile Driver"],"picked":"Doom and Gloom","floor":1},{"not_picked":["Gash","Stack"],"picked":"Glacier","floor":4},{"not_picked":["Gash","Beam Cell"],"picked":"Defragment","floor":10},{"not_picked":["Cold Snap","Rebound"],"picked":"Double Energy","floor":11},{"not_picked":["Lockon","Ball Lightning"],"picked":"Seek","floor":12},{"not_picked":["Rebound","Gash"],"picked":"Cold Snap","floor":14},{"not_picked":["Hyperbeam","Seek"],"picked":"Fission","floor":16},{"not_picked":["Hologram","FTL","Beam Cell+1"],"picked":"SKIP","floor":18},{"not_picked":["Go for the Eyes+1","Rip and Tear+1","Leap"],"picked":"SKIP","floor":20},{"not_picked":["Stack","Recycle+1"],"picked":"BootSequence","floor":21},{"not_picked":["Consume","Rebound+1","Beam Cell"],"picked":"SKIP","floor":24},{"not_picked":["Sweeping Beam","Blizzard"],"picked":"Electrodynamics","floor":25},{"not_picked":["Leap","Steam","Hologram"],"picked":"SKIP","floor":28},{"not_picked":["Hologram+1","Leap"],"picked":"Doom and Gloom+1","floor":29},{"not_picked":["Amplify","Reboot"],"picked":"Echo Form","floor":33},{"not_picked":["BootSequence","Doom and Gloom"],"picked":"Self Repair","floor":35},{"not_picked":["Rebound","Auto Shields","Compile Driver"],"picked":"SKIP","floor":39},{"not_picked":["Loop+1","Sweeping Beam+1"],"picked":"Self Repair+1","floor":40},{"not_picked":["Beam Cell+1","Coolheaded","Gash+1"],"picked":"SKIP","floor":42},{"not_picked":["Conserve Battery","Steam+1"],"picked":"Loop+1","floor":44},{"not_picked":["Ball Lightning+1","Leap+1"],"picked":"Redo+1","floor":45},{"not_picked":["Hologram","Rip and Tear","All For One"],"picked":"SKIP","floor":48}],"player_experience":417143,"relics_obtained":[{"floor":3,"key":"War Paint"},{"floor":9,"key":"Centennial Puzzle"},{"floor":10,"key":"Pear"},{"floor":12,"key":"Bag of Marbles"},{"floor":21,"key":"Red Mask"},{"floor":26,"key":"Tiny Chest"},{"floor":29,"key":"Ginger"},{"floor":38,"key":"Sundial"},{"floor":40,"key":"Strawberry"},{"floor":43,"key":"Blood Vial"}],"event_choices":[{"damage_healed":0,"gold_gain":175,"player_choice":"AGREE","damage_taken":0,"max_hp_gain":0,"max_hp_loss":0,"event_name":"Liars Game","floor":2,"gold_loss":0,"cards_obtained":["Doubt"]},{"damage_healed":0,"gold_gain":75,"player_choice":"Gather Gold","damage_taken":11,"max_hp_gain":0,"max_hp_loss":0,"event_name":"World of Goop","floor":5,"gold_loss":0},{"damage_healed":0,"gold_gain":0,"player_choice":"Box","damage_taken":0,"relics_obtained":["Boot"],"max_hp_gain":0,"max_hp_loss":0,"event_name":"Big Fish","floor":8,"gold_loss":0,"cards_obtained":["Regret"]},{"damage_healed":0,"gold_gain":0,"player_choice":"Joined the Cult","damage_taken":6,"max_hp_gain":0,"max_hp_loss":0,"event_name":"Nest","floor":19,"gold_loss":0,"cards_obtained":["RitualDagger"]},{"damage_healed":0,"gold_gain":0,"player_choice":"Fought Bandits","damage_taken":0,"max_hp_gain":0,"max_hp_loss":0,"event_name":"Masked Bandits","floor":21,"gold_loss":0},{"damage_healed":0,"gold_gain":0,"cards_transformed":["Strike_B","Strike_B"],"player_choice":"Became Test Subject","damage_taken":0,"max_hp_gain":0,"max_hp_loss":0,"event_name":"Drug Dealer","floor":22,"gold_loss":0,"cards_obtained":["Ball Lightning","Heatsinks"]},{"damage_healed":0,"gold_gain":0,"player_choice":"Upgrade","damage_taken":0,"max_hp_gain":0,"max_hp_loss":0,"event_name":"Designer","floor":36,"gold_loss":40,"cards_upgraded":["Echo Form"]}],"is_beta":false,"boss_relics":[{"not_picked":["Fusion Hammer","Ectoplasm"],"picked":"Philosopher\u0027s Stone"},{"not_picked":["Eternal Feather","Empty Cage"],"picked":"Sozu"}],"items_purged_floors":[7,13],"is_endless":false,"potions_floor_spawned":[1,4,12,16,18,20,24,33,40,48],"killed_by":"Time Eater","ascension_level":0}