{"gold_per_floor":[118,118,118,118,141,172,172,213,213,213,288,323,342,386,386,386],"floor_reached":16,"playtime":1276,"items_purged":[],"score":282,"play_id":"98392188-16cb-41d9-a121-69a1ade50c66","local_time":"20190601203553","is_ascension_mode":true,"campfire_choices":[{"data":"Footwork","floor":7.0,"key":"SMITH"},{"data":"Cloak And Dagger","floor":10.0,"key":"SMITH"},{"data":"Skewer","floor":15.0,"key":"SMITH"}],"neow_cost":"NONE","seed_source_timestamp":1182164418610961,"circlet_count":0,"master_deck":["AscendersBane","Defend_G","Defend_G","Defend_G","Defend_G","Defend_G","Strike_G","Strike_G","Strike_G","Survivor","Neutralize","Skewer+1","Catalyst","Footwork+1","Burst","Cloak And Dagger+1","Well Laid Plans","Bouncing Flask"],"special_seed":0,"relics":["Ring of the Snake","NeowsBlessing","Golden Idol","Ornamental Fan","Kunai","Letter Opener","Pen Nib","Art of War"],"potions_floor_usage":[],"damage_taken":[{"damage":0.0,"enemies":"Jaw Worm","floor":1.0,"turns":1.0},{"damage":0.0,"enemies":"2 Louse","floor":5.0,"turns":1.0},{"damage":0.0,"enemies":"3 Sentries","floor":6.0,"turns":1.0},{"damage":12.0,"enemies":"Gremlin Nob","floor":8.0,"turns":6.0},{"damage":0.0,"enemies":"Lagavulin","floor":12.0,"turns":14.0},{"damage":3.0,"enemies":"Small Slimes","floor":13.0,"turns":3.0},{"damage":6.0,"enemies":"Gremlin Nob","floor":14.0,"turns":5.0},{"damage":25,"enemies":"Slime Boss","floor":16,"turns":9}],"seed_played":"-7627852995639632462","potions_obtained":[{"floor":5.0,"key":"PowerPotion"},{"floor":6.0,"key":"GhostInAJar"},{"floor":8.0,"key":"Explosive Potion"}],"is_trial":false,"path_per_floor":["M","?","?","?","M","E","R","E","T","R","?","E","M","E","R","B"],"character_chosen":"THE_SILENT","items_purchased":[],"campfire_rested":0,"item_purchase_floors":[],"current_hp_per_floor":[63,63,63,56,56,56,56,44,44,44,33,33,30,24,24,0],"gold":386,"neow_bonus":"THREE_ENEMY_KILL","is_prod":false,"is_daily":false,"chose_seed":false,"campfire_upgraded":3,"win_rate":0,"timestamp":1559401553,"path_taken":["M","?","?","?","M","E","R","E","T","R","?","E","M","E","R","BOSS"],"build_version":"2019-01-23","purchased_purges":0,"victory":false,"max_hp_per_floor":[70,65,65,65,65,65,65,65,65,65,65,65,65,65,65,65],"card_choices":[{"not_picked":["Flying Knee","Prepared"],"picked":"Skewer","floor":1.0},{"not_picked":["Quick Slash","Poisoned Stab"],"picked":"Footwork","floor":5.0},{"not_picked":["Heel Hook","Concentrate"],"picked":"Burst","floor":6.0},{"not_picked":["Backflip","Flying Knee"],"picked":"Cloak And Dagger","floor":8.0},{"not_picked":["Slice","Blur","Calculated Gamble"],"picked":"SKIP","floor":12.0},{"not_picked":["Prepared","Blur"],"picked":"Well Laid Plans","floor":13.0},{"not_picked":["Skewer","Caltrops"],"picked":"Bouncing Flask","floor":14.0}],"player_experience":1068822,"relics_obtained":[{"floor":6.0,"key":"Ornamental Fan"},{"floor":8.0,"key":"Kunai"},{"floor":9.0,"key":"Letter Opener"},{"floor":12.0,"key":"Pen Nib"},{"floor":14.0,"key":"Art of War"}],"event_choices":[{"damage_healed":0.0,"max_hp_gain":0.0,"max_hp_loss":5.0,"gold_gain":0.0,"event_name":"Golden Idol","player_choice":"Lose Max HP","floor":2.0,"gold_loss":0.0,"damage_taken":0.0,"relics_obtained":["Golden Idol"]},{"damage_healed":0.0,"max_hp_gain":0.0,"max_hp_loss":0.0,"gold_gain":0.0,"cards_transformed":["Strike_G"],"event_name":"Living Wall","player_choice":"Change","floor":3.0,"gold_loss":0.0,"damage_taken":0.0,"cards_obtained":["Catalyst"]},{"cards_removed":["Strike_G"],"damage_healed":0.0,"max_hp_gain":0.0,"max_hp_loss":0.0,"gold_gain":0.0,"event_name":"Golden Wing","player_choice":"Card Removal","floor":4.0,"gold_loss":0.0,"damage_taken":7.0},{"damage_healed":0.0,"max_hp_gain":0.0,"max_hp_loss":0.0,"gold_gain":75.0,"event_name":"World of Goop","player_choice":"Gather Gold","floor":11.0,"gold_loss":0.0,"damage_taken":11.0}],"is_beta":false,"boss_relics":[],"items_purged_floors":[],"is_endless":false,"potions_floor_spawned":[5,6,8],"killed_by":"Slime Boss","ascension_level":12}