{"gold_per_floor":[113,127,52,52,66,66,106,130,130,130,151,12,12,53,53,184,184,208,208,191,211,126,126,126],"floor_reached":24,"playtime":2025,"items_purged":[],"score":206,"play_id":"304880e0-8ab6-43dd-a668-7ad4714c21a9","local_time":"20190216204906","is_ascension_mode":false,"campfire_choices":[{"data":"Dash","floor":6,"key":"SMITH"},{"floor":13,"key":"REST"},{"floor":15,"key":"REST"},{"floor":23,"key":"REST"}],"neow_cost":"NONE","seed_source_timestamp":343592996290195,"circlet_count":0,"master_deck":["Defend_G","Defend_G","Defend_G","Defend_G","Defend_G","Strike_G","Strike_G","Strike_G","Strike_G","Survivor","Neutralize","Quick Slash","Dash+1","Infinite Blades","Injury","Blur","Quick Slash","Flying Knee","Noxious Fumes","Wraith Form v2","Dash","Skewer","Backstab","After Image","Outmaneuver","Catalyst","Dagger Throw+1"],"relics":["Ring of the Snake","Golden Idol","Thread and Needle","Du-Vu Doll","Torii","Black Star","Smiling Mask"],"potions_floor_usage":[],"damage_taken":[{"damage":4,"enemies":"2 Louse","floor":1,"turns":3},{"damage":0,"enemies":"Small Slimes","floor":2,"turns":4},{"damage":0,"enemies":"Jaw Worm","floor":5,"turns":3},{"damage":42,"enemies":"Gremlin Nob","floor":7,"turns":6},{"damage":0,"enemies":"2 Fungi Beasts","floor":8,"turns":3},{"damage":0,"enemies":"Looter","floor":11,"turns":3},{"damage":2,"enemies":"3 Sentries","floor":14,"turns":7},{"damage":33,"enemies":"The Guardian","floor":16,"turns":10},{"damage":7,"enemies":"Spheric Guardian","floor":18,"turns":6},{"damage":1,"enemies":"2 Thieves","floor":20,"turns":4},{"damage":49,"enemies":"Chosen and Byrds","floor":21,"turns":7},{"damage":22,"enemies":"Book of Stabbing","floor":24,"turns":5}],"seed_played":"3253211143406451230","potions_obtained":[{"floor":1,"key":"Poison Potion"},{"floor":7,"key":"FearPotion"},{"floor":14,"key":"SpeedPotion"}],"is_trial":false,"path_per_floor":["?","?","?","?"],"character_chosen":"THE_SILENT","items_purchased":["Infinite Blades","Dash","Skewer"],"campfire_rested":3,"item_purchase_floors":[3,12,12],"current_hp_per_floor":[66,66,66,66,66,66,24,24,24,24,24,24,45,43,64,31,70,63,63,62,13,13,34,12],"gold":126,"neow_bonus":"THREE_SMALL_POTIONS","is_prod":false,"is_daily":false,"chose_seed":false,"campfire_upgraded":1,"win_rate":0.0,"timestamp":1550368146,"path_taken":["M","M","$","?","M","R","E","M","T","?","M","$","R","E","R","BOSS","M","?","M","M","?","R","E"],"build_version":"2019-01-23","purchased_purges":0,"victory":false,"max_hp_per_floor":[70,70,70,70,70,70,70,70,70,70,70,70,70,70,70,70,70,70,70,70,70,70,70,70],"card_choices":[{"not_picked":["Dagger Throw","Riddle With Holes"],"picked":"Quick Slash","floor":1},{"not_picked":["Bane","Dagger Throw"],"picked":"Dash","floor":2},{"not_picked":["Expertise","Cloak And Dagger"],"picked":"Blur","floor":5},{"not_picked":["Dagger Throw","Sucker Punch"],"picked":"Quick Slash","floor":7},{"not_picked":["Acrobatics","Flechettes"],"picked":"Flying Knee","floor":8},{"not_picked":["Eviscerate","Dodge and Roll"],"picked":"Wraith Form v2","floor":11},{"not_picked":["Deflect","Dagger Spray"],"picked":"Backstab","floor":14},{"not_picked":["Night Terror","Phantasmal Killer"],"picked":"After Image","floor":16},{"not_picked":["Sucker Punch","Infinite Blades"],"picked":"Outmaneuver","floor":18},{"not_picked":["PiercingWail+1","Flying Knee+1"],"picked":"Catalyst","floor":20},{"not_picked":["Dodge and Roll","Poisoned Stab"],"picked":"Dagger Throw+1","floor":21}],"player_experience":53890,"relics_obtained":[{"floor":7,"key":"Thread and Needle"},{"floor":9,"key":"Du-Vu Doll"},{"floor":14,"key":"Torii"}],"event_choices":[{"damage_healed":0,"gold_gain":0,"player_choice":"Take Wound","damage_taken":0,"relics_obtained":["Golden Idol"],"max_hp_gain":0,"max_hp_loss":0,"event_name":"Golden Idol","floor":4,"gold_loss":0,"cards_obtained":["Injury"]},{"damage_healed":0,"gold_gain":0,"cards_transformed":["Strike_G"],"player_choice":"Change","damage_taken":0,"max_hp_gain":0,"max_hp_loss":0,"event_name":"Living Wall","floor":10,"gold_loss":0,"cards_obtained":["Noxious Fumes"]},{"damage_healed":0,"gold_gain":0,"player_choice":"Ignored","damage_taken":0,"max_hp_gain":0,"max_hp_loss":0,"event_name":"Beggar","floor":19,"gold_loss":0},{"damage_healed":0,"gold_gain":0,"player_choice":"Obtained Relic","damage_taken":0,"relics_obtained":["Smiling Mask"],"max_hp_gain":0,"max_hp_loss":0,"event_name":"Addict","floor":22,"gold_loss":85}],"is_beta":false,"boss_relics":[{"not_picked":["Snecko Eye","Lizard Tail"],"picked":"Black Star"}],"items_purged_floors":[],"is_endless":false,"potions_floor_spawned":[1,7,14,20],"killed_by":"Book of Stabbing","ascension_level":0}