{"gold_per_floor":[113,131,148,2,20,46,46,46,93,120,120,149,160,178,178,282,282,298,309,11,22,33,33,48,22,22,22,33,33,50,61,61,159,159,176,193,207,254,274,3,38,38],"floor_reached":42,"playtime":4167,"items_purged":[],"score":556,"play_id":"5fd5bf13-1669-40fb-9a2a-ad3cd482fd28","local_time":"20190217180647","is_ascension_mode":false,"campfire_choices":[{"floor":8,"key":"REST"},{"data":"Electrodynamics","floor":11,"key":"SMITH"},{"floor":15,"key":"REST"},{"data":"Defragment","floor":23,"key":"SMITH"},{"floor":27,"key":"REST"},{"data":"Sunder","floor":29,"key":"SMITH"},{"floor":32,"key":"REST"}],"neow_cost":"NONE","seed_source_timestamp":418103235404420,"circlet_count":0,"master_deck":["Strike_B","Strike_B","Strike_B","Strike_B","Defend_B","Defend_B","Defend_B","Defend_B","Zap","Dualcast","Genetic Algorithm","Conserve Battery","Doom and Gloom","Conserve Battery","Double Energy","Streamline","FTL","Electrodynamics+1","Reinforced Body","Conserve Battery","Defragment+1","Force Field","Doom and Gloom","All For One","Leap+1","Coolheaded+1","Leap","BootSequence","Compile Driver","Force Field+1","Ball Lightning","Storm","Coolheaded","Sunder+1","Glacier+1","Turbo","Heatsinks+1","Cold Snap+1","Seek","Doom and Gloom+1","Static Discharge","Coolheaded","Streamline+1","Conserve Battery+1","Sunder","Biased Cognition","Heatsinks","Blizzard","Stack+1","Parasite"],"relics":["Cracked Core","NeowsBlessing","Pear","Dream Catcher","Potion Belt","Ancient Tea Set","Philosopher\u0027s Stone","Happy Flower","The Courier","Fusion Hammer","Torii","Meat on the Bone"],"potions_floor_usage":[7,16,21,21],"damage_taken":[{"damage":0,"enemies":"2 Louse","floor":1,"turns":1},{"damage":0,"enemies":"Cultist","floor":2,"turns":1},{"damage":0,"enemies":"Jaw Worm","floor":3,"turns":1},{"damage":0,"enemies":"2 Fungi Beasts","floor":5,"turns":3},{"damage":24,"enemies":"Gremlin Nob","floor":6,"turns":5},{"damage":13,"enemies":"3 Sentries","floor":10,"turns":5},{"damage":6,"enemies":"Gremlin Nob","floor":12,"turns":4},{"damage":0,"enemies":"Lots of Slimes","floor":13,"turns":2},{"damage":1,"enemies":"Red Slaver","floor":14,"turns":3},{"damage":34,"enemies":"Hexaghost","floor":16,"turns":9},{"damage":6,"enemies":"Spheric Guardian","floor":18,"turns":4},{"damage":5,"enemies":"Chosen","floor":19,"turns":5},{"damage":18,"enemies":"3 Cultists","floor":21,"turns":6},{"damage":0,"enemies":"Snecko","floor":22,"turns":5},{"damage":19,"enemies":"Snake Plant","floor":24,"turns":4},{"damage":0,"enemies":"Centurion and Healer","floor":28,"turns":3},{"damage":0,"enemies":"Sentry and Sphere","floor":30,"turns":3},{"damage":9,"enemies":"Snake Plant","floor":31,"turns":4},{"damage":77,"enemies":"Automaton","floor":33,"turns":14},{"damage":5,"enemies":"3 Shapes","floor":35,"turns":5},{"damage":0,"enemies":"3 Darklings","floor":36,"turns":4},{"damage":8,"enemies":"Jaw Worm Horde","floor":37,"turns":3},{"damage":49,"enemies":"2 Orb Walkers","floor":38,"turns":4},{"damage":0,"enemies":"Transient","floor":39,"turns":5},{"damage":13,"enemies":"Nemesis","floor":41,"turns":7},{"damage":49,"enemies":"Writhing Mass","floor":42,"turns":4}],"seed_played":"3818062441088801179","potions_obtained":[{"floor":1,"key":"LiquidBronze"},{"floor":3,"key":"Poison Potion"},{"floor":5,"key":"SneckoOil"},{"floor":7,"key":"Fruit Juice"},{"floor":7,"key":"Energy Potion"},{"floor":13,"key":"Regen Potion"},{"floor":14,"key":"FocusPotion"},{"floor":18,"key":"PowerPotion"},{"floor":21,"key":"FearPotion"},{"floor":30,"key":"Explosive Potion"}],"is_trial":false,"path_per_floor":["?","M","?"],"character_chosen":"DEFECT","items_purchased":["Conserve Battery","Double Energy","Streamline","Happy Flower","Leap","BootSequence","Compile Driver","Coolheaded","Sunder","Biased Cognition","Heatsinks","Blizzard"],"campfire_rested":4,"item_purchase_floors":[4,4,4,20,20,20,20,25,40,40,40,40],"current_hp_per_floor":[75,75,75,75,75,61,66,90,90,77,77,71,71,70,90,56,90,84,79,79,70,70,70,51,51,51,78,78,78,78,69,90,13,90,85,85,77,28,28,28,15,0],"gold":38,"neow_bonus":"THREE_ENEMY_KILL","is_prod":false,"is_daily":false,"chose_seed":false,"campfire_upgraded":3,"win_rate":0.0,"timestamp":1550444807,"path_taken":["M","M","M","$","M","E","?","R","T","E","R","E","M","M","R","BOSS","M","M","$","M","M","R","M","$","T","R","M","R","M","M","R","BOSS","M","?","M","?","M","$","E","M"],"build_version":"2019-01-23","purchased_purges":0,"victory":false,"max_hp_per_floor":[75,75,75,75,75,85,90,90,90,90,90,90,90,90,90,90,90,90,90,90,90,90,90,90,90,90,90,90,90,90,90,90,90,90,90,90,90,90,90,90,90,90],"card_choices":[{"not_picked":["Heatsinks","Ball Lightning"],"picked":"Genetic Algorithm","floor":1},{"not_picked":["Hologram","Chaos"],"picked":"Conserve Battery","floor":2},{"not_picked":["Stack","Leap"],"picked":"Doom and Gloom","floor":3},{"not_picked":["Heatsinks","Barrage"],"picked":"FTL","floor":5},{"not_picked":["Rainbow","Reprogram"],"picked":"Electrodynamics","floor":6},{"not_picked":["Compile Driver","Fusion"],"picked":"Reinforced Body","floor":10},{"not_picked":["Hello World","Stack"],"picked":"Conserve Battery","floor":12},{"not_picked":["Scrape","Auto Shields"],"picked":"Defragment","floor":13},{"not_picked":["Cold Snap","Hologram"],"picked":"Force Field","floor":14},{"not_picked":["Redo","Ball Lightning"],"picked":"Doom and Gloom","floor":15},{"not_picked":["Fission","Buffer"],"picked":"All For One","floor":16},{"not_picked":["Steam","Ball Lightning+1"],"picked":"Leap+1","floor":18},{"not_picked":["Gash","Barrage"],"picked":"Coolheaded+1","floor":19},{"not_picked":["Beam Cell","Steam"],"picked":"Force Field+1","floor":21},{"not_picked":["White Noise","Leap"],"picked":"Ball Lightning","floor":22},{"not_picked":["Rebound","Coolheaded"],"picked":"Storm","floor":24},{"not_picked":["Compile Driver","Heatsinks"],"picked":"Sunder","floor":27},{"not_picked":["Chill+1","Doom and Gloom"],"picked":"Glacier+1","floor":28},{"not_picked":["Sweeping Beam","Double Energy"],"picked":"Turbo","floor":30},{"not_picked":["Barrage","FTL"],"picked":"Heatsinks+1","floor":31},{"not_picked":["BootSequence","Rip and Tear+1"],"picked":"Cold Snap+1","floor":32},{"not_picked":["Creative AI","Echo Form"],"picked":"Seek","floor":33},{"not_picked":["Gash","Barrage"],"picked":"Doom and Gloom+1","floor":35},{"not_picked":["Cold Snap+1","Sweeping Beam"],"picked":"Static Discharge","floor":36},{"not_picked":["Rebound+1","Auto Shields"],"picked":"Coolheaded","floor":37},{"not_picked":["Go for the Eyes+1","BootSequence+1"],"picked":"Streamline+1","floor":38},{"not_picked":["Sweeping Beam+1","Double Energy"],"picked":"Conserve Battery+1","floor":39},{"not_picked":["Sweeping Beam+1","Cold Snap+1"],"picked":"Stack+1","floor":41}],"player_experience":85369,"relics_obtained":[{"floor":6,"key":"Pear"},{"floor":9,"key":"Dream Catcher"},{"floor":10,"key":"Potion Belt"},{"floor":12,"key":"Ancient Tea Set"},{"floor":26,"key":"The Courier"},{"floor":38,"key":"Torii"},{"floor":41,"key":"Meat on the Bone"}],"event_choices":[{"damage_healed":0,"gold_gain":0,"player_choice":"Got Potions","damage_taken":0,"max_hp_gain":0,"max_hp_loss":0,"event_name":"Lab","floor":7,"gold_loss":0},{"damage_healed":0,"gold_gain":0,"player_choice":"Fight","damage_taken":0,"max_hp_gain":0,"max_hp_loss":0,"event_name":"Mysterious Sphere","floor":38,"gold_loss":0}],"is_beta":false,"boss_relics":[{"not_picked":["Astrolabe","Runic Dome"],"picked":"Philosopher\u0027s Stone"},{"not_picked":["Eternal Feather","Coffee Dripper"],"picked":"Fusion Hammer"}],"items_purged_floors":[],"is_endless":false,"potions_floor_spawned":[1,3,5,13,14,18,19,21,30,35,36,41],"killed_by":"Writhing Mass","ascension_level":0}