{"gold_per_floor":[110,120,139,214,214,214,231,246,246,346,363,379,344,358,358,463,463,444,456,36,46,46,46,57,57,57,75,4,14,14,14],"floor_reached":31,"playtime":2721,"items_purged":[],"score":233,"play_id":"0d53e3ac-02e3-4831-ab0c-d88dd3ac40e9","local_time":"20190212224328","is_ascension_mode":false,"campfire_choices":[{"data":"Static Discharge","floor":6,"key":"SMITH"},{"floor":15,"key":"REST"},{"floor":23,"key":"REST"},{"floor":25,"key":"REST"}],"neow_cost":"NONE","seed_source_timestamp":4217333712898,"circlet_count":0,"master_deck":["Strike_B","Strike_B","Strike_B","Strike_B","Defend_B","Defend_B","Defend_B","Defend_B","Zap","Dualcast","Self Repair","Static Discharge+1","Coolheaded","Fission","Redo","Redo","Streamline","Lockon","Multi-Cast","Streamline+1","Hologram+1","Storm","Reinforced Body","Melter","Swift Strike","BootSequence+1","Aggregate","Biased Cognition","Rip and Tear+1","Writhe","Conserve Battery+1","Tempest","Loop+1"],"relics":["Cracked Core","Gremlin Horn","Dodecahedron","Cursed Key","Happy Flower","FossilizedHelix"],"potions_floor_usage":[],"damage_taken":[{"damage":5,"enemies":"Jaw Worm","floor":1,"turns":4},{"damage":2,"enemies":"2 Louse","floor":2,"turns":2},{"damage":5,"enemies":"Cultist","floor":3,"turns":4},{"damage":10,"enemies":"Looter","floor":7,"turns":3},{"damage":14,"enemies":"Gremlin Gang","floor":8,"turns":4},{"damage":14,"enemies":"Blue Slaver","floor":11,"turns":4},{"damage":12,"enemies":"Large Slime","floor":12,"turns":7},{"damage":16,"enemies":"Exordium Wildlife","floor":14,"turns":3},{"damage":47,"enemies":"The Guardian","floor":16,"turns":7},{"damage":18,"enemies":"2 Thieves","floor":18,"turns":4},{"damage":13,"enemies":"Chosen","floor":19,"turns":5},{"damage":28,"enemies":"Centurion and Healer","floor":21,"turns":5},{"damage":30,"enemies":"Snecko","floor":24,"turns":4},{"damage":16,"enemies":"Shelled Parasite and Fungi","floor":27,"turns":3},{"damage":26,"enemies":"Centurion and Healer","floor":29,"turns":6},{"damage":29,"enemies":"3 Cultists","floor":31,"turns":3}],"seed_played":"-8817665067027088096","potions_obtained":[{"floor":1,"key":"Block Potion"},{"floor":11,"key":"PowerPotion"},{"floor":12,"key":"Regen Potion"},{"floor":27,"key":"AttackPotion"}],"is_trial":false,"path_per_floor":["?","?","?","M","?","?","M","?"],"character_chosen":"DEFECT","items_purchased":["Happy Flower","Storm","Reinforced Body","Melter","Swift Strike","Tempest"],"campfire_rested":3,"item_purchase_floors":[20,20,20,20,20,28],"current_hp_per_floor":[77,82,82,71,59,59,56,49,49,49,42,37,57,48,72,32,82,71,58,58,37,37,61,38,62,62,46,46,27,27,0],"gold":14,"neow_bonus":"TEN_PERCENT_HP_BONUS","is_prod":false,"is_daily":false,"chose_seed":false,"campfire_upgraded":1,"win_rate":0.0,"timestamp":1550029408,"path_taken":["M","M","M","?","?","R","M","M","T","?","?","M","?","M","R","BOSS","M","M","$","M","?","R","M","R","T","M","$","?","?","M"],"build_version":"2019-01-23","purchased_purges":0,"victory":false,"max_hp_per_floor":[82,82,82,82,82,82,82,82,82,82,82,82,82,82,82,82,82,82,82,82,82,82,82,82,82,82,82,82,82,82,82],"card_choices":[{"not_picked":["Cold Snap","Leap"],"picked":"Self Repair","floor":1},{"not_picked":["Stack","Double Energy"],"picked":"Static Discharge","floor":2},{"not_picked":["Hologram","Rip and Tear"],"picked":"Coolheaded","floor":3},{"not_picked":["Redo","Ball Lightning"],"picked":"Fission","floor":7},{"not_picked":["Compile Driver","Coolheaded"],"picked":"Redo","floor":8},{"not_picked":["Scrape","Hello World"],"picked":"Redo","floor":11},{"not_picked":["Conserve Battery","White Noise"],"picked":"Streamline","floor":12},{"not_picked":["Leap","Scrape"],"picked":"Lockon","floor":14},{"not_picked":["Thunder Strike","Buffer"],"picked":"Multi-Cast","floor":16},{"not_picked":["Redo","Coolheaded+1"],"picked":"Streamline+1","floor":18},{"not_picked":["Go for the Eyes","Scrape"],"picked":"Hologram+1","floor":19},{"not_picked":["Coolheaded","Conserve Battery+1"],"picked":"BootSequence+1","floor":21},{"not_picked":["Cold Snap","Glacier+1"],"picked":"Rip and Tear+1","floor":24},{"not_picked":["Beam Cell","Double Energy+1"],"picked":"Conserve Battery+1","floor":27},{"not_picked":["Sweeping Beam","Stack"],"picked":"Loop+1","floor":29}],"player_experience":4969,"relics_obtained":[{"floor":9,"key":"Dodecahedron"},{"floor":26,"key":"FossilizedHelix"}],"event_choices":[{"damage_healed":0,"gold_gain":75,"player_choice":"Gather Gold","damage_taken":11,"max_hp_gain":0,"max_hp_loss":0,"event_name":"World of Goop","floor":4,"gold_loss":0},{"damage_healed":0,"gold_gain":0,"player_choice":"Success","damage_taken":12,"relics_obtained":["Gremlin Horn"],"max_hp_gain":0,"max_hp_loss":0,"event_name":"Scrap Ooze","floor":5,"gold_loss":0},{"damage_healed":0,"gold_gain":100,"player_choice":"Pray","damage_taken":0,"max_hp_gain":0,"max_hp_loss":0,"event_name":"Golden Shrine","floor":10,"gold_loss":0},{"damage_healed":20,"gold_gain":0,"player_choice":"Healed","damage_taken":0,"max_hp_gain":0,"max_hp_loss":0,"event_name":"The Cleric","floor":13,"gold_loss":35},{"damage_healed":0,"gold_gain":0,"player_choice":"2 cards matched","damage_taken":0,"max_hp_gain":0,"max_hp_loss":0,"event_name":"Match and Keep!","floor":22,"gold_loss":0,"cards_obtained":["Aggregate","Biased Cognition"]},{"damage_healed":0,"gold_gain":0,"player_choice":"Ignored","damage_taken":0,"max_hp_gain":0,"max_hp_loss":0,"event_name":"Beggar","floor":30,"gold_loss":0}],"is_beta":false,"boss_relics":[{"not_picked":["Coffee Dripper","Lizard Tail"],"picked":"Cursed Key"}],"items_purged_floors":[],"is_endless":false,"potions_floor_spawned":[1,11,12,18,24,27],"killed_by":"3 Cultists","ascension_level":0}