{"gold_per_floor":[110,110,120,136,86,117,42,42,67,67,95,95,111,141,141,239,239,255,272,372,372],"floor_reached":21,"playtime":3287,"items_purged":["Strike_R"],"score":383,"play_id":"b9090f1e-484a-4d5f-b8b0-2022d4bf1e18","local_time":"20190529173732","is_ascension_mode":true,"campfire_choices":[{"data":"Whirlwind","floor":8.0,"key":"SMITH"},{"data":"Bash","floor":10.0,"key":"SMITH"},{"data":"Demon Form","floor":12.0,"key":"SMITH"},{"data":"True Grit","floor":15.0,"key":"SMITH"}],"neow_cost":"NONE","seed_source_timestamp":910837122321610,"circlet_count":0,"master_deck":["AscendersBane","Strike_R","Strike_R","Defend_R","Defend_R+1","Defend_R+1","Defend_R","Bash+1","Flame Barrier","Sword Boomerang","Whirlwind+1","Heavy Blade","Demon Form+1","Clothesline","True Grit+1","Impervious","Feel No Pain","Shockwave"],"special_seed":0,"relics":["Mark of Pain","Happy Flower","Bag of Preparation","War Paint","Sundial","Velvet Choker","StoneCalendar","Matryoshka"],"potions_floor_usage":[20],"damage_taken":[{"damage":7.0,"enemies":"Jaw Worm","floor":1.0,"turns":4.0},{"damage":1.0,"enemies":"Small Slimes","floor":3.0,"turns":3.0},{"damage":1.0,"enemies":"Cultist","floor":4.0,"turns":4.0},{"damage":17.0,"enemies":"Lagavulin","floor":6.0,"turns":8.0},{"damage":18.0,"enemies":"Gremlin Nob","floor":11.0,"turns":4.0},{"damage":0.0,"enemies":"Blue Slaver","floor":13.0,"turns":2.0},{"damage":10.0,"enemies":"3 Sentries","floor":14.0,"turns":6.0},{"damage":0.0,"enemies":"Slime Boss","floor":16.0,"turns":6.0},{"damage":22.0,"enemies":"2 Thieves","floor":18.0,"turns":4.0},{"damage":0.0,"enemies":"3 Byrds","floor":19.0,"turns":3.0},{"damage":5,"enemies":"Colosseum Slavers","floor":20,"turns":3},{"damage":31,"enemies":"Colosseum Nobs","floor":20,"turns":5}],"seed_played":"-8611458188506032069","potions_obtained":[{"floor":3.0,"key":"Block Potion"},{"floor":4.0,"key":"Weak Potion"},{"floor":13.0,"key":"Dexterity Potion"},{"floor":14.0,"key":"LiquidBronze"},{"floor":18.0,"key":"SteroidPotion"}],"is_trial":false,"path_per_floor":["M","?","M","M","?","E","$","R","T","R","E","R","M","E","R","B",null,"M","M","?","?"],"character_chosen":"IRONCLAD","items_purchased":[],"campfire_rested":0,"item_purchase_floors":[],"current_hp_per_floor":[65,65,64,63,63,46,46,46,46,46,28,28,28,18,18,18,65,43,43,7,0],"gold":372,"neow_bonus":"BOSS_RELIC","is_prod":false,"is_daily":false,"chose_seed":false,"campfire_upgraded":4,"win_rate":0,"timestamp":1559131652,"path_taken":["M","?","M","M","?","E","$","R","T","R","E","R","?","E","R","BOSS","M","M","?","?"],"build_version":"2019-01-23","purchased_purges":1,"victory":false,"max_hp_per_floor":[80,80,80,80,80,80,80,80,80,80,80,80,80,80,80,80,80,80,80,80,80],"card_choices":[{"not_picked":["Headbutt","Armaments"],"picked":"Flame Barrier","floor":1.0},{"not_picked":["Wild Strike","Seeing Red","Second Wind"],"picked":"SKIP","floor":3.0},{"not_picked":["Fire Breathing","Power Through"],"picked":"Whirlwind","floor":4.0},{"not_picked":["Intimidate","Thunderclap"],"picked":"Heavy Blade","floor":6.0},{"not_picked":["Shrug It Off","Anger"],"picked":"Demon Form","floor":11.0},{"not_picked":["Headbutt","Perfected Strike"],"picked":"Clothesline","floor":13.0},{"not_picked":["Twin Strike","Havoc"],"picked":"True Grit","floor":14.0},{"not_picked":["Offering","Fiend Fire"],"picked":"Impervious","floor":16.0},{"not_picked":["Havoc","Rampage"],"picked":"Feel No Pain","floor":18.0},{"not_picked":["Carnage+1","True Grit","Thunderclap"],"picked":"SKIP","floor":19.0},{"not_picked":["Perfected Strike","Heavy Blade"],"picked":"Shockwave","floor":20}],"player_experience":930446,"relics_obtained":[{"floor":6.0,"key":"Happy Flower"},{"floor":9.0,"key":"Bag of Preparation"},{"floor":11.0,"key":"War Paint"},{"floor":14.0,"key":"Sundial"},{"floor":20,"key":"StoneCalendar"},{"floor":20,"key":"Matryoshka"}],"event_choices":[{"damage_healed":0.0,"max_hp_gain":0.0,"max_hp_loss":0.0,"gold_gain":0.0,"cards_transformed":["Strike_R"],"event_name":"Living Wall","player_choice":"Change","floor":2.0,"gold_loss":0.0,"damage_taken":0.0,"cards_obtained":["Sword Boomerang"]},{"cards_removed":["Strike_R"],"damage_healed":0.0,"max_hp_gain":0.0,"max_hp_loss":0.0,"gold_gain":0.0,"event_name":"The Cleric","player_choice":"Card Removal","floor":5.0,"gold_loss":50.0,"damage_taken":0.0},{"damage_healed":0,"gold_gain":0,"player_choice":"Fight","damage_taken":0,"max_hp_gain":0,"max_hp_loss":0,"event_name":"Colosseum","floor":20,"gold_loss":0},{"damage_healed":0,"gold_gain":0,"player_choice":"Fought Nobs","damage_taken":0,"max_hp_gain":0,"max_hp_loss":0,"event_name":"Colosseum","floor":20,"gold_loss":0}],"is_beta":false,"boss_relics":[{"not_picked":["Coffee Dripper","Eternal Feather"],"picked":"Velvet Choker"}],"items_purged_floors":[7],"is_endless":false,"potions_floor_spawned":[3,4,13,14,18],"ascension_level":11}