{"gold_per_floor":[119,294,294,219,230,258,268,298,324,344,358,368,368],"floor_reached":13,"playtime":2447,"items_purged":["Doubt"],"score":87,"play_id":"003941ee-4a7f-49f3-9b0f-5bf7972c3ae0","local_time":"20190512082125","is_ascension_mode":false,"campfire_choices":[],"neow_cost":"TEN_PERCENT_HP_LOSS","seed_source_timestamp":238661298200589,"circlet_count":0,"master_deck":["Strike_B","Strike_B","Defend_B","Defend_B","Defend_B","Defend_B","Zap","Dualcast","Consume","Hologram","Sunder","Capacitor","All For One","BootSequence","Conserve Battery"],"special_seed":0,"relics":["Cracked Core","NlothsMask","Bronze Scales","Vajra"],"potions_floor_usage":[6,11,11],"damage_taken":[{"damage":1.0,"enemies":"2 Louse","floor":1.0,"turns":2.0},{"damage":2,"enemies":"Small Slimes","floor":5,"turns":4},{"damage":52,"enemies":"3 Sentries","floor":6,"turns":10},{"damage":0,"enemies":"Cultist","floor":7,"turns":4},{"damage":1,"enemies":"Large Slime","floor":10,"turns":4},{"damage":3,"enemies":"3 Louse","floor":11,"turns":4},{"damage":4,"enemies":"2 Fungi Beasts","floor":12,"turns":3},{"damage":8,"enemies":"Gremlin Nob","floor":13,"turns":2}],"seed_played":"-2138388646974617620","potions_obtained":[{"floor":1.0,"key":"AttackPotion"},{"floor":7,"key":"Weak Potion"},{"floor":10,"key":"Energy Potion"}],"is_trial":false,"path_per_floor":["M","?","?","$","M","E","M","?","T","M","M","M","E"],"character_chosen":"DEFECT","items_purchased":[],"campfire_rested":0,"item_purchase_floors":[],"current_hp_per_floor":[67,67,67,67,65,13,13,13,13,12,9,5,0],"gold":368,"neow_bonus":"REMOVE_TWO","is_prod":false,"is_daily":false,"chose_seed":false,"campfire_upgraded":0,"win_rate":0,"timestamp":1557629485,"path_taken":["M","?","?","$","M","E","?","?","T","M","M","M","E"],"build_version":"2019-01-23","purchased_purges":1,"victory":false,"max_hp_per_floor":[68,68,68,68,68,68,68,68,68,68,68,68,68],"card_choices":[{"not_picked":["Self Repair","Rip and Tear"],"picked":"Consume","floor":1.0},{"not_picked":["Static Discharge","Rebound"],"picked":"Hologram","floor":5},{"not_picked":["Barrage","Leap"],"picked":"Sunder","floor":6},{"not_picked":["Coolheaded","Scrape"],"picked":"Capacitor","floor":7},{"not_picked":["Rebound","Beam Cell"],"picked":"All For One","floor":10},{"not_picked":["Blizzard","Turbo"],"picked":"BootSequence","floor":11},{"not_picked":["Static Discharge","Coolheaded"],"picked":"Conserve Battery","floor":12}],"player_experience":167297,"relics_obtained":[{"floor":6,"key":"Bronze Scales"}],"event_choices":[{"damage_healed":0.0,"max_hp_gain":0.0,"max_hp_loss":0.0,"gold_gain":175.0,"event_name":"Liars Game","player_choice":"AGREE","floor":2.0,"gold_loss":0.0,"damage_taken":0.0,"cards_obtained":["Doubt"]},{"damage_healed":0.0,"max_hp_gain":0.0,"max_hp_loss":0.0,"gold_gain":0.0,"event_name":"FaceTrader","player_choice":"Trade","floor":3.0,"gold_loss":0.0,"damage_taken":0.0,"relics_obtained":["NlothsMask"]},{"damage_healed":0,"gold_gain":30,"player_choice":"Searched \u00273\u0027 times","damage_taken":0,"relics_obtained":["Vajra"],"max_hp_gain":0,"max_hp_loss":0,"event_name":"Dead Adventurer","floor":8,"gold_loss":0}],"is_beta":false,"boss_relics":[],"items_purged_floors":[4],"is_endless":false,"potions_floor_spawned":[1,7,10],"killed_by":"Gremlin Nob","ascension_level":0}