{"gold_per_floor":[116,126,26,26,44,44,74,74,74,74,100,118,118,137,137,242,242,257,172,9,27,27,55,68,101,171,182,182],"floor_reached":28,"playtime":2617,"items_purged":["Strike_G"],"score":429,"play_id":"5b957121-e57a-486f-abbb-a114d85316c0","local_time":"20190531190421","is_ascension_mode":true,"campfire_choices":[{"data":"Neutralize","floor":6.0,"key":"SMITH"},{"data":"Skewer","floor":8.0,"key":"SMITH"},{"data":"Noxious Fumes","floor":13.0,"key":"SMITH"},{"data":"Corpse Explosion","floor":15.0,"key":"SMITH"}],"neow_cost":"NONE","seed_source_timestamp":1089644879406774,"circlet_count":0,"master_deck":["AscendersBane","Defend_G","Defend_G","Defend_G","Defend_G","Defend_G","Strike_G","Strike_G","Strike_G","Survivor","Neutralize+1","Backflip","Poisoned Stab","Skewer+1","Corpse Explosion+1","Noxious Fumes+1","Wraith Form v2","Bane+1","Bane+1","Dash+1","Deadly Poison","Choke+1","Footwork","Panacea","Malaise","Infinite Blades+1","Footwork"],"special_seed":0,"relics":["Runic Dome","Gremlin Horn","Bronze Scales","FaceOfCleric","Molten Egg 2","Orrery","Anchor","Orichalcum","Art of War","Blue Candle"],"potions_floor_usage":[18],"damage_taken":[{"damage":4.0,"enemies":"Cultist","floor":1.0,"turns":5.0},{"damage":1.0,"enemies":"2 Louse","floor":2.0,"turns":5.0},{"damage":0.0,"enemies":"Small Slimes","floor":5.0,"turns":4.0},{"damage":16.0,"enemies":"Lagavulin","floor":7.0,"turns":6.0},{"damage":8.0,"enemies":"Gremlin Nob","floor":11.0,"turns":4.0},{"damage":1.0,"enemies":"Red Slaver","floor":12.0,"turns":2.0},{"damage":6.0,"enemies":"3 Louse","floor":14.0,"turns":1.0},{"damage":7.0,"enemies":"Slime Boss","floor":16.0,"turns":5.0},{"damage":0,"enemies":"2 Thieves","floor":18,"turns":1},{"damage":1,"enemies":"Spheric Guardian","floor":21,"turns":5},{"damage":21,"enemies":"Book of Stabbing","floor":23,"turns":5},{"damage":10,"enemies":"Centurion and Healer","floor":24,"turns":5},{"damage":16,"enemies":"Slavers","floor":25,"turns":3},{"damage":20,"enemies":"Snecko","floor":27,"turns":4},{"damage":16,"enemies":"Book of Stabbing","floor":28,"turns":3}],"seed_played":"1401644348418775459","potions_obtained":[{"floor":2.0,"key":"EssenceOfSteel"},{"floor":12.0,"key":"FairyPotion"},{"floor":16.0,"key":"Explosive Potion"},{"floor":23,"key":"Explosive Potion"}],"is_trial":false,"path_per_floor":["M","M","$","$","M","R","E","R","T","?","E","M","R","M","R","B",null,"M","?","$","M","?","E","M","E","T","M","E"],"character_chosen":"THE_SILENT","items_purchased":["Poisoned Stab","Footwork","Panacea"],"campfire_rested":0,"item_purchase_floors":[3,20,20],"current_hp_per_floor":[59,58,58,58,58,58,42,42,42,42,35,35,35,30,30,24,62,63,63,63,63,63,43,34,19,19,8,0],"gold":182,"neow_bonus":"BOSS_RELIC","is_prod":false,"is_daily":false,"chose_seed":false,"campfire_upgraded":4,"win_rate":0,"timestamp":1559309661,"path_taken":["M","M","?","$","M","R","E","R","T","?","E","M","R","?","R","BOSS","M","?","$","M","?","E","?","E","T","M","E"],"build_version":"2019-01-23","purchased_purges":1,"victory":false,"max_hp_per_floor":[70,70,70,70,70,70,70,70,70,70,71,72,72,73,73,74,74,75,75,75,76,76,77,78,79,79,80,80],"card_choices":[{"not_picked":["Cloak And Dagger","Distraction"],"picked":"Backflip","floor":1.0},{"not_picked":["Distraction","Outmaneuver","Tactician"],"picked":"SKIP","floor":2.0},{"not_picked":["Flechettes","Backstab"],"picked":"Skewer","floor":5.0},{"not_picked":["Noxious Fumes","Acrobatics"],"picked":"Corpse Explosion","floor":7.0},{"not_picked":["Heel Hook","Skewer","Deadly Poison"],"picked":"SKIP","floor":11.0},{"not_picked":["Prepared","Masterful Stab+1"],"picked":"Noxious Fumes","floor":12.0},{"not_picked":["Deflect","Deadly Poison","Riddle With Holes+1"],"picked":"SKIP","floor":14.0},{"not_picked":["Envenom","Burst"],"picked":"Wraith Form v2","floor":16.0},{"not_picked":["Prepared","Dagger Spray+1"],"picked":"Bane+1","floor":17.0},{"not_picked":["Flying Knee+1","Expertise"],"picked":"Bane+1","floor":17.0},{"not_picked":["Backflip","Outmaneuver"],"picked":"Dash+1","floor":17.0},{"not_picked":["All Out Attack+1","Calculated Gamble"],"picked":"Deadly Poison","floor":17.0},{"not_picked":["Calculated Gamble","Cloak And Dagger"],"picked":"Choke+1","floor":17.0},{"not_picked":["Dagger Throw+1","Choke+1","Sucker Punch+1"],"picked":"SKIP","floor":18},{"not_picked":["Deflect","Quick Slash+1","Sucker Punch+1"],"picked":"SKIP","floor":21},{"not_picked":["PiercingWail","Deadly Poison"],"picked":"Malaise","floor":23},{"not_picked":["Riddle With Holes+1","Choke+1"],"picked":"Infinite Blades+1","floor":24},{"not_picked":["Leg Sweep","Underhanded Strike+1"],"picked":"Footwork","floor":25},{"not_picked":["Setup","Skewer+1","PiercingWail+1"],"picked":"SKIP","floor":27}],"player_experience":1022293,"relics_obtained":[{"floor":7.0,"key":"Gremlin Horn"},{"floor":9.0,"key":"Bronze Scales"},{"floor":11.0,"key":"Molten Egg 2"},{"floor":23,"key":"Orichalcum"},{"floor":25,"key":"Art of War"},{"floor":26,"key":"Blue Candle"}],"event_choices":[{"damage_healed":0.0,"max_hp_gain":0.0,"max_hp_loss":0.0,"gold_gain":0.0,"event_name":"FaceTrader","player_choice":"Trade","floor":10.0,"gold_loss":0.0,"damage_taken":0.0,"relics_obtained":["FaceOfCleric"]},{"damage_healed":0,"gold_gain":0,"player_choice":"Obtained Relic","damage_taken":0,"relics_obtained":["Anchor"],"max_hp_gain":0,"max_hp_loss":0,"event_name":"Addict","floor":19,"gold_loss":85},{"cards_removed":["Strike_G"],"damage_healed":0,"gold_gain":0,"player_choice":"Offered Basic","damage_taken":0,"max_hp_gain":0,"max_hp_loss":0,"event_name":"Bonfire Elementals","floor":22,"gold_loss":0}],"is_beta":false,"boss_relics":[{"not_picked":["Eternal Feather","Tiny House"],"picked":"Orrery"}],"items_purged_floors":[3],"is_endless":false,"potions_floor_spawned":[2,12,16,23],"killed_by":"Book of Stabbing","ascension_level":12}