{"path_per_floor":["M","M","$","M","?","R","?","E","T","R","$","M","M","?","R","B",null,"M","?","?","M","?","R","M","R","T","M","?","R","M","$","R","B",null,"M","?","M","?","$","R"],"character_chosen":"IRONCLAD","items_purchased":["Dramatic Entrance","Regen Potion","Shrug It Off"],"gold_per_floor":[117,136,32,49,49,49,49,78,78,78,3,22,36,36,36,138,138,127,127,127,138,138,138,149,149,149,161,61,61,81,29,29,132,132,151,151,169,169,20,20],"floor_reached":41,"campfire_rested":5,"playtime":2816,"current_hp_per_floor":[23,19,19,24,24,24,24,18,18,42,42,41,44,26,52,28,87,72,72,57,44,44,44,27,27,27,16,16,43,35,35,62,51,92,53,53,31,21,21,48],"items_purged":["Strike_R","Strike_R"],"gold":20,"play_id":"fd98c898-5d4a-4cc4-bd05-bc6c974e1f09","is_prod":false,"is_daily":false,"is_ascension_mode":false,"campfire_upgraded":3,"path_taken":["M","M","$","?","?","R","?","E","T","R","$","M","M","?","R","BOSS","M","?","?","M","?","R","M","R","T","M","?","R","M","$","R","BOSS","M","?","?","?","$","R","E"],"build_version":"2018-02-01-PROD3","purchased_purges":2,"victory":false,"master_deck":["Defend_R","Defend_R","Defend_R","Defend_R","Bash","Limit Break+1","Pommel Strike","Dramatic Entrance","Inflame","Thunderclap","Rampage+1","Demon Form","Flex","Heavy Blade+1","Pommel Strike+1","Battle Trance","J.A.X.","Heavy Blade","Barricade","Brutality+1","Limit Break+1","Dark Embrace+1","Iron Wave","Iron Wave+1","Madness","Madness","Shrug It Off"],"max_hp_per_floor":[80,80,80,80,80,80,80,80,80,80,80,80,80,87,87,87,87,87,87,92,92,92,92,92,92,92,92,92,92,92,92,92,92,92,92,92,92,92,92,92],"relics":["Black Blood","Magic Flower","Matryoshka","Strawberry","Pantograph","Paper Frog","Astrolabe"],"card_choices":[{"not_picked":["Double Tap","Feed"],"picked":"Limit Break"},{"not_picked":["Warcry","Searing Blow"],"picked":"Pommel Strike"},{"not_picked":["Shrug It Off","Armaments"],"picked":"Inflame"},{"not_picked":["Headbutt","Flame Barrier"],"picked":"Thunderclap"},{"not_picked":["Headbutt","Thunderclap"],"picked":"Rampage"},{"not_picked":["Bludgeon","Fiend Fire"],"picked":"Demon Form"},{"not_picked":["Burning Pact","Rage"],"picked":"Flex"},{"not_picked":["Searing Blow","Clothesline"],"picked":"Heavy Blade"},{"not_picked":["Clothesline","Thunderclap"],"picked":"Pommel Strike"},{"not_picked":["Metallicize","Twin Strike"],"picked":"Battle Trance"},{"not_picked":["Blood for Blood","Burning Pact"],"picked":"Heavy Blade"},{"not_picked":["Juggernaut","Feed"],"picked":"Barricade"},{"not_picked":["Twin Strike","Pommel Strike"],"picked":"Iron Wave"},{"not_picked":["Armaments","Pommel Strike"],"picked":"Iron Wave"}],"player_experience":21106,"potions_floor_usage":[8,16,16,27,33,33,37,41],"damage_taken":[{"damage":23,"enemies":"Blue Slaver","floor":1,"turns":8},{"damage":10,"enemies":"Small Slimes","floor":2,"turns":4},{"damage":1,"enemies":"Jaw Worm","floor":4,"turns":4},{"damage":12,"enemies":"3 Sentries","floor":8,"turns":9},{"damage":10,"enemies":"Large Slime","floor":12,"turns":6},{"damage":6,"enemies":"2 Fungi Beasts","floor":13,"turns":2},{"damage":33,"enemies":"Hexaghost","floor":16,"turns":7},{"damage":30,"enemies":"2 Thieves","floor":18,"turns":4},{"damage":28,"enemies":"3 Byrds","floor":21,"turns":6},{"damage":32,"enemies":"Snake Plant","floor":24,"turns":4},{"damage":26,"enemies":"Centurion and Healer","floor":27,"turns":5},{"damage":23,"enemies":"Chosen and Byrds","floor":30,"turns":4},{"damage":69,"enemies":"Collector","floor":33,"turns":5},{"damage":54,"enemies":"Orb Walker","floor":35,"turns":4},{"damage":62,"enemies":"3 Darklings","floor":37,"turns":7},{"damage":58,"enemies":"2 Orb Walkers","floor":41,"turns":3}],"event_choices":[{"event_name":"Liars Game","player_choice":"disagreed","floor":5,"damage_taken":0},{"event_name":"The Cleric","player_choice":"Leave","floor":7,"damage_taken":0},{"event_name":"Scrap Ooze","player_choice":"success","floor":14,"damage_taken":25},{"event_name":"Vampires","player_choice":"Ignored","floor":19,"damage_taken":0},{"event_name":"Forgotten Altar","player_choice":"Shed Blood","floor":20,"damage_taken":0},{"event_name":"The Mausoleum","player_choice":"No","floor":22,"damage_taken":0},{"event_name":"Drug Dealer","player_choice":"Got JAXXED","floor":28,"damage_taken":0},{"event_name":"The Lab","player_choice":"Got Potions","floor":36,"damage_taken":0},{"event_name":"Winding Halls","player_choice":"Embrace Madness","floor":38,"damage_taken":0}],"boss_relics":[{"not_picked":["Eternal Feather","Tiny House"],"picked":"Black Blood"},{"not_picked":["Lizard Tail","Calling Bell"],"picked":"Astrolabe"}],"potions_floor_spawned":[2,4,12,21,30,37],"seed_played":"2025565978641573529","killed_by":"2 Orb Walkers","ascension_level":0,"is_trial":false}