{"gold_per_floor":[20,40,58,74,92,92,106,125,125,125],"floor_reached":10,"playtime":654,"items_purged":[],"score":128,"play_id":"96effb41-a967-4683-9db9-bdbe9ebe3b23","local_time":"20190604000311","is_ascension_mode":true,"campfire_choices":[{"data":"Skewer","floor":6,"key":"SMITH"}],"neow_cost":"NO_GOLD","seed_source_timestamp":279459608472200,"circlet_count":0,"master_deck":["AscendersBane","Defend_G","Defend_G","Defend_G","Defend_G","Defend_G","Strike_G","Strike_G","Strike_G","Survivor","Neutralize","Quick Slash","Burst","Well Laid Plans","Skewer+1","Slice","Noxious Fumes","Deflect","Poisoned Stab","Poisoned Stab"],"relics":["Ring of the Snake","The Courier"],"potions_floor_usage":[5,7],"damage_taken":[{"damage":1,"enemies":"2 Louse","floor":1,"turns":4},{"damage":7,"enemies":"Cultist","floor":2,"turns":5},{"damage":5,"enemies":"Small Slimes","floor":3,"turns":3},{"damage":6,"enemies":"Exordium Wildlife","floor":4,"turns":6},{"damage":2,"enemies":"Large Slime","floor":5,"turns":6},{"damage":10,"enemies":"Exordium Thugs","floor":7,"turns":4},{"damage":1,"enemies":"Looter","floor":8,"turns":4},{"damage":44,"enemies":"Lagavulin","floor":10,"turns":8}],"seed_played":"3412776759818744012","potions_obtained":[{"floor":3,"key":"Swift Potion"},{"floor":5,"key":"Fire Potion"}],"is_trial":false,"path_per_floor":["M","M","M","M","M","R","M","M","T","E"],"character_chosen":"THE_SILENT","items_purchased":[],"campfire_rested":0,"item_purchase_floors":[],"current_hp_per_floor":[58,51,46,40,38,38,28,27,27,0],"gold":125,"neow_bonus":"TRANSFORM_TWO_CARDS","is_prod":false,"is_daily":false,"chose_seed":false,"campfire_upgraded":1,"win_rate":0,"timestamp":1559620991,"path_taken":["M","M","M","M","M","R","M","M","T","E"],"build_version":"2019-01-23","purchased_purges":0,"victory":false,"max_hp_per_floor":[66,66,66,66,66,66,66,66,66,66],"card_choices":[{"not_picked":["PiercingWail","Underhanded Strike"],"picked":"Well Laid Plans","floor":1},{"not_picked":["Bane","Poisoned Stab"],"picked":"Skewer","floor":2},{"not_picked":["Sucker Punch","Prepared"],"picked":"Slice","floor":3},{"not_picked":["Backflip","Poisoned Stab"],"picked":"Noxious Fumes","floor":4},{"not_picked":["PiercingWail","Concentrate"],"picked":"Deflect","floor":5},{"not_picked":["PiercingWail","Calculated Gamble"],"picked":"Poisoned Stab","floor":7},{"not_picked":["Flying Knee","Setup"],"picked":"Poisoned Stab","floor":8}],"player_experience":769946,"relics_obtained":[{"floor":9,"key":"The Courier"}],"event_choices":[],"is_beta":false,"boss_relics":[],"items_purged_floors":[],"is_endless":false,"potions_floor_spawned":[3,5],"killed_by":"Lagavulin","ascension_level":20}