{"gold_per_floor":[117,131,147,222,222,250,266,266,292,325,337,378,402,427,439,548,560,585,597,620,632,662,702,181,214,214,214,233,263,263,291,291,387,387,405,422,422,422,441,468,486,516,539,210,245,12,40,40,40,40,40,40,17,43,43],"floor_reached":56,"playtime":16792,"items_purged":["Defend_B"],"score":1673,"play_id":"84cd3945-51e3-4046-9d5e-139bb7daf5a9","local_time":"20190522084330","is_ascension_mode":true,"campfire_choices":[{"data":"White Noise","floor":8.0,"key":"SMITH"},{"data":"Multi-Cast","floor":11.0,"key":"SMITH"},{"data":"Dualcast","floor":15.0,"key":"SMITH"},{"data":"Recycle","floor":27.0,"key":"SMITH"},{"data":"Biased Cognition","floor":30.0,"key":"SMITH"},{"data":"Chill","floor":32.0,"key":"SMITH"},{"floor":49,"key":"RECALL"},{"floor":52,"key":"REST"}],"neow_cost":"NONE","seed_source_timestamp":0,"circlet_count":0,"master_deck":["Strike_B","Strike_B","Strike_B","Defend_B","Defend_B","Defend_B","Zap","Dualcast+1","Glacier","Doom and Gloom","Cold Snap","Multi-Cast+1","Blizzard","White Noise+1","Chill+1","Genetic Algorithm","Turbo+1","Biased Cognition+1","BootSequence","Turbo","Capacitor","Recycle+1","Writhe","Defragment","Ball Lightning","Conserve Battery+1","Compile Driver","Consume+1"],"special_seed":0,"relics":["Runic Pyramid","Oddly Smooth Stone","Orichalcum","MawBank","Pantograph","Busted Crown","Bag of Marbles","Blood Vial","Anchor","Dream Catcher","Art of War","Red Mask","Bronze Scales","Cursed Key","Lantern","Boot","Bottled Tornado","Juzu Bracelet","Runic Capacitor","Bottled Lightning","Vajra"],"potions_floor_usage":[47,55],"damage_taken":[{"damage":0.0,"enemies":"Cultist","floor":1.0,"turns":4.0},{"damage":7.0,"enemies":"Jaw Worm","floor":2.0,"turns":5.0},{"damage":2.0,"enemies":"Small Slimes","floor":3.0,"turns":5.0},{"damage":5.0,"enemies":"Lagavulin","floor":6.0,"turns":9.0},{"damage":2.0,"enemies":"Exordium Thugs","floor":7.0,"turns":4.0},{"damage":2.0,"enemies":"3 Sentries","floor":10.0,"turns":5.0},{"damage":8.0,"enemies":"Gremlin Nob","floor":12.0,"turns":4.0},{"damage":6.0,"enemies":"3 Louse","floor":13.0,"turns":4.0},{"damage":0.0,"enemies":"2 Fungi Beasts","floor":14.0,"turns":4.0},{"damage":0.0,"enemies":"Slime Boss","floor":16.0,"turns":4.0},{"damage":0.0,"enemies":"2 Thieves","floor":18.0,"turns":4.0},{"damage":4.0,"enemies":"3 Byrds","floor":20.0,"turns":4.0},{"damage":0.0,"enemies":"Centurion and Healer","floor":22.0,"turns":5.0},{"damage":20.0,"enemies":"Slavers","floor":23.0,"turns":4.0},{"damage":0.0,"enemies":"Gremlin Leader","floor":25.0,"turns":3.0},{"damage":0.0,"enemies":"Snecko","floor":28.0,"turns":6.0},{"damage":7.0,"enemies":"Masked Bandits","floor":29.0,"turns":5.0},{"damage":26.0,"enemies":"Slavers","floor":31.0,"turns":4.0},{"damage":8.0,"enemies":"Collector","floor":33.0,"turns":6.0},{"damage":0.0,"enemies":"3 Shapes","floor":35.0,"turns":3.0},{"damage":0.0,"enemies":"Orb Walker","floor":36.0,"turns":6.0},{"damage":0.0,"enemies":"4 Shapes","floor":39.0,"turns":9.0},{"damage":0.0,"enemies":"Nemesis","floor":40.0,"turns":5.0},{"damage":9.0,"enemies":"Transient","floor":41.0,"turns":5.0},{"damage":27.0,"enemies":"Reptomancer","floor":42.0,"turns":7.0},{"damage":1,"enemies":"Giant Head","floor":45,"turns":8},{"damage":2,"enemies":"Nemesis","floor":47,"turns":7},{"damage":60,"enemies":"Awakened One","floor":50,"turns":13},{"damage":26,"enemies":"Shield and Spear","floor":54,"turns":6},{"damage":66,"enemies":"The Heart","floor":55,"turns":11}],"seed_played":"-7666847074838580274","potions_obtained":[{"floor":1.0,"key":"SteroidPotion"},{"floor":2.0,"key":"Poison Potion"},{"floor":6.0,"key":"Swift Potion"},{"floor":7.0,"key":"AttackPotion"},{"floor":22.0,"key":"AttackPotion"},{"floor":23.0,"key":"PowerPotion"},{"floor":28.0,"key":"PowerPotion"},{"floor":35.0,"key":"FocusPotion"},{"floor":36.0,"key":"SkillPotion"},{"floor":45,"key":"Fire Potion"},{"floor":54,"key":"SkillPotion"}],"is_trial":false,"path_per_floor":["M","M","M","?","?","E","M","R","T","E","R","E","M","M","R","B",null,"M","?","M","?","M","E","$","E","T","R","M","?","R","E","R","B",null,"M","M","?","?","M","E","M","E","T","$","E","$","E","$","R","B",null,"R","$","E","B",null],"character_chosen":"DEFECT","items_purchased":["Blood Vial","Capacitor","Recycle","Anchor","Defragment","Bottled Tornado","Runic Capacitor","Ball Lightning","Compile Driver"],"campfire_rested":1,"item_purchase_floors":[24,24,24,24,44,44,46,46,53],"current_hp_per_floor":[75,68,66,55,55,50,48,48,48,46,46,38,32,32,32,57,71,71,71,67,67,67,47,47,49,49,49,51,46,46,22,22,41,67,69,71,71,71,73,75,66,41,41,41,42,42,42,42,42,9,59,75,75,49,9],"gold":43,"neow_bonus":"BOSS_RELIC","is_prod":false,"is_daily":false,"chose_seed":false,"campfire_upgraded":6,"win_rate":0,"timestamp":1558494810,"path_taken":["M","M","?","?","?","E","?","R","T","E","R","E","M","M","R","BOSS","M","?","M","?","M","E","$","E","T","R","M","?","R","E","R","BOSS","M","M","?","?","M","E","M","E","T","$","E","$","E","$","R","BOSS","R","$","E","BOSS"],"build_version":"2019-01-23","purchased_purges":1,"victory":true,"max_hp_per_floor":[75,75,75,75,75,75,75,75,75,75,75,75,75,75,75,75,75,75,75,75,75,75,75,75,75,75,75,75,75,75,75,75,75,75,75,75,75,75,75,75,75,75,75,75,75,75,75,75,75,75,75,75,75,75,75],"card_choices":[{"not_picked":["Skim","Sunder"],"picked":"Glacier","floor":1.0},{"not_picked":["Redo","Skim"],"picked":"Doom and Gloom","floor":2.0},{"not_picked":["Hologram","Beam Cell"],"picked":"Cold Snap","floor":3.0},{"not_picked":["Cold Snap","Melter"],"picked":"Blizzard","floor":6.0},{"not_picked":["Leap","Gash"],"picked":"White Noise","floor":7.0},{"not_picked":["Redo","Storm"],"picked":"Chill","floor":10.0},{"not_picked":["Undo","Beam Cell"],"picked":"Genetic Algorithm","floor":12.0},{"not_picked":["Rip and Tear","Streamline","Machine Learning"],"picked":"SKIP","floor":13.0},{"not_picked":["Gash","Redo"],"picked":"Turbo","floor":14.0},{"not_picked":["Thunder Strike","Rainbow"],"picked":"Biased Cognition","floor":16.0},{"not_picked":["Chaos"],"picked":"SKIP","floor":18.0},{"not_picked":["Cold Snap+1"],"picked":"SKIP","floor":20.0},{"not_picked":[],"picked":"Turbo","floor":22.0},{"not_picked":["Storm"],"picked":"SKIP","floor":23.0},{"not_picked":["Sweeping Beam+1"],"picked":"SKIP","floor":25.0},{"not_picked":["FTL"],"picked":"SKIP","floor":28.0},{"not_picked":["Sweeping Beam"],"picked":"SKIP","floor":31.0},{"not_picked":["Redo+1"],"picked":"SKIP","floor":35.0},{"not_picked":["Redo+1"],"picked":"SKIP","floor":35.0},{"not_picked":["Heatsinks"],"picked":"SKIP","floor":36.0},{"not_picked":["Coolheaded"],"picked":"SKIP","floor":39.0},{"not_picked":["Static Discharge"],"picked":"SKIP","floor":40.0},{"not_picked":["Reinforced Body"],"picked":"SKIP","floor":41.0},{"not_picked":["Doom and Gloom+1"],"picked":"SKIP","floor":42.0},{"not_picked":["Undo+1"],"picked":"SKIP","floor":45},{"not_picked":[],"picked":"Conserve Battery+1","floor":47},{"not_picked":[],"picked":"Consume+1","floor":54}],"player_experience":601961,"relics_obtained":[{"floor":6.0,"key":"Oddly Smooth Stone"},{"floor":9.0,"key":"Orichalcum"},{"floor":10.0,"key":"MawBank"},{"floor":12.0,"key":"Pantograph"},{"floor":23.0,"key":"Bag of Marbles"},{"floor":25.0,"key":"Dream Catcher"},{"floor":26.0,"key":"Art of War"},{"floor":29.0,"key":"Red Mask"},{"floor":31.0,"key":"Bronze Scales"},{"floor":40.0,"key":"Lantern"},{"floor":42.0,"key":"Boot"},{"floor":45,"key":"Juzu Bracelet"},{"floor":47,"key":"Bottled Lightning"},{"floor":54,"key":"Vajra"}],"event_choices":[{"damage_healed":0.0,"max_hp_gain":0.0,"max_hp_loss":0.0,"gold_gain":75.0,"event_name":"World of Goop","player_choice":"Gather Gold","floor":4.0,"gold_loss":0.0,"damage_taken":11.0},{"damage_healed":0.0,"max_hp_gain":0.0,"max_hp_loss":0.0,"gold_gain":0.0,"cards_transformed":["Strike_B"],"event_name":"Transmorgrifier","player_choice":"Transformed","floor":5.0,"gold_loss":0.0,"damage_taken":0.0,"cards_obtained":["Multi-Cast"]},{"damage_healed":0.0,"max_hp_gain":0.0,"max_hp_loss":0.0,"gold_gain":0.0,"event_name":"Vampires","player_choice":"Ignored","floor":19.0,"gold_loss":0.0,"damage_taken":0.0},{"damage_healed":0.0,"max_hp_gain":0.0,"max_hp_loss":0.0,"gold_gain":0.0,"event_name":"The Library","player_choice":"Read","floor":21.0,"gold_loss":0.0,"damage_taken":0.0,"cards_obtained":["BootSequence"]},{"damage_healed":0.0,"max_hp_gain":0.0,"max_hp_loss":0.0,"gold_gain":0.0,"event_name":"Masked Bandits","player_choice":"Fought Bandits","floor":29.0,"gold_loss":0.0,"damage_taken":0.0},{"damage_healed":0.0,"max_hp_gain":0.0,"max_hp_loss":0.0,"gold_gain":0.0,"event_name":"SensoryStone","player_choice":"Memory 1","floor":37.0,"gold_loss":0.0,"damage_taken":0.0},{"damage_healed":0.0,"max_hp_gain":0.0,"max_hp_loss":0.0,"gold_gain":0.0,"event_name":"Accursed Blacksmith","player_choice":"Forge","floor":38.0,"gold_loss":0.0,"damage_taken":0.0,"cards_upgraded":["Turbo"]}],"is_beta":false,"boss_relics":[{"not_picked":["Inserter","Velvet Choker"],"picked":"Busted Crown"},{"not_picked":["Black Star","Lizard Tail"],"picked":"Cursed Key"}],"items_purged_floors":[24],"is_endless":false,"potions_floor_spawned":[1,2,6,7,22,23,28,35,36,45,54],"ascension_level":5}