{"gold_per_floor":[116,71,71,33,49,79,91,105,173,204,204,204,219,251,251,251],"floor_reached":16,"playtime":1315,"items_purged":[],"score":264,"play_id":"de22c574-562e-433d-9a1e-3b086b278f56","local_time":"20190530182046","is_ascension_mode":true,"campfire_choices":[{"data":"Neutralize","floor":11.0,"key":"SMITH"},{"data":"Wraith Form v2","floor":15.0,"key":"SMITH"}],"neow_cost":"NONE","seed_source_timestamp":1000532077888197,"circlet_count":0,"master_deck":["AscendersBane","Defend_G","Defend_G","Defend_G","Defend_G","Defend_G","Strike_G","Strike_G","Strike_G","Strike_G","Survivor","Neutralize+1","Bouncing Flask","Well Laid Plans","Predator","Poisoned Stab","Finisher","Backflip","Regret","Wraith Form v2+1"],"special_seed":0,"relics":["Ring of the Snake","NeowsBlessing","Gambling Chip","Kunai","Centennial Puzzle","PreservedInsect","Tingsha"],"potions_floor_usage":[],"damage_taken":[{"damage":0.0,"enemies":"2 Louse","floor":1.0,"turns":1.0},{"damage":0.0,"enemies":"Jaw Worm","floor":5.0,"turns":1.0},{"damage":0.0,"enemies":"3 Sentries","floor":6.0,"turns":1.0},{"damage":0.0,"enemies":"Small Slimes","floor":7.0,"turns":3.0},{"damage":2.0,"enemies":"Exordium Thugs","floor":8.0,"turns":5.0},{"damage":7.0,"enemies":"Lagavulin","floor":10.0,"turns":5.0},{"damage":4.0,"enemies":"3 Louse","floor":13.0,"turns":5.0},{"damage":0.0,"enemies":"3 Sentries","floor":14.0,"turns":7.0},{"damage":50,"enemies":"Slime Boss","floor":16,"turns":8}],"seed_played":"-4770862592910691012","potions_obtained":[{"floor":1.0,"key":"Block Potion"},{"floor":10.0,"key":"SteroidPotion"},{"floor":13.0,"key":"Energy Potion"}],"is_trial":false,"path_per_floor":["M","?","?","$","M","E","M","M","T","E","R","?","M","E","R","B"],"character_chosen":"THE_SILENT","items_purchased":["Well Laid Plans"],"campfire_rested":0,"item_purchase_floors":[4],"current_hp_per_floor":[63,63,56,56,56,56,56,54,54,47,47,47,43,43,43,0],"gold":251,"neow_bonus":"THREE_ENEMY_KILL","is_prod":false,"is_daily":false,"chose_seed":false,"campfire_upgraded":2,"win_rate":0,"timestamp":1559220646,"path_taken":["M","?","?","?","M","E","M","M","T","E","R","?","M","E","R","BOSS"],"build_version":"2019-01-23","purchased_purges":0,"victory":false,"max_hp_per_floor":[70,70,70,70,70,70,70,70,70,70,70,70,70,70,70,70],"card_choices":[{"not_picked":["Underhanded Strike","Flying Knee"],"picked":"Bouncing Flask","floor":1.0},{"not_picked":["PiercingWail","Quick Slash","Predator"],"picked":"SKIP","floor":5.0},{"not_picked":["PiercingWail","Quick Slash"],"picked":"Predator","floor":5.0},{"not_picked":["Sucker Punch","Eviscerate"],"picked":"Poisoned Stab","floor":6.0},{"not_picked":["Escape Plan","Cloak And Dagger"],"picked":"Finisher","floor":7.0},{"not_picked":["Sucker Punch","Masterful Stab","Calculated Gamble"],"picked":"SKIP","floor":8.0},{"not_picked":["Blur","Deflect"],"picked":"Backflip","floor":10.0},{"not_picked":["Escape Plan","Accuracy","Backflip"],"picked":"SKIP","floor":13.0},{"not_picked":["Flechettes","Caltrops"],"picked":"Wraith Form v2","floor":14.0}],"player_experience":977004,"relics_obtained":[{"floor":6.0,"key":"Gambling Chip"},{"floor":9.0,"key":"Kunai"},{"floor":10.0,"key":"Centennial Puzzle"},{"floor":14.0,"key":"Tingsha"}],"event_choices":[{"damage_healed":0.0,"max_hp_gain":0.0,"max_hp_loss":0.0,"gold_gain":0.0,"event_name":"World of Goop","player_choice":"Left Gold","floor":2.0,"gold_loss":45.0,"damage_taken":0.0},{"cards_removed":["Strike_G"],"damage_healed":0.0,"max_hp_gain":0.0,"max_hp_loss":0.0,"gold_gain":0.0,"event_name":"Golden Wing","player_choice":"Card Removal","floor":3.0,"gold_loss":0.0,"damage_taken":7.0},{"damage_healed":0.0,"max_hp_gain":0.0,"max_hp_loss":0.0,"gold_gain":0.0,"event_name":"Big Fish","player_choice":"Box","floor":12.0,"gold_loss":0.0,"damage_taken":0.0,"relics_obtained":["PreservedInsect"],"cards_obtained":["Regret"]}],"is_beta":false,"boss_relics":[],"items_purged_floors":[],"is_endless":false,"potions_floor_spawned":[1,10,13],"killed_by":"Slime Boss","ascension_level":11}