{"gold_per_floor":[111,61,61,161,175,208,208,221,247,292,323,347,359,404,416,526,538,566,590,602,614,639,651,689,1001,1013,1025],"floor_reached":27,"playtime":5880,"items_purged":[],"score":482,"play_id":"26ccb485-0cf8-427f-9a61-27716785e04b","local_time":"20190531210126","is_ascension_mode":true,"campfire_choices":[{"data":"Poisoned Stab","floor":7.0,"key":"SMITH"},{"data":"Footwork","floor":15.0,"key":"SMITH"},{"data":"Corpse Explosion","floor":23.0,"key":"SMITH"}],"neow_cost":"NONE","seed_source_timestamp":1092652742567498,"circlet_count":0,"master_deck":["AscendersBane","Defend_G","Defend_G","Defend_G","Defend_G+1","Strike_G+1","Survivor+1","Neutralize+1","Glass Knife+1","Predator+1","Bullet Time+1","Poisoned Stab+1","Infinite Blades","Footwork+1","Night Terror","Dodge and Roll","Corpse Explosion+1","Terror","Backflip","Tools of the Trade"],"special_seed":0,"relics":["Astrolabe","Whetstone","MawBank","Potion Belt","Matryoshka","Coffee Dripper","Orichalcum","Old Coin","Happy Flower","Bottled Lightning","Darkstone Periapt"],"potions_floor_usage":[24],"damage_taken":[{"damage":0.0,"enemies":"2 Louse","floor":1.0,"turns":1.0},{"damage":0.0,"enemies":"Small Slimes","floor":5.0,"turns":3.0},{"damage":4.0,"enemies":"Lagavulin","floor":6.0,"turns":7.0},{"damage":0.0,"enemies":"Cultist","floor":8.0,"turns":2.0},{"damage":0.0,"enemies":"3 Sentries","floor":10.0,"turns":5.0},{"damage":0.0,"enemies":"Looter","floor":11.0,"turns":2.0},{"damage":0.0,"enemies":"3 Louse","floor":12.0,"turns":4.0},{"damage":0.0,"enemies":"Lagavulin","floor":14.0,"turns":5.0},{"damage":20.0,"enemies":"Hexaghost","floor":16.0,"turns":12.0},{"damage":12.0,"enemies":"Chosen","floor":18.0,"turns":5.0},{"damage":2.0,"enemies":"Spheric Guardian","floor":19.0,"turns":4.0},{"damage":4.0,"enemies":"Centurion and Healer","floor":22.0,"turns":5.0},{"damage":6,"enemies":"Book of Stabbing","floor":24,"turns":5},{"damage":41,"enemies":"Slavers","floor":27,"turns":3}],"seed_played":"3646573919228396350","potions_obtained":[{"floor":5.0,"key":"SkillPotion"},{"floor":8.0,"key":"FearPotion"},{"floor":11.0,"key":"Regen Potion"},{"floor":14.0,"key":"Energy Potion"},{"floor":16.0,"key":"Explosive Potion"},{"floor":18.0,"key":"Energy Potion"},{"floor":19.0,"key":"Energy Potion"}],"is_trial":false,"path_per_floor":["M","?","?","?","M","E","R","M","T","E","M","M","?","E","R","B",null,"M","M","?","?","M","R","E","T","T","E"],"character_chosen":"THE_SILENT","items_purchased":[],"campfire_rested":0,"item_purchase_floors":[],"current_hp_per_floor":[63,63,49,49,49,45,45,45,45,45,45,45,45,45,45,25,59,58,56,56,43,39,39,33,33,33,0],"gold":1025,"neow_bonus":"BOSS_RELIC","is_prod":false,"is_daily":false,"chose_seed":false,"campfire_upgraded":3,"win_rate":0,"timestamp":1559316686,"path_taken":["M","?","?","?","M","E","R","M","T","E","M","?","?","E","R","BOSS","M","M","?","?","M","R","E","?","T","E"],"build_version":"2019-01-23","purchased_purges":0,"victory":false,"max_hp_per_floor":[70,70,70,70,70,70,70,70,70,70,70,70,70,70,70,70,70,70,70,70,75,75,75,75,75,75,75],"card_choices":[{"not_picked":["Quick Slash","Concentrate","Deflect"],"picked":"SKIP","floor":1.0},{"not_picked":["Sucker Punch","Acrobatics","Bane"],"picked":"SKIP","floor":5.0},{"not_picked":["Bane","Accuracy"],"picked":"Poisoned Stab","floor":6.0},{"not_picked":["Deadly Poison","Infinite Blades","PiercingWail"],"picked":"SKIP","floor":8.0},{"not_picked":["Deadly Poison","PiercingWail"],"picked":"Infinite Blades","floor":8.0},{"not_picked":["Bouncing Flask","Masterful Stab"],"picked":"Footwork","floor":10.0},{"not_picked":["Bullet Time","Prepared","Acrobatics"],"picked":"SKIP","floor":11.0},{"not_picked":["Outmaneuver","Slice","Deflect"],"picked":"SKIP","floor":12.0},{"not_picked":["Slice","Prepared"],"picked":"Dodge and Roll","floor":14.0},{"not_picked":["Phantasmal Killer","Tools of the Trade"],"picked":"Corpse Explosion","floor":16.0},{"not_picked":["Terror","Dagger Throw+1","Setup"],"picked":"SKIP","floor":18.0},{"not_picked":["Dagger Throw+1","Setup"],"picked":"Terror","floor":18.0},{"not_picked":["Distraction+1","Sucker Punch"],"picked":"Backflip","floor":19.0},{"not_picked":["Blade Dance","Sucker Punch","Calculated Gamble"],"picked":"SKIP","floor":22.0},{"not_picked":["Backstab","Flechettes"],"picked":"Tools of the Trade","floor":24}],"player_experience":1024910,"relics_obtained":[{"floor":6.0,"key":"Whetstone"},{"floor":9.0,"key":"MawBank"},{"floor":10.0,"key":"Potion Belt"},{"floor":14.0,"key":"Matryoshka"},{"floor":24,"key":"Orichalcum"},{"floor":25,"key":"Old Coin"},{"floor":25,"key":"Happy Flower"},{"floor":26,"key":"Bottled Lightning"},{"floor":26,"key":"Darkstone Periapt"}],"event_choices":[{"cards_removed":["Strike_G"],"damage_healed":0.0,"max_hp_gain":0.0,"max_hp_loss":0.0,"gold_gain":0.0,"event_name":"The Cleric","player_choice":"Card Removal","floor":2.0,"gold_loss":50.0,"damage_taken":0.0},{"damage_healed":0.0,"max_hp_gain":0.0,"max_hp_loss":0.0,"gold_gain":0.0,"event_name":"Shining Light","player_choice":"Entered Light","floor":3.0,"gold_loss":0.0,"damage_taken":14.0,"cards_upgraded":["Defend_G","Survivor"]},{"damage_healed":0.0,"max_hp_gain":0.0,"max_hp_loss":0.0,"gold_gain":100.0,"event_name":"Wheel of Change","player_choice":"Gold","floor":4.0,"gold_loss":0.0,"damage_taken":0.0},{"damage_healed":0.0,"max_hp_gain":0.0,"max_hp_loss":0.0,"gold_gain":0.0,"cards_transformed":["Strike_G"],"event_name":"Living Wall","player_choice":"Change","floor":13.0,"gold_loss":0.0,"damage_taken":0.0,"cards_obtained":["Night Terror"]},{"damage_healed":0.0,"max_hp_gain":0.0,"max_hp_loss":0.0,"gold_gain":0.0,"event_name":"Vampires","player_choice":"Ignored","floor":20.0,"gold_loss":0.0,"damage_taken":0.0},{"damage_healed":0.0,"max_hp_gain":5.0,"max_hp_loss":0.0,"gold_gain":0.0,"event_name":"Forgotten Altar","player_choice":"Shed Blood","floor":21.0,"gold_loss":0.0,"damage_taken":18.0}],"is_beta":false,"boss_relics":[{"not_picked":["WristBlade","Busted Crown"],"picked":"Coffee Dripper"}],"items_purged_floors":[],"is_endless":false,"potions_floor_spawned":[5,8,11,14,16,18,19],"killed_by":"Slavers","ascension_level":12}