{"gold_per_floor":[111,111,131,306,72,103,103,170,170,200,200,165,178,204,204,307,307,327,341,341,361,361,361,391,409,409,442,456,468,496,511,511,616,616,627,627,643,656,203,237,248,281,331,385,401,434,434,465,465,465,465,465,155,181,181],"floor_reached":56,"playtime":10874,"items_purged":["Doubt","Defend_B","Defend_B"],"score":1773,"play_id":"c5e0e756-9228-4a38-a5c1-e607cf291baa","local_time":"20190526043627","is_ascension_mode":true,"campfire_choices":[{"data":"Zap","floor":7.0,"key":"SMITH"},{"data":"Buffer","floor":15.0,"key":"SMITH"},{"data":"Dualcast","floor":23.0,"key":"SMITH"},{"data":"Biased Cognition","floor":32.0,"key":"SMITH"},{"data":"Buffer","floor":47.0,"key":"SMITH"},{"floor":49.0,"key":"RECALL"},{"data":"Biased Cognition","floor":52.0,"key":"SMITH"}],"neow_cost":"TEN_PERCENT_HP_LOSS","seed_source_timestamp":0,"circlet_count":0,"master_deck":["Strike_B+1","Zap+1","Dualcast+1","Auto Shields","Seek+1","Self Repair","Compile Driver","Core Surge","Barrage","Buffer+1","Static Discharge","Self Repair","Electrodynamics","White Noise","Self Repair","Chill","FTL","Reinforced Body","Biased Cognition+1","Skim+1","Biased Cognition+1","Glacier+1","Buffer+1","Blizzard+1","Storm+1","Capacitor+1","Capacitor+1","Seek+1"],"special_seed":0,"relics":["Cracked Core","Bag of Marbles","Shuriken","Orichalcum","Blue Candle","Bronze Scales","Coffee Dripper","Toxic Egg 2","Mummified Hand","Calipers","Meat on the Bone","Velvet Choker","Membership Card","Symbiotic Virus","PreservedInsect","Letter Opener","Pocketwatch","Frozen Egg 2","Omamori","Incense Burner","Pear"],"potions_floor_usage":[55,55,55],"damage_taken":[{"damage":1.0,"enemies":"Small Slimes","floor":1.0,"turns":3.0},{"damage":1.0,"enemies":"Jaw Worm","floor":3.0,"turns":4.0},{"damage":18.0,"enemies":"Gremlin Nob","floor":6.0,"turns":4.0},{"damage":8.0,"enemies":"Lagavulin","floor":10.0,"turns":5.0},{"damage":0.0,"enemies":"2 Louse","floor":13.0,"turns":2.0},{"damage":10.0,"enemies":"Gremlin Nob","floor":14.0,"turns":4.0},{"damage":3.0,"enemies":"Slime Boss","floor":16.0,"turns":11.0},{"damage":0.0,"enemies":"Spheric Guardian","floor":18.0,"turns":4.0},{"damage":20.0,"enemies":"2 Thieves","floor":19.0,"turns":4.0},{"damage":0.0,"enemies":"Snecko","floor":21.0,"turns":5.0},{"damage":27.0,"enemies":"Book of Stabbing","floor":24.0,"turns":4.0},{"damage":12.0,"enemies":"Snake Plant","floor":25.0,"turns":4.0},{"damage":12.0,"enemies":"Gremlin Leader","floor":27.0,"turns":5.0},{"damage":0.0,"enemies":"Centurion and Healer","floor":28.0,"turns":4.0},{"damage":0.0,"enemies":"Cultist and Chosen","floor":29.0,"turns":6.0},{"damage":8.0,"enemies":"Book of Stabbing","floor":30.0,"turns":5.0},{"damage":0.0,"enemies":"Sentry and Sphere","floor":31.0,"turns":4.0},{"damage":19.0,"enemies":"Collector","floor":33.0,"turns":7.0},{"damage":0.0,"enemies":"3 Shapes","floor":35.0,"turns":5.0},{"damage":15.0,"enemies":"3 Darklings","floor":37.0,"turns":2.0},{"damage":0.0,"enemies":"Maw","floor":38.0,"turns":10.0},{"damage":0.0,"enemies":"Giant Head","floor":40.0,"turns":11.0},{"damage":20.0,"enemies":"4 Shapes","floor":41.0,"turns":4.0},{"damage":4.0,"enemies":"Nemesis","floor":42.0,"turns":6.0},{"damage":14.0,"enemies":"2 Orb Walkers","floor":44.0,"turns":3.0},{"damage":0.0,"enemies":"Sphere and 2 Shapes","floor":45.0,"turns":2.0},{"damage":0.0,"enemies":"Giant Head","floor":46.0,"turns":7.0},{"damage":7.0,"enemies":"Nemesis","floor":48.0,"turns":3.0},{"damage":16.0,"enemies":"Time Eater","floor":50.0,"turns":8.0},{"damage":4.0,"enemies":"Shield and Spear","floor":54.0,"turns":4.0},{"damage":9,"enemies":"The Heart","floor":55,"turns":5}],"seed_played":"-2522256071682592109","potions_obtained":[{"floor":1.0,"key":"Strength Potion"},{"floor":10.0,"key":"Strength Potion"},{"floor":16.0,"key":"PowerPotion"},{"floor":19.0,"key":"LiquidBronze"},{"floor":21.0,"key":"LiquidBronze"},{"floor":25.0,"key":"Energy Potion"},{"floor":29.0,"key":"LiquidBronze"},{"floor":31.0,"key":"GamblersBrew"},{"floor":37.0,"key":"Fire Potion"},{"floor":40.0,"key":"Explosive Potion"},{"floor":44.0,"key":"Swift Potion"}],"is_trial":false,"path_per_floor":["M","?","M","?","$","E","R","?","T","E","?","?","M","E","R","B",null,"M","M","?","M","?","R","E","M","T","E","M","M","E","M","R","B",null,"M","?","M","M","$","E","M","E","T","?","M","E","R","E","R","B",null,"R","$","E","B",null],"character_chosen":"DEFECT","items_purchased":["Core Surge","Membership Card","Symbiotic Virus","Buffer","Capacitor+1","Incense Burner","FocusPotion","Ancient Potion"],"campfire_rested":0,"item_purchase_floors":[5,39,39,39,53,53,53,53],"current_hp_per_floor":[67,53,59,59,59,48,48,48,48,47,47,64,68,65,65,68,68,68,62,62,68,68,68,62,68,68,68,68,68,68,68,68,68,68,68,68,67,68,68,68,68,68,68,68,68,68,68,68,68,68,68,68,68,78,76],"gold":181,"neow_bonus":"TRANSFORM_TWO_CARDS","is_prod":false,"is_daily":false,"chose_seed":false,"campfire_upgraded":6,"win_rate":0,"timestamp":1558825587,"path_taken":["M","?","M","?","$","E","R","?","T","E","?","?","M","E","R","BOSS","M","M","?","M","?","R","E","M","T","E","M","M","E","M","R","BOSS","M","?","M","M","$","E","M","E","T","?","M","E","R","E","R","BOSS","R","$","E","BOSS"],"build_version":"2019-01-23","purchased_purges":3,"victory":true,"max_hp_per_floor":[68,68,68,68,68,68,68,68,68,68,68,68,68,68,68,68,68,68,68,68,68,68,68,68,68,68,68,68,68,68,68,68,68,68,68,68,68,68,68,68,68,68,68,68,68,68,68,68,68,68,68,68,68,78,78],"card_choices":[{"not_picked":["Sweeping Beam","Compile Driver"],"picked":"Self Repair","floor":1.0},{"not_picked":["Rebound","Go for the Eyes"],"picked":"Compile Driver","floor":3.0},{"not_picked":["Storm","Steam"],"picked":"Barrage","floor":6.0},{"not_picked":["Rebound","Cold Snap"],"picked":"Buffer","floor":10.0},{"not_picked":["Consume","Scrape"],"picked":"Static Discharge","floor":13.0},{"not_picked":["Fusion","Barrage"],"picked":"Self Repair","floor":14.0},{"not_picked":["Buffer","Amplify"],"picked":"Electrodynamics","floor":16.0},{"not_picked":["Barrage","Gash+1"],"picked":"White Noise","floor":18.0},{"not_picked":["Darkness+1","Leap"],"picked":"Self Repair","floor":19.0},{"not_picked":["Auto Shields","Force Field"],"picked":"Chill","floor":21.0},{"not_picked":["Coolheaded","Hologram"],"picked":"Biased Cognition","floor":24.0},{"not_picked":["Hello World","Beam Cell","Gash"],"picked":"SKIP","floor":25.0},{"not_picked":["Hyperbeam","Heatsinks+1","Skim+1"],"picked":"SKIP","floor":27.0},{"not_picked":["Steam+1","Turbo+1","FTL"],"picked":"SKIP","floor":28.0},{"not_picked":["FTL","Beam Cell","Reinforced Body+1"],"picked":"SKIP","floor":29.0},{"not_picked":["Conserve Battery+1","Fission+1"],"picked":"Skim+1","floor":30.0},{"not_picked":["Hello World","Redo+1","Conserve Battery+1"],"picked":"SKIP","floor":31.0},{"not_picked":["Creative AI","Machine Learning"],"picked":"Biased Cognition","floor":33.0},{"not_picked":["Ball Lightning","Redo+1","Go for the Eyes"],"picked":"SKIP","floor":35.0},{"not_picked":["Skim+1","Gash+1"],"picked":"Glacier+1","floor":37.0},{"not_picked":["Steam+1","Aggregate+1","Barrage"],"picked":"SKIP","floor":38.0},{"not_picked":["Rebound","Meteor Strike","Redo+1"],"picked":"SKIP","floor":40.0},{"not_picked":["Loop+1","Sweeping Beam+1"],"picked":"Blizzard+1","floor":41.0},{"not_picked":["Lockon+1","Steam+1"],"picked":"Storm+1","floor":42.0},{"not_picked":["Self Repair+1","Go for the Eyes","Fusion+1"],"picked":"SKIP","floor":45.0},{"not_picked":["Stack+1","Gash","Ball Lightning+1"],"picked":"SKIP","floor":46.0},{"not_picked":["Streamline","Barrage"],"picked":"Capacitor+1","floor":48.0},{"not_picked":["Stack+1","Force Field+1"],"picked":"Seek+1","floor":54.0}],"player_experience":777124,"relics_obtained":[{"floor":6.0,"key":"Bag of Marbles"},{"floor":9.0,"key":"Shuriken"},{"floor":10.0,"key":"Orichalcum"},{"floor":14.0,"key":"Bronze Scales"},{"floor":24.0,"key":"Toxic Egg 2"},{"floor":26.0,"key":"Mummified Hand"},{"floor":27.0,"key":"Calipers"},{"floor":30.0,"key":"Meat on the Bone"},{"floor":40.0,"key":"PreservedInsect"},{"floor":42.0,"key":"Letter Opener"},{"floor":44.0,"key":"Pocketwatch"},{"floor":46.0,"key":"Frozen Egg 2"},{"floor":48.0,"key":"Omamori"},{"floor":54.0,"key":"Pear"}],"event_choices":[{"damage_healed":0.0,"max_hp_gain":0.0,"max_hp_loss":0.0,"gold_gain":0.0,"event_name":"Shining Light","player_choice":"Entered Light","floor":2.0,"gold_loss":0.0,"damage_taken":14.0,"cards_upgraded":["Seek","Strike_B"]},{"damage_healed":0.0,"max_hp_gain":0.0,"max_hp_loss":0.0,"gold_gain":175.0,"event_name":"Liars Game","player_choice":"AGREE","floor":4.0,"gold_loss":0.0,"damage_taken":0.0,"cards_obtained":["Doubt"]},{"damage_healed":0.0,"max_hp_gain":0.0,"max_hp_loss":0.0,"gold_gain":67.0,"event_name":"Golden Wing","player_choice":"Gained Gold","floor":8.0,"gold_loss":0.0,"damage_taken":0.0},{"damage_healed":0.0,"max_hp_gain":0.0,"max_hp_loss":0.0,"gold_gain":0.0,"event_name":"Dead Adventurer","player_choice":"Searched \u00271\u0027 times","floor":11.0,"gold_loss":0.0,"damage_taken":0.0,"relics_obtained":["Blue Candle"]},{"damage_healed":17.0,"max_hp_gain":0.0,"max_hp_loss":0.0,"gold_gain":0.0,"event_name":"The Cleric","player_choice":"Healed","floor":12.0,"gold_loss":35.0,"damage_taken":0.0},{"damage_healed":0.0,"max_hp_gain":0.0,"max_hp_loss":0.0,"gold_gain":0.0,"event_name":"Vampires","player_choice":"Ignored","floor":20.0,"gold_loss":0.0,"damage_taken":0.0},{"damage_healed":0.0,"max_hp_gain":0.0,"max_hp_loss":0.0,"gold_gain":0.0,"cards_transformed":["Strike_B","Strike_B"],"event_name":"Drug Dealer","player_choice":"Became Test Subject","floor":22.0,"gold_loss":0.0,"damage_taken":0.0,"cards_obtained":["FTL","Reinforced Body"]},{"cards_removed":["Defend_B"],"damage_healed":0.0,"max_hp_gain":0.0,"max_hp_loss":0.0,"gold_gain":0.0,"event_name":"Falling","player_choice":"Removed Skill","floor":36.0,"gold_loss":0.0,"damage_taken":0.0},{"damage_healed":0.0,"max_hp_gain":0.0,"max_hp_loss":0.0,"gold_gain":0.0,"event_name":"Mysterious Sphere","player_choice":"Fight","floor":44.0,"gold_loss":0.0,"damage_taken":0.0}],"is_beta":false,"boss_relics":[{"not_picked":["White Beast Statue","Runic Dome"],"picked":"Coffee Dripper"},{"not_picked":["Eternal Feather","Runic Pyramid"],"picked":"Velvet Choker"}],"items_purged_floors":[5,39,53],"is_endless":false,"potions_floor_spawned":[1,10,16,19,21,25,29,31,37,38,40,44],"ascension_level":8}