{"gold_per_floor":[117,131,131,150,166,166,182,192,192,203,203,4,21,196,196,196],"floor_reached":16,"playtime":1461,"items_purged":[],"score":96,"play_id":"911cc3b6-30d3-457f-9412-2d066cdf3e60","local_time":"20190213190746","is_ascension_mode":false,"campfire_choices":[{"data":"Choke","floor":6,"key":"SMITH"},{"floor":11,"key":"REST"},{"data":"Well Laid Plans","floor":15,"key":"SMITH"}],"neow_cost":"NONE","seed_source_timestamp":78934601548820,"circlet_count":0,"master_deck":["Defend_G","Defend_G","Defend_G","Defend_G","Strike_G","Strike_G","Strike_G","Strike_G","Survivor","Neutralize","Blade Dance","Catalyst","Choke+1","Choke","Choke","Quick Slash","Blur","Glass Knife","Well Laid Plans+1","Quick Slash","Bullet Time","Doubt"],"relics":["Ring of the Snake","Sundial"],"potions_floor_usage":[],"damage_taken":[{"damage":2,"enemies":"Jaw Worm","floor":1,"turns":4},{"damage":0,"enemies":"Cultist","floor":2,"turns":4},{"damage":1,"enemies":"2 Louse","floor":4,"turns":4},{"damage":5,"enemies":"2 Fungi Beasts","floor":5,"turns":4},{"damage":3,"enemies":"3 Louse","floor":7,"turns":4},{"damage":15,"enemies":"Exordium Thugs","floor":8,"turns":4},{"damage":0,"enemies":"2 Fungi Beasts","floor":10,"turns":3},{"damage":13,"enemies":"Gremlin Gang","floor":13,"turns":5},{"damage":54,"enemies":"Hexaghost","floor":16,"turns":11}],"seed_played":"1091018668970369930","potions_obtained":[{"floor":4,"key":"Strength Potion"},{"floor":5,"key":"SneckoOil"},{"floor":8,"key":"AttackPotion"},{"floor":10,"key":"Energy Potion"}],"is_trial":false,"path_per_floor":["?","M","?"],"character_chosen":"THE_SILENT","items_purchased":["Glass Knife","Well Laid Plans","Quick Slash"],"campfire_rested":1,"item_purchase_floors":[12,12,12],"current_hp_per_floor":[68,68,68,67,62,62,59,44,44,44,65,65,52,52,52,0],"gold":196,"neow_bonus":"REMOVE_CARD","is_prod":false,"is_daily":false,"chose_seed":false,"campfire_upgraded":2,"win_rate":0.0,"timestamp":1550102866,"path_taken":["M","M","?","M","M","R","?","M","T","M","R","$","M","?","R","BOSS"],"build_version":"2019-01-23","purchased_purges":0,"victory":false,"max_hp_per_floor":[70,70,70,70,70,70,70,70,70,70,70,70,70,70,70,70],"card_choices":[{"not_picked":["Dodge and Roll","Quick Slash"],"picked":"Blade Dance","floor":1},{"not_picked":["Backstab","Skewer"],"picked":"Catalyst","floor":2},{"not_picked":["PiercingWail","Reflex"],"picked":"Choke","floor":4},{"not_picked":["Deadly Poison","Acrobatics"],"picked":"Choke","floor":5},{"not_picked":["Reflex","Sucker Punch"],"picked":"Choke","floor":7},{"not_picked":["Acrobatics","Deadly Poison"],"picked":"Quick Slash","floor":8},{"not_picked":["Dagger Throw","PiercingWail"],"picked":"Blur","floor":10},{"not_picked":["Quick Slash","Prepared"],"picked":"Bullet Time","floor":13}],"player_experience":14139,"relics_obtained":[{"floor":9,"key":"Sundial"}],"event_choices":[{"cards_removed":["Strike_G"],"damage_healed":0,"gold_gain":0,"player_choice":"Offered Basic","damage_taken":0,"max_hp_gain":0,"max_hp_loss":0,"event_name":"Bonfire Elementals","floor":3,"gold_loss":0},{"damage_healed":0,"gold_gain":175,"player_choice":"AGREE","damage_taken":0,"max_hp_gain":0,"max_hp_loss":0,"event_name":"Liars Game","floor":14,"gold_loss":0,"cards_obtained":["Doubt"]}],"is_beta":false,"boss_relics":[],"items_purged_floors":[],"is_endless":false,"potions_floor_spawned":[4,5,8,10,13],"killed_by":"Hexaghost","ascension_level":0}