{"gold_per_floor":[359,372,372,178,178,178,209,226,274,285,295,245,245,277,277,377,377,395,395,56,70,90,90,1,1,301,311,337,350,365,376,376,479,479,491,504,558,558,577,606,606,606,659,57,157,157,191,204,204,204],"floor_reached":50,"playtime":2923,"items_purged":["Parasite","Strike_G","Strike_G"],"score":582,"play_id":"18ec18cc-0d8e-4338-af90-d1a00b11a909","local_time":"20190601223709","is_ascension_mode":false,"campfire_choices":[{"data":"Cloak And Dagger","floor":6.0,"key":"SMITH"},{"data":"Cloak And Dagger","floor":13.0,"key":"SMITH"},{"data":"Cloak And Dagger","floor":15.0,"key":"SMITH"},{"data":"Accuracy","floor":23.0,"key":"SMITH"},{"data":"Blade Dance","floor":25.0,"key":"SMITH"},{"data":"Blade Dance","floor":32.0,"key":"SMITH"},{"data":"Burst","floor":41.0,"key":"SMITH"},{"floor":46.0,"key":"RECALL"},{"data":"Footwork","floor":49.0,"key":"SMITH"}],"neow_cost":"CURSE","seed_source_timestamp":168210868664900,"circlet_count":0,"master_deck":["Defend_G","Defend_G+1","Defend_G","Defend_G","Defend_G","Strike_G+1","Strike_G","Survivor","Neutralize","Backstab","Cloak And Dagger+1","PiercingWail","Well Laid Plans","Accuracy+1","PiercingWail","Cloak And Dagger+1","Cloak And Dagger+1","Adrenaline","Accuracy","Blade Dance+1","Accuracy","Footwork+1","Blade Dance+1","Burst+1","Blade Dance","Infinite Blades+1","Infinite Blades","Adrenaline"],"special_seed":0,"relics":["Ring of the Snake","Strawberry","Torii","Shuriken","Sozu","Ninja Scroll","Old Coin","Art of War","Philosopher\u0027s Stone","WingedGreaves","Dream Catcher","Anchor","Ornamental Fan","Blood Vial"],"potions_floor_usage":[50,50],"damage_taken":[{"damage":0.0,"enemies":"2 Louse","floor":1.0,"turns":3.0},{"damage":2.0,"enemies":"Small Slimes","floor":2.0,"turns":3.0},{"damage":24.0,"enemies":"Lagavulin","floor":7.0,"turns":8.0},{"damage":0.0,"enemies":"Cultist","floor":8.0,"turns":3.0},{"damage":1.0,"enemies":"Red Slaver","floor":10.0,"turns":5.0},{"damage":0.0,"enemies":"Exordium Wildlife","floor":11.0,"turns":4.0},{"damage":2.0,"enemies":"Gremlin Nob","floor":14.0,"turns":4.0},{"damage":15.0,"enemies":"The Guardian","floor":16.0,"turns":9.0},{"damage":0.0,"enemies":"Shell Parasite","floor":18.0,"turns":4.0},{"damage":0.0,"enemies":"Chosen","floor":21.0,"turns":4.0},{"damage":8.0,"enemies":"Sentry and Sphere","floor":22.0,"turns":5.0},{"damage":1.0,"enemies":"Cultist and Chosen","floor":27.0,"turns":2.0},{"damage":0.0,"enemies":"Gremlin Leader","floor":28.0,"turns":4.0},{"damage":1.0,"enemies":"3 Cultists","floor":29.0,"turns":5.0},{"damage":0.0,"enemies":"Centurion and Healer","floor":30.0,"turns":2.0},{"damage":0.0,"enemies":"Snecko","floor":31.0,"turns":3.0},{"damage":32.0,"enemies":"Automaton","floor":33.0,"turns":7.0},{"damage":0.0,"enemies":"Orb Walker","floor":35.0,"turns":2.0},{"damage":0.0,"enemies":"3 Darklings","floor":36.0,"turns":3.0},{"damage":25.0,"enemies":"2 Orb Walkers","floor":37.0,"turns":5.0},{"damage":0.0,"enemies":"Jaw Worm Horde","floor":39.0,"turns":3.0},{"damage":30.0,"enemies":"Nemesis","floor":40.0,"turns":5.0},{"damage":10.0,"enemies":"Reptomancer","floor":47.0,"turns":5.0},{"damage":0.0,"enemies":"Sphere and 2 Shapes","floor":48.0,"turns":2.0},{"damage":53,"enemies":"Time Eater","floor":50,"turns":9}],"seed_played":"-5542208882670590723","potions_obtained":[{"floor":2.0,"key":"GamblersBrew"},{"floor":11.0,"key":"AttackPotion"},{"floor":14.0,"key":"Dexterity Potion"},{"floor":16.0,"key":"Poison Potion"}],"is_trial":false,"path_per_floor":["M","M","?","$","?","R","E","M","T","M","M","?","R","E","R","B",null,"M","?","$","M","M","R","$","R","T","M","E","M","M","M","R","B",null,"M","M","?","?","M","E","R","?","T","$","?","R","E","M","R","B"],"character_chosen":"THE_SILENT","items_purchased":["PiercingWail","Well Laid Plans","Ninja Scroll","Blade Dance","Accuracy","Ornamental Fan","Infinite Blades","Adrenaline"],"campfire_rested":0,"item_purchase_floors":[4,4,20,24,24,44,44,44],"current_hp_per_floor":[70,68,54,54,58,58,34,34,34,33,33,33,33,31,31,16,74,74,74,74,74,66,66,66,66,66,65,65,64,64,64,64,32,74,74,74,49,49,49,19,19,65,65,65,65,65,55,57,57,6],"gold":204,"neow_bonus":"TWO_FIFTY_GOLD","is_prod":false,"is_daily":false,"chose_seed":false,"campfire_upgraded":8,"win_rate":0,"timestamp":1559446629,"path_taken":["M","M","?","$","?","R","E","M","T","M","M","?","R","E","R","BOSS","M","?","$","?","M","R","$","R","T","M","E","M","M","M","R","BOSS","M","M","?","?","?","E","R","?","T","$","?","R","E","?","R","BOSS"],"build_version":"2019-01-23","purchased_purges":3,"victory":false,"max_hp_per_floor":[70,70,70,67,74,74,74,74,74,74,74,74,74,74,74,74,74,74,74,74,74,74,74,74,74,74,74,74,74,74,74,74,74,74,74,74,74,74,74,74,74,65,65,65,65,65,65,65,65,65],"card_choices":[{"not_picked":["Heel Hook","Escape Plan"],"picked":"Backstab","floor":1.0},{"not_picked":["Eviscerate","Slice"],"picked":"Cloak And Dagger","floor":2.0},{"not_picked":["Doppelganger","Flying Knee","Expertise"],"picked":"SKIP","floor":7.0},{"not_picked":["Sucker Punch","PiercingWail"],"picked":"Accuracy","floor":8.0},{"not_picked":["Dagger Throw","Slice"],"picked":"PiercingWail","floor":10.0},{"not_picked":["Venomology","Predator"],"picked":"Cloak And Dagger","floor":11.0},{"not_picked":["Prepared","Dagger Spray"],"picked":"Cloak And Dagger","floor":14.0},{"not_picked":["Venomology","Grand Finale"],"picked":"Adrenaline","floor":16.0},{"not_picked":["Acrobatics+1","Flying Knee","Dagger Spray+1"],"picked":"SKIP","floor":18.0},{"not_picked":["Predator","Bane","Dodge and Roll"],"picked":"SKIP","floor":21.0},{"not_picked":["Expertise+1","Prepared","Flying Knee+1"],"picked":"SKIP","floor":22.0},{"not_picked":["Caltrops","Backflip","Eviscerate"],"picked":"SKIP","floor":27.0},{"not_picked":["Dagger Throw","Backflip"],"picked":"Footwork","floor":28.0},{"not_picked":["Well Laid Plans","Setup"],"picked":"Blade Dance","floor":29.0},{"not_picked":["Prepared+1","Quick Slash","Well Laid Plans"],"picked":"SKIP","floor":30.0},{"not_picked":["Backstab","Flying Knee","Tools of the Trade"],"picked":"SKIP","floor":31.0},{"not_picked":["Glass Knife","Grand Finale"],"picked":"Burst","floor":33.0},{"not_picked":["Catalyst","Deadly Poison+1"],"picked":"Blade Dance","floor":35.0},{"not_picked":["Blur+1","Sucker Punch"],"picked":"Infinite Blades","floor":36.0},{"not_picked":["Reflex","Flying Knee","Underhanded Strike"],"picked":"SKIP","floor":39.0},{"not_picked":["Envenom","Bane+1","Setup+1"],"picked":"SKIP","floor":40.0},{"not_picked":["Deadly Poison","Backflip","Burst"],"picked":"SKIP","floor":47.0},{"not_picked":["Sucker Punch+1","Skewer","Heel Hook+1"],"picked":"SKIP","floor":48.0}],"player_experience":311450,"relics_obtained":[{"floor":7.0,"key":"Torii"},{"floor":14.0,"key":"Shuriken"},{"floor":26.0,"key":"Old Coin"},{"floor":28.0,"key":"Art of War"},{"floor":37.0,"key":"WingedGreaves"},{"floor":40.0,"key":"Dream Catcher"},{"floor":43.0,"key":"Anchor"},{"floor":47.0,"key":"Blood Vial"}],"event_choices":[{"damage_healed":0.0,"max_hp_gain":0.0,"max_hp_loss":0.0,"gold_gain":0.0,"event_name":"Shining Light","player_choice":"Entered Light","floor":3.0,"gold_loss":0.0,"damage_taken":14.0,"cards_upgraded":["Strike_G","Defend_G"]},{"damage_healed":0.0,"max_hp_gain":0.0,"max_hp_loss":0.0,"gold_gain":0.0,"event_name":"Scrap Ooze","player_choice":"Success","floor":5.0,"gold_loss":0.0,"damage_taken":3.0,"relics_obtained":["Strawberry"]},{"cards_removed":["Strike_G"],"damage_healed":0.0,"max_hp_gain":0.0,"max_hp_loss":0.0,"gold_gain":0.0,"event_name":"The Cleric","player_choice":"Card Removal","floor":12.0,"gold_loss":50.0,"damage_taken":0.0},{"damage_healed":0.0,"max_hp_gain":0.0,"max_hp_loss":0.0,"gold_gain":0.0,"event_name":"Duplicator","player_choice":"Copied","floor":19.0,"gold_loss":0.0,"damage_taken":0.0,"cards_obtained":["Accuracy"]},{"damage_healed":0.0,"max_hp_gain":0.0,"max_hp_loss":0.0,"gold_gain":0.0,"event_name":"Mysterious Sphere","player_choice":"Fight","floor":37.0,"gold_loss":0.0,"damage_taken":0.0},{"damage_healed":0.0,"max_hp_gain":0.0,"max_hp_loss":0.0,"gold_gain":0.0,"event_name":"Accursed Blacksmith","player_choice":"Forge","floor":38.0,"gold_loss":0.0,"damage_taken":0.0,"cards_upgraded":["Infinite Blades"]},{"damage_healed":65.0,"max_hp_gain":0.0,"max_hp_loss":9.0,"gold_gain":0.0,"event_name":"The Moai Head","player_choice":"Heal","floor":42.0,"gold_loss":0.0,"damage_taken":0.0},{"damage_healed":0.0,"max_hp_gain":0.0,"max_hp_loss":0.0,"gold_gain":100.0,"event_name":"Golden Shrine","player_choice":"Pray","floor":45.0,"gold_loss":0.0,"damage_taken":0.0}],"is_beta":false,"boss_relics":[{"not_picked":["Snecko Eye","HoveringKite"],"picked":"Sozu"},{"not_picked":["Eternal Feather","Fusion Hammer"],"picked":"Philosopher\u0027s Stone"}],"items_purged_floors":[4,20,44],"is_endless":false,"potions_floor_spawned":[2,11,14,16,18,27,30,33,36,37,47,48],"killed_by":"Time Eater","ascension_level":0}