{"gold_per_floor":[115,183,193,158,52,52,85,9,57,73,91,105,105,124,124,219,219,233,233,243,9,24,24,40,40,91,106,106,125,125,143,143,143],"floor_reached":33,"playtime":3071,"items_purged":[],"score":251,"play_id":"58d3eed6-406e-40c0-a471-c47589dbb0eb","local_time":"20190312183851","is_ascension_mode":false,"campfire_choices":[{"data":"Fission","floor":6,"key":"SMITH"},{"floor":13,"key":"REST"},{"data":"Chaos","floor":15,"key":"SMITH"},{"floor":23,"key":"REST"},{"floor":30,"key":"REST"},{"data":"Seek","floor":32,"key":"SMITH"}],"neow_cost":"PERCENT_DAMAGE","seed_source_timestamp":1250232511832,"circlet_count":0,"master_deck":["Strike_B","Strike_B","Defend_B","Defend_B","Defend_B","Defend_B","Zap","Dualcast","Fission+1","Compile Driver","Melter","Ball Lightning","Leap","Hello World","Seek+1","Capacitor","Coolheaded","Leap","Conserve Battery","Chaos+1","Meteor Strike","Chill","Conserve Battery+1","Undo","Hyperbeam","Skim+1","Ball Lightning","Beam Cell","Decay","Compile Driver","Turbo+1"],"relics":["Cracked Core","Regal Pillow","Centennial Puzzle","Sozu","Pen Nib"],"potions_floor_usage":[12,16],"damage_taken":[{"damage":1,"enemies":"Jaw Worm","floor":1,"turns":3},{"damage":1,"enemies":"2 Louse","floor":3,"turns":2},{"damage":7,"enemies":"Lagavulin","floor":7,"turns":6},{"damage":0,"enemies":"Small Slimes","floor":10,"turns":3},{"damage":10,"enemies":"3 Louse","floor":11,"turns":3},{"damage":16,"enemies":"Exordium Thugs","floor":12,"turns":5},{"damage":0,"enemies":"Exordium Wildlife","floor":14,"turns":4},{"damage":28,"enemies":"Hexaghost","floor":16,"turns":9},{"damage":18,"enemies":"2 Thieves","floor":18,"turns":4},{"damage":5,"enemies":"Spheric Guardian","floor":20,"turns":4},{"damage":4,"enemies":"Centurion and Healer","floor":22,"turns":7},{"damage":24,"enemies":"Shelled Parasite and Fungi","floor":24,"turns":6},{"damage":13,"enemies":"3 Cultists","floor":27,"turns":5},{"damage":13,"enemies":"Snake Plant","floor":29,"turns":5},{"damage":9,"enemies":"Centurion and Healer","floor":31,"turns":6},{"damage":62,"enemies":"Champ","floor":33,"turns":9}],"seed_played":"-1794972359557155153","potions_obtained":[{"floor":1,"key":"Ancient Potion"},{"floor":11,"key":"Fire Potion"},{"floor":12,"key":"GamblersBrew"},{"floor":14,"key":"Swift Potion"},{"floor":16,"key":"SmokeBomb"}],"is_trial":false,"path_per_floor":["?","?","?","?","?"],"character_chosen":"DEFECT","items_purchased":["Leap","Hello World","Capacitor","Undo","Hyperbeam"],"campfire_rested":3,"item_purchase_floors":[5,5,8,21,21],"current_hp_per_floor":[53,53,52,70,70,70,63,63,63,63,53,37,74,74,74,46,75,57,57,52,52,48,75,51,51,51,38,38,25,62,53,53,0],"gold":143,"neow_bonus":"TRANSFORM_TWO_CARDS","is_prod":false,"is_daily":false,"chose_seed":false,"campfire_upgraded":3,"win_rate":0,"timestamp":1552430331,"path_taken":["M","?","M","?","$","R","E","$","T","M","M","M","R","M","R","BOSS","M","?","M","$","M","R","M","?","T","M","?","M","R","M","R","BOSS"],"build_version":"2019-01-23","purchased_purges":0,"victory":false,"max_hp_per_floor":[75,75,75,75,75,75,75,75,75,75,75,75,75,75,75,75,75,75,75,75,75,75,75,75,75,75,75,75,75,75,75,75,75],"card_choices":[{"not_picked":["Lockon","Steam"],"picked":"Melter","floor":1},{"not_picked":["Hello World","Stack"],"picked":"Ball Lightning","floor":3},{"not_picked":["Hologram","Compile Driver"],"picked":"Seek","floor":7},{"not_picked":["Reprogram","Redo"],"picked":"Coolheaded","floor":10},{"not_picked":["Gash","Compile Driver"],"picked":"Leap","floor":11},{"not_picked":["Beam Cell","Go for the Eyes"],"picked":"Conserve Battery","floor":12},{"not_picked":["Sweeping Beam","Leap"],"picked":"Chaos","floor":14},{"not_picked":["Biased Cognition","Machine Learning"],"picked":"Meteor Strike","floor":16},{"not_picked":["Steam Power","Leap+1"],"picked":"Chill","floor":18},{"not_picked":["Static Discharge","Coolheaded"],"picked":"Conserve Battery+1","floor":20},{"not_picked":["Conserve Battery+1","Capacitor+1"],"picked":"Skim+1","floor":22},{"not_picked":["Hyperbeam","Steam Power+1"],"picked":"Ball Lightning","floor":24},{"not_picked":["Leap","Stack"],"picked":"Beam Cell","floor":27},{"not_picked":["Rebound","Cold Snap"],"picked":"Compile Driver","floor":29},{"not_picked":["Loop+1","Go for the Eyes"],"picked":"Turbo+1","floor":31}],"player_experience":272244,"relics_obtained":[{"floor":7,"key":"Regal Pillow"},{"floor":9,"key":"Centennial Puzzle"},{"floor":26,"key":"Pen Nib"}],"event_choices":[{"damage_healed":0,"gold_gain":68,"player_choice":"Gained Gold","damage_taken":0,"max_hp_gain":0,"max_hp_loss":0,"event_name":"Golden Wing","floor":2,"gold_loss":0},{"damage_healed":18,"gold_gain":0,"player_choice":"Healed","damage_taken":0,"max_hp_gain":0,"max_hp_loss":0,"event_name":"The Cleric","floor":4,"gold_loss":35},{"damage_healed":0,"gold_gain":0,"player_choice":"Ignored","damage_taken":0,"max_hp_gain":0,"max_hp_loss":0,"event_name":"Ghosts","floor":19,"gold_loss":0},{"damage_healed":0,"gold_gain":0,"player_choice":"Ignored","damage_taken":0,"max_hp_gain":0,"max_hp_loss":0,"event_name":"Vampires","floor":25,"gold_loss":0},{"damage_healed":0,"gold_gain":0,"player_choice":"Smashed Altar","damage_taken":0,"max_hp_gain":0,"max_hp_loss":0,"event_name":"Forgotten Altar","floor":28,"gold_loss":0,"cards_obtained":["Decay"]}],"is_beta":false,"boss_relics":[{"not_picked":["Ectoplasm","Black Star"],"picked":"Sozu"}],"items_purged_floors":[],"is_endless":false,"potions_floor_spawned":[1,11,12,14,16,18,27],"killed_by":"Champ","ascension_level":0}