{"gold_per_floor":[117,128,144,154,170,205,205,205,229,229,246,262,262,293,293,391,391,407,407,418,107,127,138,138,138,207,122,122,141,141,159,159,259,259,271,287,46,99,99,125,125,152,152,152,165,165,165,176,176,176],"floor_reached":51,"playtime":5078,"items_purged":[],"score":794,"play_id":"9501ea61-5249-46af-9258-ab364e56a732","local_time":"20190503101612","is_ascension_mode":false,"campfire_choices":[{"data":"Adrenaline","floor":8.0,"key":"SMITH"},{"data":"Envenom","floor":10.0,"key":"SMITH"},{"floor":15.0,"key":"REST"},{"data":"After Image","floor":25,"key":"SMITH"},{"data":"Burst","floor":28,"key":"SMITH"},{"data":"Infinite Blades","floor":30,"key":"SMITH"},{"floor":32,"key":"REST"},{"data":"Adrenaline","floor":41,"key":"SMITH"},{"data":"Catalyst","floor":47,"key":"SMITH"},{"data":"Finisher","floor":49,"key":"SMITH"}],"neow_cost":"NONE","seed_source_timestamp":0,"circlet_count":0,"master_deck":["Survivor","Neutralize","Envenom+1","Backstab","Cloak And Dagger","Escape Plan","Adrenaline+1","Cloak And Dagger","Backflip","Backflip","Catalyst+1","After Image+1","Burst+1","Finisher+1","Impatience","Footwork","Prepared+1","Outmaneuver","Infinite Blades+1","Dash","Adrenaline+1","Endless Agony","Glass Knife","Phantasmal Killer","Night Terror","Predator","Backstab","Distraction","Dagger Spray","Sucker Punch","Slice","Catalyst+1","Noxious Fumes+1","Infinite Blades","A Thousand Cuts"],"special_seed":0,"relics":["Ring of the Snake","The Specimen","Art of War","Happy Flower","Sozu","Pear","Bag of Marbles","Mummified Hand","PreservedInsect","Pandora\u0027s Box","Lee\u0027s Waffle","StoneCalendar","Blue Candle","Boot","Singing Bowl"],"potions_floor_usage":[18,36],"damage_taken":[{"damage":0.0,"enemies":"Cultist","floor":1.0,"turns":5.0},{"damage":0.0,"enemies":"Small Slimes","floor":2.0,"turns":3.0},{"damage":0.0,"enemies":"2 Louse","floor":3.0,"turns":2.0},{"damage":3.0,"enemies":"Red Slaver","floor":4.0,"turns":3.0},{"damage":0.0,"enemies":"2 Fungi Beasts","floor":5.0,"turns":3.0},{"damage":9.0,"enemies":"Lagavulin","floor":6.0,"turns":7.0},{"damage":4.0,"enemies":"Exordium Thugs","floor":11.0,"turns":5.0},{"damage":0.0,"enemies":"Blue Slaver","floor":12.0,"turns":3.0},{"damage":28.0,"enemies":"Gremlin Nob","floor":14.0,"turns":5.0},{"damage":31.0,"enemies":"Slime Boss","floor":16.0,"turns":17.0},{"damage":0,"enemies":"Spheric Guardian","floor":18,"turns":6},{"damage":0,"enemies":"2 Thieves","floor":20,"turns":4},{"damage":25,"enemies":"3 Cultists","floor":22,"turns":9},{"damage":2,"enemies":"Shelled Parasite and Fungi","floor":23,"turns":8},{"damage":0,"enemies":"Centurion and Healer","floor":29,"turns":5},{"damage":0,"enemies":"Snecko","floor":31,"turns":8},{"damage":17,"enemies":"Automaton","floor":33,"turns":11},{"damage":0,"enemies":"3 Shapes","floor":35,"turns":3},{"damage":12,"enemies":"3 Darklings","floor":36,"turns":4},{"damage":2,"enemies":"2 Orb Walkers","floor":38,"turns":3},{"damage":3,"enemies":"Nemesis","floor":40,"turns":5},{"damage":0,"enemies":"Reptomancer","floor":42,"turns":4},{"damage":8,"enemies":"Writhing Mass","floor":45,"turns":4},{"damage":0,"enemies":"Jaw Worm Horde","floor":48,"turns":3},{"damage":61,"enemies":"Awakened One","floor":50,"turns":8}],"seed_played":"-510388566356442845","potions_obtained":[{"floor":1.0,"key":"Energy Potion"},{"floor":4.0,"key":"SteroidPotion"},{"floor":11.0,"key":"Explosive Potion"},{"floor":12.0,"key":"Regen Potion"},{"floor":16.0,"key":"Swift Potion"}],"is_trial":false,"path_per_floor":["M","?","?","?","M","?","?","?","T","?","M"],"character_chosen":"THE_SILENT","items_purchased":["Footwork","Pear","Lee\u0027s Waffle","Infinite Blades"],"campfire_rested":2,"item_purchase_floors":[21,21,37,37],"current_hp_per_floor":[70,70,70,67,67,58,63,63,63,63,59,59,59,31,53,37,75,75,75,75,85,60,58,58,58,58,58,58,58,58,58,83,66,85,85,73,92,90,90,87,87,89,89,89,83,83,83,85,85,24],"gold":176,"neow_bonus":"ONE_RANDOM_RARE_CARD","is_prod":false,"is_daily":false,"chose_seed":false,"campfire_upgraded":8,"win_rate":0,"timestamp":1556892972,"path_taken":["M","M","M","?","M","E","?","R","T","R","M","M","?","E","R","BOSS","M","?","?","$","M","M","?","R","T","?","R","M","R","M","R","BOSS","M","M","$","?","?","E","R","E","T","?","?","$","R","M","R","BOSS"],"build_version":"2019-01-23","purchased_purges":0,"victory":true,"max_hp_per_floor":[70,70,70,70,70,70,75,75,75,75,75,75,75,75,75,75,75,75,75,75,85,85,85,85,85,85,85,85,85,85,85,85,85,85,85,85,92,92,92,92,92,94,94,94,96,96,96,98,98,98],"card_choices":[{"not_picked":["Acrobatics","Backflip"],"picked":"Backstab","floor":1.0},{"not_picked":["Caltrops","Dodge and Roll"],"picked":"Cloak And Dagger","floor":2.0},{"not_picked":["Dodge and Roll","Bane"],"picked":"Escape Plan","floor":3.0},{"not_picked":["Backstab","Calculated Gamble"],"picked":"Adrenaline","floor":4.0},{"not_picked":["Bane","Endless Agony"],"picked":"Cloak And Dagger","floor":5.0},{"not_picked":["Escape Plan","Dagger Throw"],"picked":"Backflip","floor":6.0},{"not_picked":["PiercingWail","Outmaneuver"],"picked":"Backflip","floor":11.0},{"not_picked":["Bane","Crippling Poison"],"picked":"Catalyst","floor":12.0},{"not_picked":["Dagger Spray","Dagger Throw"],"picked":"After Image","floor":14.0},{"not_picked":["Die Die Die","Phantasmal Killer"],"picked":"Burst","floor":16.0},{"not_picked":["Poisoned Stab+1","Terror"],"picked":"Finisher","floor":18},{"not_picked":["Dagger Throw","Underhanded Strike+1","Bane"],"picked":"SKIP","floor":20},{"not_picked":["Underhanded Strike","Reflex+1"],"picked":"Prepared+1","floor":22},{"not_picked":["Slice","Escape Plan"],"picked":"Outmaneuver","floor":23},{"not_picked":["All Out Attack","Dagger Throw+1"],"picked":"Infinite Blades","floor":29},{"not_picked":["Prepared","Flechettes+1"],"picked":"Dash","floor":31},{"not_picked":["A Thousand Cuts","Doppelganger"],"picked":"Adrenaline","floor":33},{"not_picked":["Outmaneuver","Prepared+1"],"picked":"Catalyst+1","floor":35},{"not_picked":["Catalyst","PiercingWail"],"picked":"Noxious Fumes+1","floor":36},{"not_picked":["Flying Knee+1","Blade Dance"],"picked":"A Thousand Cuts","floor":38},{"not_picked":["Blade Dance","Choke","All Out Attack"],"picked":"SKIP","floor":40},{"not_picked":["Dagger Throw","Expertise+1","Blade Dance"],"picked":"Singing Bowl","floor":42},{"not_picked":["Eviscerate+1","Backstab","Prepared+1"],"picked":"Singing Bowl","floor":45},{"not_picked":["PiercingWail","Predator+1","Tactician+1"],"picked":"Singing Bowl","floor":48}],"player_experience":458465,"relics_obtained":[{"floor":6.0,"key":"The Specimen"},{"floor":9.0,"key":"Art of War"},{"floor":14.0,"key":"Happy Flower"},{"floor":26,"key":"Mummified Hand"},{"floor":38,"key":"StoneCalendar"},{"floor":39,"key":"Blue Candle"},{"floor":40,"key":"Boot"},{"floor":42,"key":"Singing Bowl"}],"event_choices":[{"damage_healed":0.0,"max_hp_gain":5.0,"max_hp_loss":0.0,"gold_gain":0.0,"event_name":"Big Fish","player_choice":"Donut","floor":7.0,"gold_loss":0.0,"damage_taken":0.0},{"damage_healed":0.0,"max_hp_gain":0.0,"max_hp_loss":0.0,"gold_gain":0.0,"event_name":"Scrap Ooze","player_choice":"Fled","floor":13.0,"gold_loss":0.0,"damage_taken":0.0},{"damage_healed":0,"gold_gain":0,"player_choice":"1 cards matched","damage_taken":0,"max_hp_gain":0,"max_hp_loss":0,"event_name":"Match and Keep!","floor":19,"gold_loss":0,"cards_obtained":["Impatience"]},{"damage_healed":0,"gold_gain":0,"player_choice":"Opened","damage_taken":0,"relics_obtained":["Bag of Marbles"],"max_hp_gain":0,"max_hp_loss":0,"event_name":"The Mausoleum","floor":24,"gold_loss":0},{"damage_healed":0,"gold_gain":0,"player_choice":"Obtained Relic","damage_taken":0,"relics_obtained":["PreservedInsect"],"max_hp_gain":0,"max_hp_loss":0,"event_name":"Addict","floor":27,"gold_loss":85},{"damage_healed":0,"gold_gain":0,"player_choice":"Fight","damage_taken":0,"max_hp_gain":0,"max_hp_loss":0,"event_name":"Mysterious Sphere","floor":38,"gold_loss":0},{"damage_healed":0,"gold_gain":0,"player_choice":"Ignored","damage_taken":0,"max_hp_gain":0,"max_hp_loss":0,"event_name":"Tomb of Lord Red Mask","floor":44,"gold_loss":0}],"is_beta":false,"boss_relics":[{"not_picked":["Snecko Eye","HoveringKite"],"picked":"Sozu"},{"not_picked":["Astrolabe","Coffee Dripper"],"picked":"Pandora\u0027s Box"}],"items_purged_floors":[],"is_endless":false,"potions_floor_spawned":[1,4,11,12,14,16,22,29,33,36,42],"ascension_level":0}