{"path_per_floor":["M","?","?","?","M","R","E","M","T","M","M","?","E","?","R"],"character_chosen":"IRONCLAD","items_purchased":[],"gold_per_floor":[113,113,113,188,204,204,239,256,256,267,287,287,348,378,378,378],"floor_reached":16,"campfire_rested":0,"playtime":1010,"current_hp_per_floor":[80,80,85,74,80,80,85,74,84,76,71,71,48,48,48,0],"items_purged":[],"gold":378,"score":160,"play_id":"19ef92b4-ea03-4575-ae6c-688582dff7d8","local_time":"20180501000512","is_prod":false,"is_daily":false,"chose_seed":false,"is_ascension_mode":false,"campfire_upgraded":2,"timestamp":1525147512,"path_taken":["M","?","?","?","M","R","E","?","T","M","M","?","E","?","R","BOSS"],"build_version":"2018-04-28v2","seed_source_timestamp":1656379731867462,"purchased_purges":0,"victory":false,"master_deck":["Strike_R","Strike_R","Strike_R","Strike_R","Defend_R","Defend_R","Defend_R","Defend_R","Bash","Burning Pact+1","Decay","Pommel Strike","Seeing Red","Body Slam+1","Pommel Strike","Shrug It Off","Impervious","Feed"],"max_hp_per_floor":[80,80,85,85,85,85,85,85,95,95,95,95,95,95,95,95],"relics":["Burning Blood","NeowsBlessing","Ancient Tea Set","Pear","Tiny Chest"],"card_choices":[{"not_picked":["Clash","Armaments"],"picked":"Burning Pact","floor":1},{"not_picked":["Combust","Clothesline"],"picked":"Pommel Strike","floor":5},{"not_picked":["True Grit","Warcry"],"picked":"Seeing Red","floor":7},{"not_picked":["Sword Boomerang","Hemokinesis"],"picked":"Body Slam","floor":8},{"not_picked":["Berserk","Perfected Strike"],"picked":"Pommel Strike","floor":10},{"not_picked":["Sever Soul","Warcry"],"picked":"Shrug It Off","floor":11},{"not_picked":["Clothesline","Sword Boomerang"],"picked":"Feed","floor":13}],"player_experience":51109,"potions_floor_usage":[16,16,16],"damage_taken":[{"damage":0,"enemies":"Jaw Worm","floor":1,"turns":1},{"damage":0,"enemies":"Cultist","floor":5,"turns":1},{"damage":0,"enemies":"Lagavulin","floor":7,"turns":1},{"damage":17,"enemies":"Small Slimes","floor":8,"turns":4},{"damage":14,"enemies":"2 Fungi Beasts","floor":10,"turns":5},{"damage":11,"enemies":"Blue Slaver","floor":11,"turns":4},{"damage":29,"enemies":"Gremlin Nob","floor":13,"turns":5},{"damage":64,"enemies":"Slime Boss","floor":16,"turns":10}],"event_choices":[{"event_name":"Wheel of Change","player_choice":"Curse","floor":2,"damage_taken":0},{"event_name":"Big Fish","player_choice":"Donut","floor":3,"damage_taken":0},{"event_name":"World of Goop","player_choice":"Gather Gold","floor":4,"damage_taken":0},{"event_name":"Transmorgrifier","player_choice":"Transform","floor":12,"damage_taken":0},{"event_name":"Dead Adventurer","player_choice":"Searched \u00271\u0027 times","floor":14,"damage_taken":0}],"boss_relics":[],"potions_floor_spawned":[7,10,13],"seed_played":"3678538911449038307","killed_by":"Slime Boss","ascension_level":0,"is_trial":false}