{"gold_per_floor":[112,34,54,70,70,104,104,138,138,138],"floor_reached":10,"playtime":1273,"items_purged":[],"score":124,"play_id":"7979a43f-57be-4726-92fd-f357f2576e2b","local_time":"20190528234941","is_ascension_mode":true,"campfire_choices":[{"floor":7.0,"key":"REST"}],"neow_cost":"PERCENT_DAMAGE","seed_source_timestamp":1944908719634319,"circlet_count":0,"master_deck":["Strike_R","Strike_R","Strike_R","Strike_R","Strike_R","Defend_R","Defend_R","Defend_R","Bash","Shrug It Off","Entrench","Shrug It Off","Thunderclap","Burning Pact","Bloodletting+1"],"special_seed":0,"relics":["Burning Blood","FossilizedHelix","Toxic Egg 2","Frozen Egg 2"],"potions_floor_usage":[10],"damage_taken":[{"damage":0.0,"enemies":"2 Louse","floor":1.0,"turns":4.0},{"damage":2.0,"enemies":"Small Slimes","floor":3.0,"turns":5.0},{"damage":0.0,"enemies":"Jaw Worm","floor":4.0,"turns":5.0},{"damage":62.0,"enemies":"Lagavulin","floor":6.0,"turns":9.0},{"damage":42.0,"enemies":"Gremlin Nob","floor":8.0,"turns":6.0},{"damage":33,"enemies":"Lagavulin","floor":10,"turns":7}],"seed_played":"-8299731086336393225","potions_obtained":[{"floor":6.0,"key":"SpeedPotion"}],"is_trial":false,"path_per_floor":["M","$","M","M","?","E","R","E","T","E"],"character_chosen":"IRONCLAD","items_purchased":["Entrench"],"campfire_rested":1,"item_purchase_floors":[2],"current_hp_per_floor":[73,73,77,83,83,27,55,19,19,0],"gold":138,"neow_bonus":"TWENTY_PERCENT_HP_BONUS","is_prod":false,"is_daily":false,"chose_seed":false,"campfire_upgraded":0,"win_rate":0,"timestamp":1559101781,"path_taken":["M","$","M","M","?","E","R","E","T","E"],"build_version":"2019-01-23","purchased_purges":0,"victory":false,"max_hp_per_floor":[96,96,96,96,96,96,96,96,96,96],"card_choices":[{"not_picked":["Clothesline","Sever Soul"],"picked":"Shrug It Off","floor":1.0},{"not_picked":["Clash","Anger"],"picked":"Shrug It Off","floor":3.0},{"not_picked":["Twin Strike","Havoc"],"picked":"Thunderclap","floor":4.0},{"not_picked":["Heavy Blade","Havoc"],"picked":"Burning Pact","floor":6.0},{"not_picked":["Carnage","Clothesline"],"picked":"Bloodletting","floor":8.0}],"player_experience":286515,"relics_obtained":[{"floor":6.0,"key":"FossilizedHelix"},{"floor":8.0,"key":"Toxic Egg 2"},{"floor":9.0,"key":"Frozen Egg 2"}],"event_choices":[{"cards_removed":["Defend_R"],"damage_healed":0.0,"max_hp_gain":0.0,"max_hp_loss":0.0,"gold_gain":0.0,"event_name":"Living Wall","player_choice":"Forget","floor":5.0,"gold_loss":0.0,"damage_taken":0.0}],"is_beta":false,"boss_relics":[],"items_purged_floors":[],"is_endless":false,"potions_floor_spawned":[6],"killed_by":"Lagavulin","ascension_level":6}