{"gold_per_floor":[114,114,114,65,65,65,85,106,106,281,301,325,350,389,389,389],"floor_reached":16,"playtime":1395,"items_purged":[],"score":102,"play_id":"6c53aac5-bd07-4044-b09e-04e91825b8a7","local_time":"20190117011746","is_ascension_mode":false,"campfire_choices":[{"data":"Warcry","floor":6,"key":"SMITH"},{"floor":15,"key":"REST"}],"neow_cost":"NONE","seed_source_timestamp":617726650885206,"circlet_count":0,"master_deck":["Strike_R","Strike_R","Strike_R","Strike_R","Defend_R","Defend_R","Defend_R","Defend_R","Bash","Flex","Heavy Blade","Warcry+1","Warcry","Thunderclap","Doubt","Flex","Pommel Strike","Heavy Blade+1"],"relics":["Burning Blood","Golden Idol","Molten Egg 2"],"potions_floor_usage":[16,16,16],"damage_taken":[{"damage":5,"enemies":"2 Louse","floor":1,"turns":3},{"damage":3,"enemies":"Jaw Worm","floor":7,"turns":4},{"damage":0,"enemies":"Small Slimes","floor":8,"turns":3},{"damage":20,"enemies":"Exordium Wildlife","floor":11,"turns":6},{"damage":0,"enemies":"Looter","floor":12,"turns":3},{"damage":14,"enemies":"Lots of Slimes","floor":13,"turns":6},{"damage":23,"enemies":"Gremlin Nob","floor":14,"turns":4},{"damage":82,"enemies":"Slime Boss","floor":16,"turns":10}],"seed_played":"99747148265194178","potions_obtained":[{"floor":12,"key":"Regen Potion"},{"floor":13,"key":"BloodPotion"},{"floor":14,"key":"Poison Potion"}],"is_trial":false,"path_per_floor":["M","?","?","$","?","R","M","M","T","?","M","M","M","E","R","B"],"character_chosen":"IRONCLAD","items_purchased":["Warcry"],"campfire_rested":1,"item_purchase_floors":[4],"current_hp_per_floor":[80,60,53,53,79,79,80,80,80,80,66,72,64,47,71,11],"gold":389,"neow_bonus":"THREE_CARDS","is_prod":false,"is_daily":false,"chose_seed":false,"campfire_upgraded":1,"win_rate":0,"timestamp":1547709466,"path_taken":["M","?","?","$","?","R","M","M","T","?","M","?","M","E","R","BOSS"],"build_version":"2019-01-10","purchased_purges":0,"victory":false,"max_hp_per_floor":[80,80,80,80,80,80,80,80,80,80,80,80,80,80,80,80],"card_choices":[{"not_picked":["Twin Strike","Shrug It Off"],"picked":"Flex","floor":0},{"not_picked":["Perfected Strike","Twin Strike"],"picked":"Heavy Blade","floor":1},{"not_picked":["Heavy Blade","Armaments"],"picked":"Warcry","floor":7},{"not_picked":["Wild Strike","Exhume"],"picked":"Thunderclap","floor":8},{"not_picked":["Rampage","Blood for Blood"],"picked":"Flex","floor":11},{"not_picked":["Feel No Pain","Headbutt","Spot Weakness"],"picked":"SKIP","floor":12},{"not_picked":["Body Slam","Flex"],"picked":"Pommel Strike","floor":13},{"not_picked":["Searing Blow","Reckless Charge"],"picked":"Heavy Blade","floor":14}],"player_experience":92780,"relics_obtained":[{"floor":14,"key":"Molten Egg 2"}],"event_choices":[{"damage_healed":0,"gold_gain":0,"player_choice":"Take Damage","damage_taken":20,"relics_obtained":["Golden Idol"],"max_hp_gain":0,"max_hp_loss":0,"event_name":"Golden Idol","floor":2,"gold_loss":0},{"cards_removed":["Strike_R"],"damage_healed":0,"gold_gain":0,"player_choice":"Card Removal","damage_taken":7,"max_hp_gain":0,"max_hp_loss":0,"event_name":"Golden Wing","floor":3,"gold_loss":0},{"damage_healed":26,"gold_gain":0,"player_choice":"Banana","damage_taken":0,"max_hp_gain":0,"max_hp_loss":0,"event_name":"Big Fish","floor":5,"gold_loss":0},{"damage_healed":0,"gold_gain":175,"player_choice":"AGREE","damage_taken":0,"max_hp_gain":0,"max_hp_loss":0,"event_name":"Liars Game","floor":10,"gold_loss":0,"cards_obtained":["Doubt"]}],"is_beta":false,"boss_relics":[],"items_purged_floors":[],"is_endless":false,"potions_floor_spawned":[12,13,14],"killed_by":"Slime Boss","ascension_level":0}