{"gold_per_floor":[109,121,136,33,108,108,137,137,137,166,177,187,187,201,201,301,301,313,297,309,19,37,67,67,67,67,67,86,117,133,133],"floor_reached":31,"playtime":4445,"items_purged":["Decay"],"score":419,"play_id":"7eec486e-017b-4d0d-afb6-34239511fa25","local_time":"20190528174414","is_ascension_mode":true,"campfire_choices":[{"data":"Neutralize","floor":6.0,"key":"SMITH"},{"floor":13.0,"key":"DIG"},{"floor":15.0,"key":"DIG"},{"floor":24,"key":"DIG"},{"floor":27,"key":"DIG"}],"neow_cost":"NONE","seed_source_timestamp":823832659576414,"circlet_count":0,"master_deck":["Defend_G+1","Defend_G+1","Defend_G+1","Defend_G+1","Defend_G+1","Strike_G+1","Strike_G+1","Strike_G+1","Strike_G+1","Strike_G+1","Survivor","Neutralize+1","Deadly Poison","Backflip+1","Backstab","Noxious Fumes","Leg Sweep","Blur","Deadly Poison","After Image","Terror+1","Wraith Form v2","Footwork+1","Well Laid Plans","Footwork+1","Malaise","Cloak And Dagger","Dodge and Roll","Bullet Time"],"special_seed":0,"relics":["Ring of the Snake","FossilizedHelix","Shovel","Question Card","Meat on the Bone","Shuriken","Runic Dome","Strawberry","War Paint","Happy Flower","Bottled Tornado","Molten Egg 2","Orichalcum"],"potions_floor_usage":[31],"damage_taken":[{"damage":0.0,"enemies":"Cultist","floor":1.0,"turns":4.0},{"damage":0.0,"enemies":"Small Slimes","floor":2.0,"turns":4.0},{"damage":0.0,"enemies":"Jaw Worm","floor":3.0,"turns":6.0},{"damage":18.0,"enemies":"Lagavulin","floor":7.0,"turns":8.0},{"damage":12.0,"enemies":"Gremlin Nob","floor":10.0,"turns":5.0},{"damage":0.0,"enemies":"Exordium Wildlife","floor":11.0,"turns":5.0},{"damage":0.0,"enemies":"Large Slime","floor":12.0,"turns":5.0},{"damage":0.0,"enemies":"2 Fungi Beasts","floor":14.0,"turns":5.0},{"damage":14.0,"enemies":"Hexaghost","floor":16.0,"turns":11.0},{"damage":8.0,"enemies":"3 Byrds","floor":18.0,"turns":8.0},{"damage":0.0,"enemies":"2 Thieves","floor":19.0,"turns":4.0},{"damage":39.0,"enemies":"3 Cultists","floor":20.0,"turns":8.0},{"damage":0.0,"enemies":"Centurion and Healer","floor":22.0,"turns":10.0},{"damage":24,"enemies":"Slavers","floor":23,"turns":10},{"damage":0,"enemies":"Shelled Parasite and Fungi","floor":28,"turns":7},{"damage":42,"enemies":"Gremlin Leader","floor":29,"turns":9},{"damage":1,"enemies":"3 Cultists","floor":30,"turns":7},{"damage":36,"enemies":"Slavers","floor":31,"turns":4}],"seed_played":"-112040673501291601","potions_obtained":[{"floor":2.0,"key":"Weak Potion"},{"floor":7.0,"key":"Weak Potion"},{"floor":11.0,"key":"Weak Potion"},{"floor":12.0,"key":"Regen Potion"},{"floor":14.0,"key":"Energy Potion"},{"floor":18.0,"key":"Energy Potion"},{"floor":20.0,"key":"SneckoOil"},{"floor":29,"key":"SpeedPotion"},{"floor":30,"key":"Strength Potion"}],"is_trial":false,"path_per_floor":["M","M","M","$","?","R","E","?","T","E","M","M","R","M","R","B",null,"M","M","M","$","M","E","R","?","T","R","M","E","M","E"],"character_chosen":"THE_SILENT","items_purchased":["Noxious Fumes","Leg Sweep","Well Laid Plans","Strawberry"],"campfire_rested":0,"item_purchase_floors":[4,4,21,21],"current_hp_per_floor":[70,70,70,70,59,59,41,41,41,29,29,29,29,41,41,39,68,60,72,45,52,52,40,40,40,40,40,52,22,33,0],"gold":133,"neow_bonus":"TEN_PERCENT_HP_BONUS","is_prod":false,"is_daily":false,"chose_seed":false,"campfire_upgraded":1,"win_rate":0,"timestamp":1559045654,"path_taken":["M","M","M","$","?","R","E","?","T","E","M","M","R","?","R","BOSS","M","?","?","$","M","E","R","?","T","R","M","E","M","E"],"build_version":"2019-01-23","purchased_purges":1,"victory":false,"max_hp_per_floor":[77,77,77,77,77,77,77,77,77,77,77,77,77,77,77,77,77,77,77,77,84,84,84,84,84,84,84,84,84,84,84],"card_choices":[{"not_picked":["Dodge and Roll","Blade Dance"],"picked":"Deadly Poison","floor":1.0},{"not_picked":["Expertise","Quick Slash"],"picked":"Backflip","floor":2.0},{"not_picked":["Calculated Gamble","Infinite Blades"],"picked":"Backstab","floor":3.0},{"not_picked":["Terror","Choke"],"picked":"Blur","floor":7.0},{"not_picked":["Outmaneuver","Masterful Stab"],"picked":"Deadly Poison","floor":10.0},{"not_picked":["Backflip","Blur","Predator"],"picked":"After Image","floor":11.0},{"not_picked":["Concentrate","Acrobatics","Prepared","Deflect"],"picked":"SKIP","floor":12.0},{"not_picked":["Leg Sweep","Calculated Gamble","Bane"],"picked":"Terror","floor":14.0},{"not_picked":["Glass Knife","Burst","Storm of Steel"],"picked":"Wraith Form v2","floor":16.0},{"not_picked":["Outmaneuver","Slice","Terror+1","Dodge and Roll"],"picked":"SKIP","floor":18.0},{"not_picked":["Bane+1","Slice+1","Glass Knife"],"picked":"Footwork+1","floor":19.0},{"not_picked":["Accuracy","Concentrate","Acrobatics","Bane+1"],"picked":"SKIP","floor":20.0},{"not_picked":["Deflect","Expertise","Endless Agony"],"picked":"Footwork+1","floor":22.0},{"not_picked":["Blur","Tactician","Deflect"],"picked":"Malaise","floor":23},{"not_picked":["Dagger Throw+1","Eviscerate+1","Expertise+1"],"picked":"Cloak And Dagger","floor":28},{"not_picked":["Quick Slash+1","Accuracy","Backflip+1"],"picked":"Dodge and Roll","floor":29},{"not_picked":["Cloak And Dagger","Acrobatics","Eviscerate+1"],"picked":"Bullet Time","floor":30}],"player_experience":881871,"relics_obtained":[{"floor":7.0,"key":"FossilizedHelix"},{"floor":9.0,"key":"Shovel"},{"floor":10.0,"key":"Question Card"},{"floor":13.0,"key":"Meat on the Bone"},{"floor":15.0,"key":"Shuriken"},{"floor":23,"key":"War Paint"},{"floor":24,"key":"Happy Flower"},{"floor":26,"key":"Bottled Tornado"},{"floor":27,"key":"Molten Egg 2"},{"floor":29,"key":"Orichalcum"}],"event_choices":[{"damage_healed":0.0,"max_hp_gain":0.0,"max_hp_loss":0.0,"gold_gain":75.0,"event_name":"World of Goop","player_choice":"Gather Gold","floor":5.0,"gold_loss":0.0,"damage_taken":11.0},{"damage_healed":0.0,"max_hp_gain":0.0,"max_hp_loss":0.0,"gold_gain":0.0,"event_name":"Wheel of Change","player_choice":"Cursed","floor":8.0,"gold_loss":0.0,"damage_taken":0.0,"cards_obtained":["Decay"]},{"damage_healed":0,"gold_gain":0,"player_choice":"Simplicity","damage_taken":0,"max_hp_gain":0,"max_hp_loss":0,"event_name":"Back to Basics","floor":25,"gold_loss":0,"cards_upgraded":["Defend_G","Defend_G","Defend_G","Defend_G","Defend_G","Strike_G","Strike_G","Strike_G","Strike_G","Strike_G"]}],"is_beta":false,"boss_relics":[{"not_picked":["Lizard Tail","White Beast Statue"],"picked":"Runic Dome"}],"items_purged_floors":[21],"is_endless":false,"potions_floor_spawned":[2,7,11,12,14,18,20,29,30],"killed_by":"Slavers","ascension_level":9}