{"gold_per_floor":[110,110,124,43,61,61,72,97,97,97,113,33,33,68,68,165,165,180,180,195,215,215,231,231,76,100,100,115,128,157,169,169,271,271,291,304,204,214,214,214,247,247,320,420,436,468,468,516,516,516],"floor_reached":50,"playtime":3185,"items_purged":["Strike_R","Strike_R"],"score":557,"play_id":"e01e23e7-3b2b-4ff0-b7d3-2c7ec90961b7","local_time":"20190529224252","is_ascension_mode":false,"campfire_choices":[{"data":"Pommel Strike","floor":6.0,"key":"SMITH"},{"data":"Inflame","floor":10.0,"key":"SMITH"},{"data":"Armaments","floor":15.0,"key":"SMITH"},{"data":"Double Tap","floor":24.0,"key":"SMITH"},{"floor":32.0,"key":"RECALL"},{"data":"Demon Form","floor":40.0,"key":"SMITH"},{"data":"Sword Boomerang","floor":42.0,"key":"SMITH"},{"data":"Heavy Blade","floor":47.0,"key":"SMITH"},{"data":"True Grit","floor":49.0,"key":"SMITH"}],"neow_cost":"TEN_PERCENT_HP_LOSS","seed_source_timestamp":1134639987059300,"circlet_count":0,"master_deck":["Strike_R","Strike_R","Defend_R","Defend_R","Defend_R","Bash","Pommel Strike+1","True Grit+1","Dropkick","Spot Weakness","Inflame+1","Ghostly Armor","Armaments+1","Cleave","Double Tap+1","Thunderclap","Twin Strike","Evolve","Fire Breathing","Sword Boomerang+1","Demon Form+1","Sword Boomerang+1","Feel No Pain+1","Heavy Blade+1","Heavy Blade+1","Shrug It Off+1"],"special_seed":0,"relics":["Black Blood","Turnip","Mummified Hand","Meat on the Bone","Coffee Dripper","Enchiridion","Gremlin Horn","Singing Bowl","Darkstone Periapt","Gambling Chip","Oddly Smooth Stone","Magic Flower"],"potions_floor_usage":[50,50,50],"damage_taken":[{"damage":0.0,"enemies":"Small Slimes","floor":1.0,"turns":3.0},{"damage":1.0,"enemies":"Cultist","floor":3.0,"turns":3.0},{"damage":0.0,"enemies":"Jaw Worm","floor":5.0,"turns":3.0},{"damage":1.0,"enemies":"3 Louse","floor":7.0,"turns":4.0},{"damage":29.0,"enemies":"3 Sentries","floor":8.0,"turns":8.0},{"damage":0.0,"enemies":"Large Slime","floor":11.0,"turns":4.0},{"damage":10.0,"enemies":"Lagavulin","floor":14.0,"turns":6.0},{"damage":39.0,"enemies":"Hexaghost","floor":16.0,"turns":7.0},{"damage":12.0,"enemies":"2 Thieves","floor":18.0,"turns":3.0},{"damage":7.0,"enemies":"Spheric Guardian","floor":20.0,"turns":3.0},{"damage":18.0,"enemies":"Centurion and Healer","floor":21.0,"turns":4.0},{"damage":3.0,"enemies":"Shelled Parasite and Fungi","floor":23.0,"turns":3.0},{"damage":6.0,"enemies":"3 Cultists","floor":28.0,"turns":3.0},{"damage":14.0,"enemies":"Cultist and Chosen","floor":29.0,"turns":3.0},{"damage":20.0,"enemies":"Slavers","floor":30.0,"turns":5.0},{"damage":23.0,"enemies":"Centurion and Healer","floor":31.0,"turns":4.0},{"damage":33.0,"enemies":"Automaton","floor":33.0,"turns":6.0},{"damage":43.0,"enemies":"3 Darklings","floor":35.0,"turns":4.0},{"damage":10.0,"enemies":"Orb Walker","floor":36.0,"turns":2.0},{"damage":36.0,"enemies":"Writhing Mass","floor":38.0,"turns":4.0},{"damage":23.0,"enemies":"Giant Head","floor":41.0,"turns":6.0},{"damage":19.0,"enemies":"Mind Bloom Boss Battle","floor":44.0,"turns":4.0},{"damage":4.0,"enemies":"Transient","floor":45.0,"turns":5.0},{"damage":0.0,"enemies":"Reptomancer","floor":46.0,"turns":2.0},{"damage":44.0,"enemies":"2 Orb Walkers","floor":48.0,"turns":4.0},{"damage":32,"enemies":"Donu and Deca","floor":50,"turns":5}],"seed_played":"3375752852845732037","potions_obtained":[{"floor":1.0,"key":"FearPotion"},{"floor":3.0,"key":"EssenceOfSteel"},{"floor":8.0,"key":"Explosive Potion"},{"floor":16.0,"key":"EntropicBrew"},{"floor":21.0,"key":"Swift Potion"},{"floor":29.0,"key":"FearPotion"},{"floor":30.0,"key":"SkillPotion"},{"floor":35.0,"key":"GamblersBrew"},{"floor":36.0,"key":"Strength Potion"},{"floor":44.0,"key":"EssenceOfSteel"},{"floor":45.0,"key":"AttackPotion"},{"floor":48.0,"key":"EssenceOfSteel"}],"is_trial":false,"path_per_floor":["M","?","M","$","M","R","M","E","T","R","M","$","?","E","R","B",null,"M","?","M","M","?","M","R","$","T","?","M","M","E","M","R","B",null,"M","M","$","M","?","R","E","R","T","?","M","E","R","?","R","B"],"character_chosen":"IRONCLAD","items_purchased":["Dropkick","Combust","Evolve"],"campfire_rested":0,"item_purchase_floors":[4,12,25],"current_hp_per_floor":[72,72,72,72,72,72,72,49,49,49,55,55,60,56,56,35,77,71,71,70,58,42,45,45,45,45,45,45,49,47,42,42,27,77,56,56,56,42,42,42,41,41,41,46,52,64,64,42,42,10],"gold":516,"neow_bonus":"REMOVE_TWO","is_prod":false,"is_daily":false,"chose_seed":false,"campfire_upgraded":8,"win_rate":0,"timestamp":1559187772,"path_taken":["M","?","M","$","M","R","M","E","T","R","?","?","?","E","R","BOSS","M","?","M","M","?","M","R","$","T","?","M","M","E","M","R","BOSS","M","M","$","M","?","R","E","R","T","?","M","E","R","?","R","BOSS"],"build_version":"2019-01-23","purchased_purges":2,"victory":false,"max_hp_per_floor":[72,72,72,72,72,72,72,72,72,72,72,72,77,77,77,77,77,77,77,77,77,77,77,77,77,77,77,77,77,77,77,77,77,77,77,77,77,77,77,77,77,77,77,79,79,81,81,81,81,81],"card_choices":[{"not_picked":["Feel No Pain","Headbutt"],"picked":"Pommel Strike","floor":1.0},{"not_picked":["Body Slam","Reckless Charge"],"picked":"True Grit","floor":3.0},{"not_picked":["Warcry","Pommel Strike"],"picked":"Spot Weakness","floor":5.0},{"not_picked":["Disarm","Anger"],"picked":"Inflame","floor":7.0},{"not_picked":["Bludgeon","Pummel"],"picked":"Ghostly Armor","floor":8.0},{"not_picked":["Pommel Strike","Thunderclap"],"picked":"Armaments","floor":11.0},{"not_picked":["Havoc","Pommel Strike"],"picked":"Cleave","floor":14.0},{"not_picked":["Feed","Offering"],"picked":"Double Tap","floor":16.0},{"not_picked":["Iron Wave+1","True Grit","Pommel Strike"],"picked":"SKIP","floor":18.0},{"not_picked":["Searing Blow","Headbutt"],"picked":"Thunderclap","floor":20.0},{"not_picked":["Body Slam","Offering","Flex"],"picked":"SKIP","floor":21.0},{"not_picked":["Clothesline","Sentinel"],"picked":"Twin Strike","floor":23.0},{"not_picked":["Thunderclap","Iron Wave+1"],"picked":"Fire Breathing","floor":28.0},{"not_picked":["Dark Embrace","Iron Wave+1","Shockwave+1"],"picked":"SKIP","floor":29.0},{"not_picked":["Iron Wave","Searing Blow+1"],"picked":"Sword Boomerang","floor":30.0},{"not_picked":["Battle Trance","Evolve","Havoc+1"],"picked":"SKIP","floor":31.0},{"not_picked":["Fiend Fire","Barricade"],"picked":"Demon Form","floor":33.0},{"not_picked":["Disarm+1","Clash+1"],"picked":"Sword Boomerang+1","floor":35.0},{"not_picked":["Pummel","True Grit"],"picked":"Feel No Pain+1","floor":36.0},{"not_picked":["Clothesline","Anger","Spot Weakness"],"picked":"SKIP","floor":38.0},{"not_picked":["Shrug It Off+1","Whirlwind+1"],"picked":"Heavy Blade+1","floor":41.0},{"not_picked":["Havoc","Warcry","Feel No Pain+1"],"picked":"Singing Bowl","floor":44.0},{"not_picked":["Disarm","Headbutt"],"picked":"Heavy Blade","floor":45.0},{"not_picked":["Exhume","Intimidate","Evolve"],"picked":"Singing Bowl","floor":46.0},{"not_picked":["Sword Boomerang+1","Flex"],"picked":"Shrug It Off+1","floor":48.0}],"player_experience":286767,"relics_obtained":[{"floor":8.0,"key":"Turnip"},{"floor":9.0,"key":"Mummified Hand"},{"floor":14.0,"key":"Meat on the Bone"},{"floor":22.0,"key":"Enchiridion"},{"floor":30.0,"key":"Gremlin Horn"},{"floor":41.0,"key":"Singing Bowl"},{"floor":43.0,"key":"Darkstone Periapt"},{"floor":44.0,"key":"Gambling Chip"},{"floor":46.0,"key":"Oddly Smooth Stone"},{"floor":48.0,"key":"Magic Flower"}],"event_choices":[{"damage_healed":0.0,"max_hp_gain":0.0,"max_hp_loss":0.0,"gold_gain":0.0,"event_name":"NoteForYourself","player_choice":"Ignored","floor":2.0,"gold_loss":0.0,"damage_taken":0.0},{"damage_healed":0.0,"max_hp_gain":5.0,"max_hp_loss":0.0,"gold_gain":0.0,"event_name":"Big Fish","player_choice":"Donut","floor":13.0,"gold_loss":0.0,"damage_taken":0.0},{"damage_healed":0.0,"max_hp_gain":0.0,"max_hp_loss":0.0,"gold_gain":0.0,"event_name":"Ghosts","player_choice":"Ignored","floor":19.0,"gold_loss":0.0,"damage_taken":0.0},{"damage_healed":0.0,"max_hp_gain":0.0,"max_hp_loss":0.0,"gold_gain":0.0,"event_name":"Cursed Tome","player_choice":"Obtained Book","floor":22.0,"gold_loss":0.0,"damage_taken":16.0},{"damage_healed":0.0,"max_hp_gain":0.0,"max_hp_loss":0.0,"gold_gain":0.0,"event_name":"Vampires","player_choice":"Ignored","floor":27.0,"gold_loss":0.0,"damage_taken":0.0},{"cards_removed":["Combust"],"damage_healed":0.0,"max_hp_gain":0.0,"max_hp_loss":0.0,"gold_gain":0.0,"event_name":"Falling","player_choice":"Removed Power","floor":39.0,"gold_loss":0.0,"damage_taken":0.0},{"damage_healed":0.0,"max_hp_gain":0.0,"max_hp_loss":0.0,"gold_gain":0.0,"event_name":"MindBloom","player_choice":"Fight","floor":44.0,"gold_loss":0.0,"damage_taken":0.0},{"damage_healed":0.0,"max_hp_gain":0.0,"max_hp_loss":0.0,"gold_gain":0.0,"event_name":"Mysterious Sphere","player_choice":"Fight","floor":48.0,"gold_loss":0.0,"damage_taken":0.0}],"is_beta":false,"boss_relics":[{"not_picked":["Tiny House","Busted Crown"],"picked":"Coffee Dripper"},{"not_picked":["Runic Dome","Orrery"],"picked":"Black Blood"}],"items_purged_floors":[25,37],"is_endless":false,"potions_floor_spawned":[1,3,8,16,18,21,29,30,35,36,44,45,48],"killed_by":"Donu and Deca","ascension_level":0}