{"gold_per_floor":[110,128,144,154,174,202,202,231,231,245,245,256,256,285,285,389,389,406,424,442,453,453,453,333,333,412,432,432,462,219,237,237,338,388,404,1,1,1,16,16,36,48,93,18,33,51,51,63,63,63],"floor_reached":50,"playtime":4909,"items_purged":["Strike_R","Strike_R"],"score":687,"play_id":"ec648e80-d41e-4061-b272-3eaa6ddbbd5c","local_time":"20190531033037","is_ascension_mode":true,"campfire_choices":[{"floor":7.0,"key":"REST"},{"data":"Heavy Blade","floor":11.0,"key":"SMITH"},{"data":"Clothesline","floor":13.0,"key":"SMITH"},{"data":"Pommel Strike","floor":15.0,"key":"SMITH"},{"data":"Shrug It Off","floor":23.0,"key":"SMITH"},{"floor":28.0,"key":"REST"},{"floor":32.0,"key":"REST"},{"data":"True Grit","floor":40.0,"key":"SMITH"},{"floor":47.0,"key":"RECALL"},{"floor":49,"key":"REST"}],"neow_cost":"NONE","seed_source_timestamp":2126614164449895,"circlet_count":0,"master_deck":["Strike_R","Strike_R","Strike_R","Defend_R+1","Defend_R","Defend_R","Defend_R","Bash","Shrug It Off","Metallicize","Cleave+1","Shrug It Off+1","Pommel Strike+1","Demon Form","Thunderclap+1","Heavy Blade+1","Clothesline+1","Double Tap","Sword Boomerang","J.A.X.","True Grit+1","Shrug It Off+1","Cleave+1","Forethought","Rampage+1","True Grit+1"],"special_seed":0,"relics":["Burning Blood","NeowsBlessing","Orichalcum","Bottled Flame","Blue Candle","Busted Crown","Pear","Unceasing Top","Whetstone","Tiny House","Incense Burner","Blood Vial"],"potions_floor_usage":[48],"damage_taken":[{"damage":0.0,"enemies":"Cultist","floor":1.0,"turns":1.0},{"damage":0.0,"enemies":"Small Slimes","floor":2.0,"turns":1.0},{"damage":0.0,"enemies":"Jaw Worm","floor":3.0,"turns":1.0},{"damage":11.0,"enemies":"Exordium Wildlife","floor":4.0,"turns":6.0},{"damage":10.0,"enemies":"Blue Slaver","floor":5.0,"turns":5.0},{"damage":43.0,"enemies":"Gremlin Nob","floor":6.0,"turns":6.0},{"damage":9.0,"enemies":"3 Sentries","floor":8.0,"turns":8.0},{"damage":12.0,"enemies":"Red Slaver","floor":10.0,"turns":5.0},{"damage":0.0,"enemies":"Gremlin Gang","floor":12.0,"turns":1.0},{"damage":5.0,"enemies":"Lagavulin","floor":14.0,"turns":7.0},{"damage":8.0,"enemies":"The Guardian","floor":16.0,"turns":12.0},{"damage":0.0,"enemies":"Spheric Guardian","floor":18.0,"turns":3.0},{"damage":40.0,"enemies":"2 Thieves","floor":19.0,"turns":4.0},{"damage":10.0,"enemies":"3 Cultists","floor":20.0,"turns":5.0},{"damage":8.0,"enemies":"Centurion and Healer","floor":21.0,"turns":8.0},{"damage":30.0,"enemies":"Chosen and Byrds","floor":27.0,"turns":9.0},{"damage":36.0,"enemies":"Gremlin Leader","floor":29.0,"turns":8.0},{"damage":4.0,"enemies":"3 Cultists","floor":31.0,"turns":4.0},{"damage":48.0,"enemies":"Collector","floor":33.0,"turns":7.0},{"damage":49.0,"enemies":"3 Darklings","floor":35.0,"turns":6.0},{"damage":14.0,"enemies":"Orb Walker","floor":39.0,"turns":4.0},{"damage":18.0,"enemies":"4 Shapes","floor":41.0,"turns":8.0},{"damage":3.0,"enemies":"3 Darklings","floor":42.0,"turns":8.0},{"damage":18.0,"enemies":"Transient","floor":45.0,"turns":5.0},{"damage":1.0,"enemies":"4 Shapes","floor":46.0,"turns":5.0},{"damage":16,"enemies":"Spire Growth","floor":48,"turns":7},{"damage":65,"enemies":"Awakened One","floor":50,"turns":3}],"seed_played":"-3834013426868906346","potions_obtained":[{"floor":3.0,"key":"GamblersBrew"},{"floor":8.0,"key":"SteroidPotion"},{"floor":10.0,"key":"Strength Potion"},{"floor":12.0,"key":"Block Potion"},{"floor":16.0,"key":"Energy Potion"},{"floor":19.0,"key":"Poison Potion"},{"floor":27.0,"key":"Ancient Potion"},{"floor":33.0,"key":"Ancient Potion"},{"floor":34.0,"key":"BloodPotion"},{"floor":39.0,"key":"FearPotion"},{"floor":41.0,"key":"Swift Potion"},{"floor":48,"key":"SmokeBomb"}],"is_trial":false,"path_per_floor":["M","M","M","M","M","E","R","E","T","M","R","M","R","E","R","B",null,"M","M","M","M","?","R","$","?","T","M","R","E","$","M","R","B",null,"M","$","?","?","M","R","M","M","T","$","M","M","R","M","R","B"],"character_chosen":"IRONCLAD","items_purchased":["True Grit","Whetstone","Incense Burner","Forethought","Regen Potion"],"campfire_rested":4,"item_purchase_floors":[24,30,36,36,44],"current_hp_per_floor":[78,80,80,75,71,34,58,55,55,49,49,55,55,56,56,54,74,80,46,42,40,40,40,40,40,50,26,53,23,23,25,52,10,75,41,41,41,41,33,33,21,24,24,24,29,36,36,28,56,0],"gold":63,"neow_bonus":"THREE_ENEMY_KILL","is_prod":false,"is_daily":false,"chose_seed":false,"campfire_upgraded":5,"win_rate":0,"timestamp":1559287837,"path_taken":["M","?","M","M","M","E","R","E","T","M","R","M","R","E","R","BOSS","M","M","M","M","?","R","$","?","T","M","R","E","$","?","R","BOSS","M","$","?","?","M","R","M","M","T","?","M","M","R","M","R","BOSS"],"build_version":"2019-01-23","purchased_purges":2,"victory":false,"max_hp_per_floor":[80,80,80,80,80,80,80,80,80,80,80,80,80,80,80,80,80,80,80,80,80,80,80,80,80,90,90,90,90,90,90,90,90,95,95,95,95,95,95,95,95,95,95,95,95,95,95,95,95,95],"card_choices":[{"not_picked":["Havoc","Blood for Blood"],"picked":"Shrug It Off","floor":1.0},{"not_picked":["Perfected Strike","Clash"],"picked":"Metallicize","floor":2.0},{"not_picked":["Heavy Blade","Twin Strike"],"picked":"Cleave","floor":3.0},{"not_picked":["Ghostly Armor","Havoc"],"picked":"Shrug It Off","floor":4.0},{"not_picked":["Iron Wave","Armaments"],"picked":"Pommel Strike","floor":5.0},{"not_picked":["Thunderclap","True Grit"],"picked":"Demon Form","floor":6.0},{"not_picked":["Juggernaut","Ghostly Armor"],"picked":"Thunderclap","floor":8.0},{"not_picked":["Sever Soul","Headbutt"],"picked":"Heavy Blade","floor":10.0},{"not_picked":["Body Slam","Wild Strike"],"picked":"Clothesline","floor":12.0},{"not_picked":["Warcry","Combust"],"picked":"Double Tap","floor":14.0},{"not_picked":["Berserk","Impervious"],"picked":"Limit Break","floor":16.0},{"not_picked":["Flex"],"picked":"SKIP","floor":18.0},{"not_picked":["Heavy Blade"],"picked":"SKIP","floor":19.0},{"not_picked":["Dual Wield"],"picked":"SKIP","floor":20.0},{"not_picked":[],"picked":"Sword Boomerang","floor":21.0},{"not_picked":["Dropkick"],"picked":"SKIP","floor":27.0},{"not_picked":["Seeing Red"],"picked":"SKIP","floor":29.0},{"not_picked":[],"picked":"Cleave+1","floor":31.0},{"not_picked":["Corruption"],"picked":"SKIP","floor":35.0},{"not_picked":["Pommel Strike"],"picked":"SKIP","floor":39.0},{"not_picked":["Entrench+1"],"picked":"SKIP","floor":41.0},{"not_picked":["Cleave"],"picked":"SKIP","floor":42.0},{"not_picked":["Sword Boomerang+1"],"picked":"SKIP","floor":45.0},{"not_picked":[],"picked":"Rampage+1","floor":46.0},{"not_picked":[],"picked":"True Grit+1","floor":48}],"player_experience":339659,"relics_obtained":[{"floor":6.0,"key":"Orichalcum"},{"floor":8.0,"key":"Bottled Flame"},{"floor":14.0,"key":"Blue Candle"},{"floor":26.0,"key":"Pear"},{"floor":29.0,"key":"Unceasing Top"},{"floor":43.0,"key":"Blood Vial"}],"event_choices":[{"damage_healed":0.0,"max_hp_gain":0.0,"max_hp_loss":0.0,"gold_gain":0.0,"event_name":"Drug Dealer","player_choice":"Obtain J.A.X.","floor":22.0,"gold_loss":0.0,"damage_taken":0.0,"cards_obtained":["J.A.X."]},{"damage_healed":0.0,"max_hp_gain":0.0,"max_hp_loss":0.0,"gold_gain":0.0,"event_name":"Duplicator","player_choice":"Copied","floor":25.0,"gold_loss":0.0,"damage_taken":0.0,"cards_obtained":["Shrug It Off"]},{"damage_healed":0.0,"max_hp_gain":0.0,"max_hp_loss":0.0,"gold_gain":0.0,"event_name":"SensoryStone","player_choice":"Memory 1","floor":37.0,"gold_loss":0.0,"damage_taken":0.0},{"cards_removed":["Limit Break"],"damage_healed":0.0,"max_hp_gain":0.0,"max_hp_loss":0.0,"gold_gain":0.0,"event_name":"Falling","player_choice":"Removed Skill","floor":38.0,"gold_loss":0.0,"damage_taken":0.0}],"is_beta":false,"boss_relics":[{"not_picked":["Philosopher\u0027s Stone","Orrery"],"picked":"Busted Crown"},{"not_picked":["Fusion Hammer","White Beast Statue"],"picked":"Tiny House"}],"items_purged_floors":[24,30],"is_endless":false,"potions_floor_spawned":[3,8,10,12,16,19,27,33,39,41,48],"killed_by":"Awakened One","ascension_level":7}