{"gold_per_floor":[116,69,83,83,101,101,122,297,297,313,336,351,351,374,374,503,503,517,243,258,271,271,271,271,271,271,289,289,289,41,41,41,41],"floor_reached":33,"playtime":2293,"items_purged":["Doubt"],"score":239,"play_id":"4e1d8ef4-e455-41c3-90f5-0fd88d028a8f","local_time":"20190506181052","is_ascension_mode":false,"campfire_choices":[{"data":"Cloak And Dagger","floor":6.0,"key":"SMITH"},{"data":"Cloak And Dagger","floor":15.0,"key":"SMITH"},{"data":"Cloak And Dagger","floor":23.0,"key":"SMITH"},{"data":"Burst","floor":25.0,"key":"SMITH"},{"data":"Blade Dance","floor":28.0,"key":"SMITH"},{"floor":32.0,"key":"REST"}],"neow_cost":"NONE","seed_source_timestamp":0,"circlet_count":0,"master_deck":["Defend_G","Defend_G","Defend_G","Defend_G","Defend_G","Strike_G","Strike_G","Strike_G","Strike_G","Strike_G","Survivor","Neutralize","Well Laid Plans","Cloak And Dagger+1","Cloak And Dagger+1","Cloak And Dagger+1","Flying Knee","Outmaneuver","Underhanded Strike","Burst+1","Blade Dance+1","Flying Knee","Slice","Infinite Blades","RitualDagger"],"special_seed":0,"relics":["Ring of the Snake","Juzu Bracelet","Golden Idol","Turnip","FossilizedHelix","WristBlade","Omamori","Happy Flower","FaceOfCleric","Regal Pillow","Membership Card"],"potions_floor_usage":[],"damage_taken":[{"damage":5.0,"enemies":"Cultist","floor":1.0,"turns":5.0},{"damage":0.0,"enemies":"2 Louse","floor":3.0,"turns":3.0},{"damage":1.0,"enemies":"Jaw Worm","floor":5.0,"turns":5.0},{"damage":0.0,"enemies":"Looter","floor":7.0,"turns":4.0},{"damage":2.0,"enemies":"Exordium Thugs","floor":10.0,"turns":8.0},{"damage":0.0,"enemies":"Lots of Slimes","floor":11.0,"turns":4.0},{"damage":0.0,"enemies":"Exordium Wildlife","floor":12.0,"turns":3.0},{"damage":0.0,"enemies":"Blue Slaver","floor":14.0,"turns":5.0},{"damage":57.0,"enemies":"The Guardian","floor":16.0,"turns":15.0},{"damage":0.0,"enemies":"Spheric Guardian","floor":18.0,"turns":4.0},{"damage":0.0,"enemies":"Chosen","floor":20.0,"turns":5.0},{"damage":11.0,"enemies":"Centurion and Healer","floor":21.0,"turns":7.0},{"damage":8.0,"enemies":"Cultist and Chosen","floor":27.0,"turns":7.0},{"damage":0,"enemies":"Champ","floor":33,"turns":1}],"seed_played":"-6675298826142229028","potions_obtained":[{"floor":1.0,"key":"Fruit Juice"},{"floor":10.0,"key":"GhostInAJar"},{"floor":12.0,"key":"SpeedPotion"},{"floor":14.0,"key":"LiquidBronze"},{"floor":21.0,"key":"SpeedPotion"},{"floor":27.0,"key":"FairyPotion"}],"is_trial":false,"path_per_floor":["$","?","?","?","?","?","?","?"],"character_chosen":"THE_SILENT","items_purchased":["Cloak And Dagger","Omamori","Flying Knee","Infinite Blades","Membership Card"],"campfire_rested":1,"item_purchase_floors":[2,19,19,30,30],"current_hp_per_floor":[65,70,70,69,68,68,68,68,68,66,66,66,66,66,66,9,69,69,69,69,58,58,58,58,58,58,51,51,51,51,45,70,70],"gold":41,"neow_bonus":"RANDOM_COMMON_RELIC","is_prod":false,"is_daily":false,"chose_seed":false,"campfire_upgraded":5,"win_rate":0,"timestamp":1557180652,"path_taken":["M","?","M","?","M","R","M","?","T","M","M","M","?","M","R","BOSS","M","$","M","M","?","R","?","R","T","M","R","?","$","?","R","BOSS"],"build_version":"2019-01-23","purchased_purges":1,"victory":false,"max_hp_per_floor":[70,75,75,69,69,69,69,69,69,69,69,69,69,69,69,69,69,69,69,69,69,69,69,69,69,69,70,70,70,70,70,70,70],"card_choices":[{"not_picked":["Prepared","Outmaneuver"],"picked":"Well Laid Plans","floor":1.0},{"not_picked":["Deflect","Sucker Punch","Dagger Throw"],"picked":"SKIP","floor":3.0},{"not_picked":["Escape Plan","Eviscerate"],"picked":"Cloak And Dagger","floor":5.0},{"not_picked":["Backflip","Bane"],"picked":"Cloak And Dagger","floor":7.0},{"not_picked":["Deadly Poison","Dodge and Roll"],"picked":"Flying Knee","floor":10.0},{"not_picked":["Expertise","Reflex","Slice"],"picked":"SKIP","floor":11.0},{"not_picked":["Venomology","Dodge and Roll"],"picked":"Outmaneuver","floor":12.0},{"not_picked":["Distraction","Backflip"],"picked":"Underhanded Strike","floor":14.0},{"not_picked":["Doppelganger","Wraith Form v2"],"picked":"Burst","floor":16.0},{"not_picked":["Footwork","Bane+1"],"picked":"Blade Dance","floor":18.0},{"not_picked":["Dodge and Roll","Sucker Punch","PiercingWail"],"picked":"SKIP","floor":20.0},{"not_picked":["PiercingWail","Bane","Deflect"],"picked":"SKIP","floor":21.0},{"not_picked":["Bouncing Flask+1","PiercingWail"],"picked":"Slice","floor":27.0}],"player_experience":491909,"relics_obtained":[{"floor":9.0,"key":"Turnip"},{"floor":26.0,"key":"Regal Pillow"}],"event_choices":[{"damage_healed":0.0,"max_hp_gain":0.0,"max_hp_loss":6.0,"gold_gain":0.0,"event_name":"Golden Idol","player_choice":"Lose Max HP","floor":4.0,"gold_loss":0.0,"damage_taken":0.0,"relics_obtained":["Golden Idol"]},{"damage_healed":0.0,"max_hp_gain":0.0,"max_hp_loss":0.0,"gold_gain":175.0,"event_name":"Liars Game","player_choice":"AGREE","floor":8.0,"gold_loss":0.0,"damage_taken":0.0,"cards_obtained":["Doubt"]},{"damage_healed":0.0,"max_hp_gain":0.0,"max_hp_loss":0.0,"gold_gain":0.0,"event_name":"WeMeetAgain","player_choice":"Gave Potion","floor":13.0,"gold_loss":0.0,"damage_taken":0.0,"relics_obtained":["FossilizedHelix"]},{"damage_healed":0.0,"max_hp_gain":0.0,"max_hp_loss":0.0,"gold_gain":0.0,"event_name":"The Mausoleum","player_choice":"Opened","floor":22.0,"gold_loss":0.0,"damage_taken":0.0,"relics_obtained":["Happy Flower"]},{"damage_healed":0.0,"max_hp_gain":0.0,"max_hp_loss":0.0,"gold_gain":0.0,"event_name":"FaceTrader","player_choice":"Trade","floor":24.0,"gold_loss":0.0,"damage_taken":0.0,"relics_obtained":["FaceOfCleric"]},{"damage_healed":0.0,"max_hp_gain":0.0,"max_hp_loss":0.0,"gold_gain":0.0,"event_name":"Nest","player_choice":"Joined the Cult","floor":31.0,"gold_loss":0.0,"damage_taken":6.0,"cards_obtained":["RitualDagger"]}],"is_beta":false,"boss_relics":[{"not_picked":["Velvet Choker","Coffee Dripper"],"picked":"WristBlade"}],"items_purged_floors":[19],"is_endless":false,"potions_floor_spawned":[1,10,12,14,21,27],"killed_by":"Champ","ascension_level":0}