{"gold_per_floor":[109,127,147,196,246,276,276,308,377,394,429,272,272,285,285,388,388,401,419,419,419,433,459,374,404,404,404,422,439,455,480,480,576,576,592,592,149,149,165,194,207,237,261,281,281],"floor_reached":45,"playtime":6349,"items_purged":["Strike_R","Strike_R+1"],"score":1168,"play_id":"83dcc1cc-13b3-42ef-8951-2f15f142ac7a","local_time":"20190530234825","is_ascension_mode":true,"campfire_choices":[{"data":"Bash","floor":7.0,"key":"SMITH"},{"data":"Hemokinesis","floor":13.0,"key":"SMITH"},{"data":"Heavy Blade","floor":15.0,"key":"SMITH"},{"data":"Strike_R+1","floor":27.0,"key":"PURGE"},{"data":"Strike_R+1","floor":32.0,"key":"PURGE"}],"neow_cost":"NONE","seed_source_timestamp":0,"circlet_count":0,"master_deck":["AscendersBane","Strike_R+1","Defend_R+1","Defend_R+1","Defend_R+1","Defend_R+1","Bash+1","Immolate","Infernal Blade+1","Hemokinesis+1","Rupture","Heavy Blade+1","Flame Barrier","Corruption","Combust","Offering","Battle Trance+1","Clothesline","Shrug It Off+1","True Grit+1","Shrug It Off","Disarm","Metallicize","Exhume","Limit Break","Apotheosis","Dark Shackles","Mayhem","Rupture","Headbutt","Parasite","Shrug It Off+1"],"special_seed":0,"relics":["Burning Blood","War Paint","Pen Nib","Strawberry","Mummified Hand","Self Forming Clay","Bag of Preparation","Fusion Hammer","Matryoshka","Boot","Bottled Flame","PreservedInsect","Peace Pipe","Oddly Smooth Stone","Velvet Choker","Vajra","Prayer Wheel","Smiling Mask","Happy Flower"],"potions_floor_usage":[45],"damage_taken":[{"damage":0.0,"enemies":"Cultist","floor":1.0,"turns":2.0},{"damage":8.0,"enemies":"Jaw Worm","floor":2.0,"turns":4.0},{"damage":0.0,"enemies":"Small Slimes","floor":3.0,"turns":2.0},{"damage":19.0,"enemies":"Gremlin Nob","floor":6.0,"turns":3.0},{"damage":37.0,"enemies":"Lagavulin","floor":8.0,"turns":6.0},{"damage":3.0,"enemies":"Blue Slaver","floor":10.0,"turns":2.0},{"damage":10.0,"enemies":"3 Sentries","floor":11.0,"turns":7.0},{"damage":0.0,"enemies":"3 Louse","floor":14.0,"turns":2.0},{"damage":9.0,"enemies":"Slime Boss","floor":16.0,"turns":6.0},{"damage":12.0,"enemies":"Shell Parasite","floor":18.0,"turns":3.0},{"damage":2.0,"enemies":"Chosen","floor":19.0,"turns":4.0},{"damage":18.0,"enemies":"Snake Plant","floor":22.0,"turns":3.0},{"damage":10.0,"enemies":"Book of Stabbing","floor":23.0,"turns":4.0},{"damage":11.0,"enemies":"Slavers","floor":25.0,"turns":3.0},{"damage":7.0,"enemies":"Snecko","floor":28.0,"turns":4.0},{"damage":5.0,"enemies":"Cultist and Chosen","floor":29.0,"turns":5.0},{"damage":3.0,"enemies":"Snake Plant","floor":30.0,"turns":4.0},{"damage":4.0,"enemies":"Book of Stabbing","floor":31.0,"turns":5.0},{"damage":14.0,"enemies":"Champ","floor":33.0,"turns":12.0},{"damage":8.0,"enemies":"3 Darklings","floor":35.0,"turns":4.0},{"damage":4.0,"enemies":"3 Shapes","floor":39.0,"turns":3.0},{"damage":12.0,"enemies":"Nemesis","floor":40.0,"turns":5.0},{"damage":26,"enemies":"Spire Growth","floor":41,"turns":5},{"damage":8,"enemies":"Giant Head","floor":42,"turns":5},{"damage":2,"enemies":"Writhing Mass","floor":44,"turns":6},{"damage":68,"enemies":"Transient","floor":45,"turns":4}],"seed_played":"-6477999510446790906","potions_obtained":[{"floor":1.0,"key":"BloodPotion"},{"floor":8.0,"key":"Fire Potion"},{"floor":14.0,"key":"Block Potion"},{"floor":22.0,"key":"Dexterity Potion"},{"floor":25.0,"key":"AttackPotion"},{"floor":28.0,"key":"Swift Potion"},{"floor":30.0,"key":"AttackPotion"},{"floor":35.0,"key":"Fire Potion"},{"floor":44,"key":"Strength Potion"}],"is_trial":false,"path_per_floor":["M","M","M","T","T","E","R","E","T","M","E","$","R","M","R","B",null,"M","M","?","?","M","E","?","E","T","R","M","M","M","E","R","B",null,"M","?","$","?","M","E","M","E","T","M","M"],"character_chosen":"IRONCLAD","items_purchased":["Corruption","Apotheosis","Vajra"],"campfire_rested":0,"item_purchase_floors":[12,37,37],"current_hp_per_floor":[78,76,80,80,80,74,74,43,43,46,42,42,42,48,48,45,77,71,75,75,75,63,67,67,62,62,62,61,62,65,67,67,59,80,78,78,78,68,70,64,44,42,42,46,0],"gold":281,"neow_bonus":"ONE_RANDOM_RARE_CARD","is_prod":false,"is_daily":false,"chose_seed":false,"campfire_upgraded":3,"win_rate":0,"timestamp":1559240305,"path_taken":["M","M","?","?","?","E","R","E","T","M","E","$","R","?","R","BOSS","M","M","?","?","M","E","?","E","T","R","M","M","M","E","R","BOSS","M","?","$","?","M","E","M","E","T","M","M"],"build_version":"2019-01-23","purchased_purges":2,"victory":false,"max_hp_per_floor":[80,80,80,80,80,87,87,87,87,87,87,87,87,87,87,87,87,87,87,87,87,87,87,87,87,87,87,87,87,87,87,87,87,87,87,83,83,83,83,83,83,83,83,83,83],"card_choices":[{"not_picked":["Blood for Blood","Fire Breathing"],"picked":"Infernal Blade","floor":1.0},{"not_picked":["Entrench","Heavy Blade","Perfected Strike"],"picked":"SKIP","floor":2.0},{"not_picked":["Second Wind","Shrug It Off"],"picked":"Hemokinesis","floor":3.0},{"not_picked":["True Grit","Brutality"],"picked":"Rupture","floor":6.0},{"not_picked":["Combust","Brutality"],"picked":"Heavy Blade","floor":8.0},{"not_picked":["True Grit","Clothesline"],"picked":"Flame Barrier","floor":10.0},{"not_picked":["Wild Strike","Havoc","Body Slam"],"picked":"SKIP","floor":11.0},{"not_picked":["Battle Trance","Armaments"],"picked":"Combust","floor":14.0},{"not_picked":["Exhume","Berserk"],"picked":"Offering","floor":16.0},{"not_picked":["Pommel Strike","Fire Breathing","Dual Wield+1"],"picked":"SKIP","floor":18.0},{"not_picked":["Body Slam+1","Flex"],"picked":"Battle Trance+1","floor":19.0},{"not_picked":["Infernal Blade","Seeing Red"],"picked":"Clothesline","floor":22.0},{"not_picked":["Shockwave","Evolve"],"picked":"Shrug It Off+1","floor":23.0},{"not_picked":["Cleave","Fire Breathing"],"picked":"True Grit+1","floor":25.0},{"not_picked":["Intimidate","Rampage"],"picked":"Shrug It Off","floor":28.0},{"not_picked":["Heavy Blade","Twin Strike+1"],"picked":"Disarm","floor":29.0},{"not_picked":["Uppercut","Rage"],"picked":"Metallicize","floor":30.0},{"not_picked":["Pommel Strike","Rage"],"picked":"Exhume","floor":31.0},{"not_picked":["Immolate","Offering"],"picked":"Limit Break","floor":33.0},{"not_picked":["Headbutt","Thunderclap+1","Infernal Blade"],"picked":"SKIP","floor":35.0},{"not_picked":["Headbutt","Thunderclap+1","Infernal Blade"],"picked":"SKIP","floor":35.0},{"not_picked":["Enlightenment","Bandage Up"],"picked":"Dark Shackles","floor":38.0},{"not_picked":["Master of Strategy","Chrysalis"],"picked":"Mayhem","floor":38.0},{"not_picked":["Thunderclap","Shrug It Off","Anger"],"picked":"SKIP","floor":39.0},{"not_picked":["Searing Blow+1","Iron Wave"],"picked":"Rupture","floor":40.0},{"not_picked":["Heavy Blade","Sentinel"],"picked":"Headbutt","floor":41},{"not_picked":["Burning Pact","True Grit","Bludgeon"],"picked":"SKIP","floor":41},{"not_picked":["Warcry","Dual Wield","Heavy Blade"],"picked":"SKIP","floor":42},{"not_picked":["Twin Strike+1","Warcry"],"picked":"Shrug It Off+1","floor":44},{"not_picked":["Clash+1","Havoc","Warcry"],"picked":"SKIP","floor":44}],"player_experience":987368,"relics_obtained":[{"floor":4.0,"key":"War Paint"},{"floor":5.0,"key":"Pen Nib"},{"floor":6.0,"key":"Strawberry"},{"floor":8.0,"key":"Mummified Hand"},{"floor":9.0,"key":"Self Forming Clay"},{"floor":11.0,"key":"Bag of Preparation"},{"floor":23.0,"key":"Matryoshka"},{"floor":25.0,"key":"Bottled Flame"},{"floor":26.0,"key":"PreservedInsect"},{"floor":26.0,"key":"Peace Pipe"},{"floor":31.0,"key":"Oddly Smooth Stone"},{"floor":40.0,"key":"Prayer Wheel"},{"floor":42,"key":"Smiling Mask"},{"floor":43,"key":"Happy Flower"}],"event_choices":[{"damage_healed":0.0,"max_hp_gain":0.0,"max_hp_loss":0.0,"gold_gain":0.0,"event_name":"Vampires","player_choice":"Ignored","floor":20.0,"gold_loss":0.0,"damage_taken":0.0},{"damage_healed":0.0,"max_hp_gain":0.0,"max_hp_loss":0.0,"gold_gain":0.0,"event_name":"Back to Basics","player_choice":"Simplicity","floor":21.0,"gold_loss":0.0,"damage_taken":0.0,"cards_upgraded":["Strike_R","Strike_R","Strike_R","Strike_R","Defend_R","Defend_R","Defend_R"]},{"damage_healed":0.0,"max_hp_gain":0.0,"max_hp_loss":0.0,"gold_gain":0.0,"event_name":"Addict","player_choice":"Obtained Relic","floor":24.0,"gold_loss":85.0,"damage_taken":0.0,"relics_obtained":["Boot"]},{"damage_healed":0.0,"max_hp_gain":0.0,"max_hp_loss":4.0,"gold_gain":0.0,"event_name":"Winding Halls","player_choice":"Max HP","floor":36.0,"gold_loss":0.0,"damage_taken":0.0},{"damage_healed":0.0,"max_hp_gain":0.0,"max_hp_loss":0.0,"gold_gain":0.0,"event_name":"SensoryStone","player_choice":"Memory 3","floor":38.0,"gold_loss":0.0,"damage_taken":10.0}],"is_beta":false,"boss_relics":[{"not_picked":["White Beast Statue","Orrery"],"picked":"Fusion Hammer"},{"not_picked":["Empty Cage","Lizard Tail"],"picked":"Velvet Choker"}],"items_purged_floors":[12,37],"is_endless":false,"potions_floor_spawned":[1,8,14,22,25,28,30,35,44],"killed_by":"Transient","ascension_level":12}