{"gold_per_floor":[111,121,140,150,31,59,59,71,110,122,154,191,203,229,241,352,364,390,417,449,376,407,419,431],"floor_reached":24,"playtime":1403,"items_purged":[],"score":210,"play_id":"2a0b65e8-3ba4-432a-a92c-59abde6c90de","local_time":"20190224083635","is_ascension_mode":false,"campfire_choices":[{"floor":10.0,"key":"REST"},{"data":"1","floor":13.0,"key":"LIFT"},{"floor":15.0,"key":"REST"},{"floor":23.0,"key":"REST"}],"neow_cost":"NONE","seed_source_timestamp":0,"circlet_count":0,"master_deck":["Strike_R","Strike_R","Strike_R","Strike_R","Defend_R","Defend_R","Defend_R","Defend_R","Bash","Immolate","Anger","Iron Wave","Combust","Shrug It Off","Thunderclap","Rage+1","Sword Boomerang","Feel No Pain","Fire Breathing","Flame Barrier+1","Juggernaut","Hemokinesis","Anger","Cleave+1","Entrench"],"special_seed":0,"relics":["Burning Blood","Bronze Scales","MawBank","Ancient Tea Set","Girya","Cursed Key","War Paint"],"potions_floor_usage":[],"damage_taken":[{"damage":5.0,"enemies":"Jaw Worm","floor":1.0,"turns":4.0},{"damage":6.0,"enemies":"Cultist","floor":2.0,"turns":3.0},{"damage":0.0,"enemies":"2 Louse","floor":3.0,"turns":2.0},{"damage":10.0,"enemies":"Red Slaver","floor":4.0,"turns":2.0},{"damage":31.0,"enemies":"Lagavulin","floor":6.0,"turns":6.0},{"damage":9.0,"enemies":"Large Slime","floor":11.0,"turns":4.0},{"damage":13.0,"enemies":"3 Sentries","floor":12.0,"turns":3.0},{"damage":16.0,"enemies":"Exordium Wildlife","floor":14.0,"turns":3.0},{"damage":63.0,"enemies":"The Guardian","floor":16.0,"turns":10.0},{"damage":21.0,"enemies":"Shell Parasite","floor":18.0,"turns":6.0},{"damage":27.0,"enemies":"Spheric Guardian","floor":19.0,"turns":4.0},{"damage":15.0,"enemies":"Snake Plant","floor":20.0,"turns":3.0},{"damage":11.0,"enemies":"Snecko","floor":22.0,"turns":4.0},{"damage":3,"enemies":"Gremlin Leader","floor":24,"turns":2}],"seed_played":"1239520455505885725","potions_obtained":[{"floor":3.0,"key":"Regen Potion"},{"floor":4.0,"key":"BloodPotion"},{"floor":11.0,"key":"Swift Potion"},{"floor":14.0,"key":"SmokeBomb"},{"floor":19.0,"key":"GamblersBrew"}],"is_trial":false,"path_per_floor":["?","?","?"],"character_chosen":"IRONCLAD","items_purchased":["Thunderclap","Rage"],"campfire_rested":3,"item_purchase_floors":[5,5],"current_hp_per_floor":[80,80,80,76,76,51,39,39,39,63,68,61,61,51,75,18,80,65,44,35,35,30,54,51],"gold":431,"neow_bonus":"ONE_RANDOM_RARE_CARD","is_prod":false,"is_daily":false,"chose_seed":false,"campfire_upgraded":0,"win_rate":0.0,"timestamp":1551015395,"path_taken":["M","M","M","M","$","E","?","?","T","R","M","E","R","M","R","BOSS","M","M","M","?","M","R","E"],"build_version":"2019-01-23","purchased_purges":0,"victory":false,"max_hp_per_floor":[80,80,80,80,80,80,80,80,80,80,80,80,80,80,80,80,80,80,80,80,80,80,80,80],"card_choices":[{"not_picked":["Headbutt","Dual Wield"],"picked":"Anger","floor":1.0},{"not_picked":["Headbutt","Twin Strike"],"picked":"Iron Wave","floor":2.0},{"not_picked":["Rupture","Warcry"],"picked":"Combust","floor":3.0},{"not_picked":["Feel No Pain","Perfected Strike"],"picked":"Shrug It Off","floor":4.0},{"not_picked":["Heavy Blade","Clothesline"],"picked":"Sword Boomerang","floor":6.0},{"not_picked":["Headbutt","Wild Strike"],"picked":"Feel No Pain","floor":11.0},{"not_picked":["Wild Strike","Pommel Strike"],"picked":"Fire Breathing","floor":12.0},{"not_picked":["Clash","Entrench"],"picked":"Flame Barrier","floor":14.0},{"not_picked":["Double Tap","Fiend Fire"],"picked":"Juggernaut","floor":16.0},{"not_picked":["Thunderclap","Bloodletting"],"picked":"Hemokinesis","floor":18.0},{"not_picked":["Shrug It Off","Havoc"],"picked":"Anger","floor":19.0},{"not_picked":["Reckless Charge","Clash+1"],"picked":"Cleave+1","floor":20.0},{"not_picked":["Clothesline","True Grit"],"picked":"Entrench","floor":22.0}],"player_experience":179706,"relics_obtained":[{"floor":6.0,"key":"Bronze Scales"},{"floor":9.0,"key":"Ancient Tea Set"},{"floor":12.0,"key":"Girya"}],"event_choices":[{"damage_healed":0.0,"max_hp_gain":0.0,"max_hp_loss":0.0,"gold_gain":0.0,"event_name":"Scrap Ooze","player_choice":"Success","floor":7.0,"gold_loss":0.0,"damage_taken":12.0,"relics_obtained":["MawBank"]},{"cards_removed":["Strike_R"],"damage_healed":0.0,"max_hp_gain":0.0,"max_hp_loss":0.0,"gold_gain":0.0,"event_name":"Bonfire Elementals","player_choice":"Offered Basic","floor":8.0,"gold_loss":0.0,"damage_taken":0.0},{"damage_healed":0.0,"max_hp_gain":0.0,"max_hp_loss":0.0,"gold_gain":0.0,"event_name":"Addict","player_choice":"Obtained Relic","floor":21.0,"gold_loss":85.0,"damage_taken":0.0,"relics_obtained":["War Paint"]}],"is_beta":false,"boss_relics":[{"not_picked":["Velvet Choker","Snecko Eye"],"picked":"Cursed Key"}],"items_purged_floors":[],"is_endless":false,"potions_floor_spawned":[3,4,11,14,19],"killed_by":"Gremlin Leader","ascension_level":0}