{"gold_per_floor":[360,41,53,53,71,105,105,119,143,162,162,173,173],"floor_reached":13,"playtime":307,"items_purged":["Strike_R"],"score":152,"play_id":"2d5c4f04-5c73-4443-a3ae-01b67df1aceb","local_time":"20190407001431","is_ascension_mode":true,"campfire_choices":[{"data":"Heavy Blade","floor":7,"key":"SMITH"}],"neow_cost":"CURSE","seed_source_timestamp":6622421348934,"circlet_count":0,"master_deck":["AscendersBane","Strike_R","Strike_R","Strike_R","Strike_R","Defend_R+1","Defend_R","Defend_R","Defend_R","Bash","Clumsy","Rupture","Shrug It Off+1","Headbutt","Heavy Blade+1","Battle Trance","Bloodletting","Twin Strike"],"relics":["Burning Blood","Brimstone","Vajra","Blood Vial","War Paint"],"potions_floor_usage":[6],"damage_taken":[{"damage":1,"enemies":"Cultist","floor":1,"turns":3},{"damage":17,"enemies":"Small Slimes","floor":3,"turns":3},{"damage":9,"enemies":"Jaw Worm","floor":5,"turns":3},{"damage":18,"enemies":"3 Sentries","floor":6,"turns":4},{"damage":4,"enemies":"3 Louse","floor":8,"turns":3},{"damage":7,"enemies":"Looter","floor":10,"turns":3},{"damage":15,"enemies":"Lots of Slimes","floor":12,"turns":3},{"damage":36,"enemies":"Lagavulin","floor":13,"turns":5}],"seed_played":"-3729839759473777876","potions_obtained":[{"floor":1,"key":"Fire Potion"},{"floor":3,"key":"SneckoOil"},{"floor":10,"key":"Dexterity Potion"}],"is_trial":false,"path_per_floor":["M","$","M","$","M","E","R","M","T","M","?","M","E"],"character_chosen":"IRONCLAD","items_purchased":["Brimstone","Shrug It Off"],"campfire_rested":0,"item_purchase_floors":[2,2],"current_hp_per_floor":[73,73,62,62,59,47,47,49,49,50,39,32,0],"gold":173,"neow_bonus":"TWO_FIFTY_GOLD","is_prod":false,"is_daily":false,"chose_seed":false,"campfire_upgraded":1,"win_rate":0,"timestamp":1554563671,"path_taken":["M","$","M","?","M","E","R","M","T","M","?","M","E"],"build_version":"2019-01-23","purchased_purges":1,"victory":false,"max_hp_per_floor":[75,75,75,75,75,75,75,75,75,75,75,75,75],"card_choices":[{"not_picked":["True Grit","Rampage"],"picked":"Rupture","floor":1},{"not_picked":["Pommel Strike","Clash"],"picked":"Headbutt","floor":3},{"not_picked":["Perfected Strike","Armaments"],"picked":"Heavy Blade","floor":5},{"not_picked":["Barricade","Power Through"],"picked":"Battle Trance","floor":6},{"not_picked":["Heavy Blade","Perfected Strike"],"picked":"Bloodletting","floor":8},{"not_picked":["Body Slam","Clash"],"picked":"Twin Strike","floor":10},{"not_picked":["Twin Strike","Rupture","Pommel Strike"],"picked":"SKIP","floor":12}],"player_experience":433299,"relics_obtained":[{"floor":6,"key":"Vajra"},{"floor":9,"key":"Blood Vial"}],"event_choices":[{"damage_healed":0,"gold_gain":0,"player_choice":"Success","damage_taken":11,"relics_obtained":["War Paint"],"max_hp_gain":0,"max_hp_loss":0,"event_name":"Scrap Ooze","floor":11,"gold_loss":0}],"is_beta":false,"boss_relics":[],"items_purged_floors":[2],"is_endless":false,"potions_floor_spawned":[1,3,10],"killed_by":"Lagavulin","ascension_level":15}