{"gold_per_floor":[111,123,123,123,148,148,148,167,167,191,211,211,20,33,33,152,152,170,186,225,244,262,262,262,262,262,262,59,73,73,86,86,211,211,232,3,336,12,12,12,28,39,84,84,95,95,95,108,108,108],"floor_reached":50,"playtime":5635,"items_purged":[],"score":488,"play_id":"832fd0c2-19f7-45e1-a34e-8a03b70d2339","local_time":"20190214193525","is_ascension_mode":false,"campfire_choices":[{"floor":7,"key":"REST"},{"data":"Dodge and Roll","floor":12,"key":"SMITH"},{"data":"Catalyst","floor":15,"key":"SMITH"},{"floor":23,"key":"REST"},{"floor":25,"key":"REST"},{"floor":32,"key":"REST"},{"data":"Catalyst","floor":40,"key":"SMITH"},{"floor":44,"key":"REST"},{"data":"Burst","floor":46,"key":"SMITH"},{"floor":49,"key":"REST"}],"neow_cost":"NONE","seed_source_timestamp":162794196188797,"circlet_count":0,"master_deck":["Defend_G","Defend_G","Defend_G","Defend_G","Defend_G","Strike_G","Strike_G","Strike_G","Strike_G","Strike_G","Survivor","Neutralize","Blade Dance","Bouncing Flask+1","Neutralize","Deflect","Burst","PiercingWail","Dodge and Roll+1","Catalyst+1","Flying Knee","Corpse Explosion","Outmaneuver+1","Noxious Fumes","Caltrops","Catalyst+1","Flying Knee","Backflip","Crippling Poison","Accuracy","Crippling Poison","Predator","Burst+1","Predator+1","Violence","Poisoned Stab","Dash","Blade Dance","Dodge and Roll","Caltrops","Skewer+1","Doppelganger","Thinking Ahead","Deadly Poison+1","Outmaneuver+1"],"relics":["Ring of the Snake","Bottled Lightning","Bronze Scales","Sozu","Red Mask","Juzu Bracelet","MutagenicStrength","Velvet Choker","HandDrill","Dream Catcher","Snake Skull"],"potions_floor_usage":[6],"damage_taken":[{"damage":3,"enemies":"Small Slimes","floor":1,"turns":4},{"damage":0,"enemies":"2 Louse","floor":2,"turns":2},{"damage":0,"enemies":"Cultist","floor":5,"turns":3},{"damage":6,"enemies":"Lots of Slimes","floor":6,"turns":2},{"damage":1,"enemies":"Red Slaver","floor":8,"turns":4},{"damage":0,"enemies":"Looter","floor":10,"turns":3},{"damage":12,"enemies":"Large Slime","floor":11,"turns":10},{"damage":1,"enemies":"3 Louse","floor":14,"turns":4},{"damage":20,"enemies":"Hexaghost","floor":16,"turns":6},{"damage":0,"enemies":"Shell Parasite","floor":18,"turns":3},{"damage":0,"enemies":"3 Byrds","floor":19,"turns":2},{"damage":3,"enemies":"Masked Bandits","floor":20,"turns":3},{"damage":12,"enemies":"Snake Plant","floor":21,"turns":4},{"damage":20,"enemies":"Snecko","floor":22,"turns":4},{"damage":30,"enemies":"Colosseum Slavers","floor":24,"turns":5},{"damage":22,"enemies":"Chosen and Byrds","floor":29,"turns":7},{"damage":21,"enemies":"Snake Plant","floor":31,"turns":4},{"damage":16,"enemies":"Collector","floor":33,"turns":5},{"damage":15,"enemies":"3 Shapes","floor":35,"turns":4},{"damage":3,"enemies":"Orb Walker","floor":41,"turns":3},{"damage":16,"enemies":"Jaw Worm Horde","floor":42,"turns":4},{"damage":10,"enemies":"Spire Growth","floor":45,"turns":2},{"damage":34,"enemies":"4 Shapes","floor":48,"turns":5},{"damage":34,"enemies":"Awakened One","floor":50,"turns":3}],"seed_played":"186407458796667956","potions_obtained":[{"floor":0,"key":"SmokeBomb"},{"floor":0,"key":"Weak Potion"},{"floor":0,"key":"Regen Potion"},{"floor":11,"key":"Swift Potion"}],"is_trial":false,"path_per_floor":["?","?","M","M","$","?","?","?","?","?","?","?"],"character_chosen":"THE_SILENT","items_purchased":["Catalyst","Bronze Scales","Backflip","Crippling Poison","Accuracy","Violence","Poisoned Stab","HandDrill","Dash","Blade Dance"],"campfire_rested":6,"item_purchase_floors":[13,13,28,28,28,36,36,38,38,38],"current_hp_per_floor":[67,67,50,50,50,44,65,64,64,64,52,52,52,51,51,31,70,70,70,67,55,35,56,26,47,47,47,47,25,25,4,25,9,70,55,55,55,55,55,55,52,36,36,57,47,47,47,13,34,0],"gold":108,"neow_bonus":"THREE_SMALL_POTIONS","is_prod":false,"is_daily":false,"chose_seed":false,"campfire_upgraded":4,"win_rate":0.0,"timestamp":1550190925,"path_taken":["M","M","?","?","M","M","R","M","T","?","?","R","?","M","R","BOSS","M","M","?","M","M","R","?","R","T","?","$","M","?","M","R","BOSS","M","$","?","$","?","R","M","M","T","R","M","R","?","M","R","BOSS"],"build_version":"2019-01-23","purchased_purges":0,"victory":false,"max_hp_per_floor":[70,70,70,70,70,70,70,70,70,70,70,70,70,70,70,70,70,70,70,70,70,70,70,70,70,70,70,70,70,70,70,70,70,70,70,70,70,70,70,70,70,70,70,70,70,70,70,70,70,70],"card_choices":[{"not_picked":["Acrobatics","PiercingWail"],"picked":"Blade Dance","floor":1},{"not_picked":["Blade Dance","Backstab"],"picked":"Bouncing Flask","floor":2},{"not_picked":["Deadly Poison","Blade Dance"],"picked":"Deflect","floor":5},{"not_picked":["Quick Slash","Poisoned Stab"],"picked":"Burst","floor":8},{"not_picked":["Bane","Underhanded Strike"],"picked":"PiercingWail","floor":10},{"not_picked":["Slice","Deadly Poison"],"picked":"Dodge and Roll","floor":11},{"not_picked":["Cloak And Dagger","PiercingWail"],"picked":"Flying Knee","floor":14},{"not_picked":["Envenom","Night Terror"],"picked":"Corpse Explosion","floor":16},{"not_picked":["Crippling Poison","Dagger Spray"],"picked":"Outmaneuver+1","floor":18},{"not_picked":["Backstab+1","Cloak And Dagger"],"picked":"Noxious Fumes","floor":19},{"not_picked":["Blade Dance+1","Outmaneuver"],"picked":"Caltrops","floor":20},{"not_picked":["Prepared","Flying Knee"],"picked":"Catalyst","floor":21},{"not_picked":["Tactician","PiercingWail"],"picked":"Flying Knee","floor":22},{"not_picked":["Deadly Poison","Heel Hook+1"],"picked":"Crippling Poison","floor":29},{"not_picked":["Sucker Punch","Endless Agony"],"picked":"Predator","floor":31},{"not_picked":["Phantasmal Killer","Corpse Explosion"],"picked":"Burst","floor":33},{"not_picked":["PiercingWail","Outmaneuver+1"],"picked":"Predator+1","floor":35},{"not_picked":["PiercingWail","Acrobatics+1"],"picked":"Dodge and Roll","floor":41},{"not_picked":["Noxious Fumes+1","Sucker Punch"],"picked":"Caltrops","floor":42},{"not_picked":["Poisoned Stab+1","Sucker Punch+1"],"picked":"Skewer+1","floor":44},{"not_picked":["PiercingWail","Expertise+1"],"picked":"Doppelganger","floor":45},{"not_picked":["Flash of Steel","Swift Strike"],"picked":"Thinking Ahead","floor":47},{"not_picked":["Slice+1","Prepared+1"],"picked":"Deadly Poison+1","floor":48},{"not_picked":["Prepared","Bane"],"picked":"Outmaneuver+1","floor":49}],"player_experience":27669,"relics_obtained":[{"floor":9,"key":"Bottled Lightning"},{"floor":20,"key":"Red Mask"},{"floor":26,"key":"Juzu Bracelet"},{"floor":43,"key":"Snake Skull"}],"event_choices":[{"damage_healed":0,"gold_gain":0,"player_choice":"Take Damage","damage_taken":17,"relics_obtained":["Golden Idol"],"max_hp_gain":0,"max_hp_loss":0,"event_name":"Golden Idol","floor":3,"gold_loss":0},{"damage_healed":0,"gold_gain":0,"player_choice":"1 cards matched","damage_taken":0,"max_hp_gain":0,"max_hp_loss":0,"event_name":"Match and Keep!","floor":4,"gold_loss":0,"cards_obtained":["Neutralize"]},{"damage_healed":0,"gold_gain":0,"player_choice":"Fought Bandits","damage_taken":0,"max_hp_gain":0,"max_hp_loss":0,"event_name":"Masked Bandits","floor":20,"gold_loss":0},{"damage_healed":0,"gold_gain":0,"player_choice":"Fight","damage_taken":0,"max_hp_gain":0,"max_hp_loss":0,"event_name":"Colosseum","floor":24,"gold_loss":0},{"damage_healed":0,"gold_gain":0,"player_choice":"Fled From Nobs","damage_taken":0,"max_hp_gain":0,"max_hp_loss":0,"event_name":"Colosseum","floor":24,"gold_loss":0},{"damage_healed":0,"gold_gain":0,"player_choice":"Upgraded","damage_taken":0,"max_hp_gain":0,"max_hp_loss":0,"event_name":"Upgrade Shrine","floor":27,"gold_loss":0,"cards_upgraded":["Bouncing Flask"]},{"damage_healed":0,"gold_gain":0,"player_choice":"Inject Mutagens","damage_taken":0,"relics_obtained":["MutagenicStrength"],"max_hp_gain":0,"max_hp_loss":0,"event_name":"Drug Dealer","floor":30,"gold_loss":0},{"damage_healed":0,"gold_gain":333,"player_choice":"Gave Idol","damage_taken":0,"max_hp_gain":0,"max_hp_loss":0,"event_name":"The Moai Head","floor":37,"relics_lost":["Golden Idol"],"gold_loss":0},{"damage_healed":0,"gold_gain":0,"player_choice":"Gave Potion","damage_taken":0,"relics_obtained":["Dream Catcher"],"max_hp_gain":0,"max_hp_loss":0,"event_name":"WeMeetAgain","floor":39,"gold_loss":0},{"damage_healed":0,"gold_gain":0,"player_choice":"Memory 1","damage_taken":0,"max_hp_gain":0,"max_hp_loss":0,"event_name":"SensoryStone","floor":47,"gold_loss":0}],"is_beta":false,"boss_relics":[{"not_picked":["Black Star","Coffee Dripper"],"picked":"Sozu"},{"not_picked":["Lizard Tail","Runic Dome"],"picked":"Velvet Choker"}],"items_purged_floors":[],"is_endless":false,"potions_floor_spawned":[1,6,11,20,22,24,41,45],"killed_by":"Awakened One","ascension_level":0}