{"gold_per_floor":[116,116,126,137,149,182,182,214,271,288,57,74,24,42,42,141,141,152,152,172,131,131,131,162,178,231,231,231,259,259,273,273,371,371,390,612,627,642,152,152,498,498,525,525,537,66,66,66,66,66],"floor_reached":51,"playtime":3384,"items_purged":[],"score":750,"play_id":"0c528519-1ae9-457b-a171-31cbee121185","local_time":"20190427195520","is_ascension_mode":false,"campfire_choices":[{"data":"Defragment","floor":7,"key":"SMITH"},{"data":"Rainbow","floor":15,"key":"SMITH"},{"data":"Chill","floor":23,"key":"SMITH"},{"floor":27,"key":"REST"},{"data":"Seek","floor":30,"key":"SMITH"},{"data":"Zap","floor":32,"key":"SMITH"},{"data":"Fission","floor":40,"key":"SMITH"},{"floor":42,"key":"REST"},{"data":"Hyperbeam","floor":44,"key":"SMITH"},{"data":"Seek","floor":47,"key":"SMITH"},{"floor":49,"key":"REST"}],"neow_cost":"NONE","seed_source_timestamp":774634227723852,"circlet_count":0,"master_deck":["Zap","Dualcast+1","Hyperbeam+1","Coolheaded","Defragment+1","Seek+1","Zap+1","Doom and Gloom","Sunder","Cold Snap","Cold Snap","Rainbow+1","Cold Snap","Coolheaded","Blizzard","Loop","Hyperbeam","Sweeping Beam","Go for the Eyes","Sunder","Hello World","Blizzard","Sunder","Gash","Turbo","Defragment+1","Glacier+1","Chill+1","Gash","Conserve Battery+1","Aggregate","Gash+1","Aggregate","Fission+1","Capacitor","Capacitor","Seek+1"],"relics":["Cracked Core","Pocketwatch","Vajra","Tiny Chest","Pandora\u0027s Box","Smiling Mask","Dream Catcher","Pear","Red Mask","Philosopher\u0027s Stone","War Paint","Medical Kit","Old Coin","Bag of Marbles","Bottled Lightning"],"potions_floor_usage":[16,18,24,50,50,50],"damage_taken":[{"damage":0,"enemies":"Cultist","floor":1,"turns":3},{"damage":0,"enemies":"2 Louse","floor":3,"turns":3},{"damage":0,"enemies":"Small Slimes","floor":4,"turns":1},{"damage":0,"enemies":"2 Fungi Beasts","floor":5,"turns":1},{"damage":13,"enemies":"Gremlin Nob","floor":6,"turns":4},{"damage":10,"enemies":"Lagavulin","floor":8,"turns":5},{"damage":0,"enemies":"3 Louse","floor":10,"turns":1},{"damage":2,"enemies":"Looter","floor":12,"turns":2},{"damage":2,"enemies":"2 Fungi Beasts","floor":14,"turns":2},{"damage":0,"enemies":"Slime Boss","floor":16,"turns":7},{"damage":9,"enemies":"3 Byrds","floor":18,"turns":3},{"damage":8,"enemies":"Chosen","floor":20,"turns":3},{"damage":13,"enemies":"Slavers","floor":24,"turns":3},{"damage":0,"enemies":"Snecko","floor":25,"turns":3},{"damage":0,"enemies":"Masked Bandits","floor":29,"turns":3},{"damage":3,"enemies":"Shelled Parasite and Fungi","floor":31,"turns":5},{"damage":31,"enemies":"Automaton","floor":33,"turns":10},{"damage":6,"enemies":"Orb Walker","floor":35,"turns":3},{"damage":7,"enemies":"3 Shapes","floor":37,"turns":4},{"damage":3,"enemies":"Spire Growth","floor":38,"turns":6},{"damage":23,"enemies":"2 Orb Walkers","floor":41,"turns":4},{"damage":0,"enemies":"Jaw Worm Horde","floor":45,"turns":1},{"damage":56,"enemies":"Awakened One","floor":50,"turns":11}],"seed_played":"7065346554841896767","potions_obtained":[{"floor":4,"key":"Fire Potion"},{"floor":6,"key":"Block Potion"},{"floor":8,"key":"FocusPotion"},{"floor":29,"key":"SpeedPotion"},{"floor":31,"key":"SteroidPotion"}],"is_trial":false,"path_per_floor":["?","M","$","M","?","?","M","?","?","?","?","?","?"],"character_chosen":"DEFECT","items_purchased":["Rainbow","Cold Snap","Coolheaded","Chill","Capacitor","War Paint","Medical Kit","Ancient Potion","Seek","Bottled Lightning","FocusPotion"],"campfire_rested":3,"item_purchase_floors":[11,11,11,21,39,39,39,39,46,46,46],"current_hp_per_floor":[75,75,75,75,75,62,62,52,52,52,52,50,50,48,48,48,75,66,66,58,58,58,58,45,45,45,67,77,77,77,74,74,43,85,79,79,72,69,69,69,46,71,71,71,71,71,71,71,85,29],"gold":66,"neow_bonus":"ONE_RANDOM_RARE_CARD","is_prod":false,"is_daily":false,"chose_seed":false,"campfire_upgraded":8,"win_rate":0,"timestamp":1556409320,"path_taken":["M","?","M","M","?","E","R","E","T","M","?","?","?","M","R","BOSS","M","?","?","$","?","R","E","M","T","R","?","?","R","M","R","BOSS","M","?","M","M","$","R","?","R","T","R","M","$","R","?","R","BOSS"],"build_version":"2019-01-23","purchased_purges":0,"victory":true,"max_hp_per_floor":[75,75,75,75,75,75,75,75,75,75,75,75,75,75,75,75,75,75,75,75,75,75,75,75,75,75,75,85,85,85,85,85,85,85,85,85,85,85,85,85,85,85,85,85,85,85,85,85,85,85],"card_choices":[{"not_picked":["Barrage","Double Energy"],"picked":"Coolheaded","floor":1},{"not_picked":["Steam Power","BootSequence"],"picked":"Doom and Gloom","floor":3},{"not_picked":["Gash","Steam","Skim"],"picked":"SKIP","floor":4},{"not_picked":["Stack","Static Discharge"],"picked":"Sunder","floor":5},{"not_picked":["Compile Driver","Reboot"],"picked":"Cold Snap","floor":6},{"not_picked":["Gash","Rebound"],"picked":"Cold Snap","floor":8},{"not_picked":["Stack","Sweeping Beam","Rebound"],"picked":"SKIP","floor":10},{"not_picked":["Ball Lightning","Streamline"],"picked":"Blizzard","floor":12},{"not_picked":["Ball Lightning","Scrape"],"picked":"Loop","floor":14},{"not_picked":["Core Surge","Reboot"],"picked":"Hyperbeam","floor":16},{"not_picked":["Stack","Hologram"],"picked":"Turbo","floor":18},{"not_picked":["Conserve Battery","Stack+1"],"picked":"Glacier+1","floor":20},{"not_picked":["Chill+1","Undo"],"picked":"Conserve Battery","floor":24},{"not_picked":["Streamline+1","Sweeping Beam+1"],"picked":"Aggregate","floor":25},{"not_picked":["Cold Snap","Ball Lightning"],"picked":"Gash+1","floor":27},{"not_picked":["Redo","Compile Driver+1"],"picked":"Aggregate","floor":29},{"not_picked":["Streamline+1","Glacier","Loop"],"picked":"SKIP","floor":31},{"not_picked":["Buffer","Electrodynamics"],"picked":"Fission","floor":33},{"not_picked":["Conserve Battery","Go for the Eyes+1","Leap+1"],"picked":"SKIP","floor":35},{"not_picked":["Double Energy","Redo"],"picked":"Capacitor","floor":37},{"not_picked":["Hologram","Blizzard","Go for the Eyes"],"picked":"SKIP","floor":38},{"not_picked":["Compile Driver+1","Cold Snap+1","Scrape+1"],"picked":"SKIP","floor":45}],"player_experience":413251,"relics_obtained":[{"floor":6,"key":"Pocketwatch"},{"floor":8,"key":"Vajra"},{"floor":9,"key":"Tiny Chest"},{"floor":24,"key":"Smiling Mask"},{"floor":26,"key":"Dream Catcher"},{"floor":29,"key":"Red Mask"},{"floor":41,"key":"Old Coin"},{"floor":43,"key":"Bag of Marbles"}],"event_choices":[{"damage_healed":0,"gold_gain":0,"player_choice":"3 cards matched","damage_taken":0,"max_hp_gain":0,"max_hp_loss":0,"event_name":"Match and Keep!","floor":2,"gold_loss":0,"cards_obtained":["Defragment","Seek","Zap"]},{"cards_removed":["Strike_B"],"damage_healed":0,"gold_gain":0,"player_choice":"Card Removal","damage_taken":0,"max_hp_gain":0,"max_hp_loss":0,"event_name":"The Cleric","floor":13,"gold_loss":50},{"damage_healed":0,"gold_gain":0,"player_choice":"Copied","damage_taken":0,"max_hp_gain":0,"max_hp_loss":0,"event_name":"Duplicator","floor":19,"gold_loss":0,"cards_obtained":["Defragment"]},{"damage_healed":0,"gold_gain":0,"player_choice":"Read","damage_taken":0,"max_hp_gain":0,"max_hp_loss":0,"event_name":"The Library","floor":22,"gold_loss":0,"cards_obtained":["Gash"]},{"damage_healed":0,"gold_gain":0,"player_choice":"Opened","damage_taken":0,"relics_obtained":["Pear"],"max_hp_gain":0,"max_hp_loss":0,"event_name":"The Mausoleum","floor":28,"gold_loss":0},{"damage_healed":0,"gold_gain":0,"player_choice":"Fought Bandits","damage_taken":0,"max_hp_gain":0,"max_hp_loss":0,"event_name":"Masked Bandits","floor":29,"gold_loss":0},{"damage_healed":0,"gold_gain":222,"player_choice":"Wore Mask","damage_taken":0,"max_hp_gain":0,"max_hp_loss":0,"event_name":"Tomb of Lord Red Mask","floor":36,"gold_loss":0},{"damage_healed":0,"gold_gain":0,"player_choice":"Fight","damage_taken":0,"max_hp_gain":0,"max_hp_loss":0,"event_name":"Mysterious Sphere","floor":41,"gold_loss":0},{"damage_healed":0,"gold_gain":0,"player_choice":"Memory 1","damage_taken":0,"max_hp_gain":0,"max_hp_loss":0,"event_name":"SensoryStone","floor":48,"gold_loss":0}],"is_beta":false,"boss_relics":[{"not_picked":["Black Star","Tiny House"],"picked":"Pandora\u0027s Box"},{"not_picked":["Velvet Choker","Fusion Hammer"],"picked":"Philosopher\u0027s Stone"}],"items_purged_floors":[],"is_endless":false,"potions_floor_spawned":[4,6,8,12,14,29,31,41,45],"ascension_level":0}