{"gold_per_floor":[118,118,43,62,62,62,81,9,9,9,19,19,38,51,51,51],"floor_reached":16,"playtime":383,"items_purged":["Strike_R"],"score":92,"play_id":"5fe14eba-bb34-416c-b6a4-35e4cf95c0b0","local_time":"20190528153429","is_ascension_mode":false,"campfire_choices":[{"data":"Bash","floor":6.0,"key":"SMITH"},{"data":"Defend_R","floor":12.0,"key":"SMITH"},{"data":"Defend_R","floor":15.0,"key":"SMITH"}],"neow_cost":"TEN_PERCENT_HP_LOSS","seed_source_timestamp":106975129656048,"circlet_count":0,"master_deck":["Strike_R","Strike_R","Strike_R+1","Defend_R+1","Defend_R+1","Defend_R+1","Bash+1"],"special_seed":0,"relics":["Burning Blood","Oddly Smooth Stone","Blue Candle"],"potions_floor_usage":[16,16],"damage_taken":[{"damage":5.0,"enemies":"Jaw Worm","floor":1.0,"turns":5.0},{"damage":0.0,"enemies":"2 Louse","floor":4.0,"turns":3.0},{"damage":2.0,"enemies":"Small Slimes","floor":7.0,"turns":3.0},{"damage":21.0,"enemies":"Exordium Wildlife","floor":11.0,"turns":7.0},{"damage":12.0,"enemies":"Large Slime","floor":13.0,"turns":6.0},{"damage":3.0,"enemies":"Blue Slaver","floor":14.0,"turns":4.0},{"damage":48,"enemies":"Hexaghost","floor":16,"turns":11}],"seed_played":"1382723738646406583","potions_obtained":[{"floor":13.0,"key":"SpeedPotion"},{"floor":14.0,"key":"AttackPotion"}],"is_trial":false,"path_per_floor":["M","?","$","M","?","R","M","$","T","?","M","R","M","M","R","B"],"character_chosen":"IRONCLAD","items_purchased":["LiquidBronze"],"campfire_rested":0,"item_purchase_floors":[8],"current_hp_per_floor":[72,65,65,71,76,76,77,77,77,62,47,47,41,44,44,0],"gold":51,"neow_bonus":"REMOVE_TWO","is_prod":false,"is_daily":false,"chose_seed":false,"campfire_upgraded":3,"win_rate":0,"timestamp":1559050469,"path_taken":["M","?","$","M","?","R","M","?","T","?","M","R","M","?","R","BOSS"],"build_version":"2019-01-23","purchased_purges":1,"victory":false,"max_hp_per_floor":[72,72,72,72,77,77,77,77,77,77,77,77,77,77,77,77],"card_choices":[{"not_picked":["Iron Wave","Wild Strike","Sword Boomerang"],"picked":"SKIP","floor":1.0},{"not_picked":["Clash","Havoc","Pommel Strike"],"picked":"SKIP","floor":4.0},{"not_picked":["Uppercut","Inflame","Perfected Strike"],"picked":"SKIP","floor":7.0},{"not_picked":["Heavy Blade","Searing Blow","Rage"],"picked":"SKIP","floor":11.0},{"not_picked":["Heavy Blade","Searing Blow","Rage"],"picked":"SKIP","floor":11.0},{"not_picked":["Headbutt","Iron Wave","Wild Strike"],"picked":"SKIP","floor":13.0},{"not_picked":["Heavy Blade","Perfected Strike","Clothesline"],"picked":"SKIP","floor":14.0}],"player_experience":99358,"relics_obtained":[{"floor":9.0,"key":"Blue Candle"}],"event_choices":[{"damage_healed":0.0,"max_hp_gain":0.0,"max_hp_loss":0.0,"gold_gain":0.0,"event_name":"Scrap Ooze","player_choice":"Success","floor":2.0,"gold_loss":0.0,"damage_taken":7.0,"relics_obtained":["Oddly Smooth Stone"]},{"damage_healed":0.0,"max_hp_gain":5.0,"max_hp_loss":0.0,"gold_gain":0.0,"event_name":"Big Fish","player_choice":"Donut","floor":5.0,"gold_loss":0.0,"damage_taken":0.0},{"damage_healed":0.0,"max_hp_gain":0.0,"max_hp_loss":0.0,"gold_gain":0.0,"event_name":"Shining Light","player_choice":"Entered Light","floor":10.0,"gold_loss":0.0,"damage_taken":15.0,"cards_upgraded":["Defend_R","Strike_R"]}],"is_beta":false,"boss_relics":[],"items_purged_floors":[3],"is_endless":false,"potions_floor_spawned":[13,14],"killed_by":"Hexaghost","ascension_level":0}