{"gold_per_floor":[115,126,145,219,235,235,235,235,258,275,308,328,340,354,354,456],"floor_reached":16,"playtime":1109,"items_purged":[],"score":156,"play_id":"014f9b53-c515-43bd-b4b7-68d871027824","local_time":"20190305205809","is_ascension_mode":false,"campfire_choices":[{"data":"Catalyst","floor":6,"key":"SMITH"},{"data":"Poisoned Stab","floor":8,"key":"SMITH"},{"data":"Footwork","floor":15,"key":"SMITH"}],"neow_cost":"PERCENT_DAMAGE","seed_source_timestamp":158880692639123,"circlet_count":0,"master_deck":["Defend_G","Defend_G","Defend_G","Defend_G","Defend_G","Strike_G","Strike_G","Survivor","Neutralize","All Out Attack","Blur","Poisoned Stab+1","Catalyst+1","Terror","Prepared","Prepared","Caltrops","Footwork+1","Poisoned Stab","Backflip","Deadly Poison"],"relics":["Ring of the Snake","Meat on the Bone","Smiling Mask","Question Card"],"potions_floor_usage":[],"damage_taken":[{"damage":0,"enemies":"Cultist","floor":1,"turns":4},{"damage":0,"enemies":"Jaw Worm","floor":2,"turns":5},{"damage":0,"enemies":"2 Louse","floor":3,"turns":2},{"damage":21,"enemies":"Exordium Thugs","floor":5,"turns":4},{"damage":8,"enemies":"Lots of Slimes","floor":10,"turns":3},{"damage":39,"enemies":"Gremlin Nob","floor":11,"turns":5},{"damage":9,"enemies":"3 Louse","floor":12,"turns":3},{"damage":0,"enemies":"Exordium Thugs","floor":13,"turns":3},{"damage":0,"enemies":"Blue Slaver","floor":14,"turns":3},{"damage":38,"enemies":"Slime Boss","floor":16,"turns":14}],"seed_played":"-6068264283110094465","potions_obtained":[{"floor":3,"key":"Ancient Potion"},{"floor":10,"key":"AttackPotion"},{"floor":12,"key":"Swift Potion"},{"floor":13,"key":"AttackPotion"}],"is_trial":false,"path_per_floor":["M","M","M","T","M","R","?","R","T","M","E","M","M","M","R","B"],"character_chosen":"THE_SILENT","items_purchased":[],"campfire_rested":0,"item_purchase_floors":[],"current_hp_per_floor":[49,49,49,49,40,40,40,40,40,44,17,20,32,44,44,18],"gold":456,"neow_bonus":"TRANSFORM_TWO_CARDS","is_prod":false,"is_daily":false,"chose_seed":false,"campfire_upgraded":3,"win_rate":0,"timestamp":1551841089,"path_taken":["M","?","?","?","M","R","?","R","T","M","E","?","M","M","R","BOSS"],"build_version":"2019-01-23","purchased_purges":0,"victory":false,"max_hp_per_floor":[70,70,70,70,70,70,70,70,70,70,70,70,70,70,70,70],"card_choices":[{"not_picked":["Slice","Deflect"],"picked":"Poisoned Stab","floor":1},{"not_picked":["Deflect","Quick Slash"],"picked":"Catalyst","floor":2},{"not_picked":["Outmaneuver","Glass Knife"],"picked":"Terror","floor":3},{"not_picked":["Sucker Punch","Blade Dance"],"picked":"Prepared","floor":5},{"not_picked":["Setup","Distraction"],"picked":"Caltrops","floor":10},{"not_picked":["Masterful Stab","Endless Agony"],"picked":"Footwork","floor":11},{"not_picked":["Skewer","Blade Dance","Flechettes"],"picked":"Poisoned Stab","floor":12},{"not_picked":["PiercingWail","Flying Knee","Outmaneuver"],"picked":"Backflip","floor":13},{"not_picked":["Acrobatics","Eviscerate","Reflex"],"picked":"Deadly Poison","floor":14}],"player_experience":196395,"relics_obtained":[{"floor":4,"key":"Meat on the Bone"},{"floor":9,"key":"Smiling Mask"},{"floor":11,"key":"Question Card"}],"event_choices":[{"damage_healed":0,"gold_gain":0,"cards_transformed":["Strike_G"],"player_choice":"Transformed","damage_taken":0,"max_hp_gain":0,"max_hp_loss":0,"event_name":"Transmorgrifier","floor":7,"gold_loss":0,"cards_obtained":["Prepared"]}],"is_beta":false,"boss_relics":[],"items_purged_floors":[],"is_endless":false,"potions_floor_spawned":[3,10,12,13,14],"killed_by":"Slime Boss","ascension_level":0}