{"gold_per_floor":[117,117,137,148,148,179,179,240,322,340,370,61,79,92,92,190,190,202,202,222,222,68,103,122,148,148,174,174,59,59,72,72,169,169,188,38,38,58,58,58,91,102,172,206,206,223,256,283,283,283,283,283,28,58,58],"floor_reached":56,"playtime":7974,"items_purged":["Bash"],"score":2115,"play_id":"2b8d0445-5bb8-46c4-93a6-9626e99d9265","local_time":"20190529100957","is_ascension_mode":true,"campfire_choices":[{"data":"Barricade","floor":7.0,"key":"SMITH"},{"data":"Rampage","floor":15.0,"key":"SMITH"},{"data":"Limit Break","floor":28.0,"key":"SMITH"},{"data":"Heavy Blade","floor":32.0,"key":"SMITH"},{"data":"Uppercut","floor":40.0,"key":"SMITH"},{"data":"Berserk","floor":45.0,"key":"SMITH"},{"floor":49.0,"key":"RECALL"},{"data":"Evolve","floor":52.0,"key":"SMITH"}],"neow_cost":"NONE","seed_source_timestamp":857938349294428,"circlet_count":0,"master_deck":["AscendersBane","Offering+1","Rage","Flex+1","Thunderclap","Rampage+1","Uppercut+1","Power Through","Reaper","Flame Barrier","Barricade+1","Impervious","Headbutt","Bludgeon+1","Impervious","Heavy Blade+1","Headbutt","Limit Break+1","Spot Weakness","Shrug It Off","Evolve+1","Feed+1","Berserk+1","Armaments+1","Master of Strategy","Sword Boomerang+1","Pommel Strike+1","Whirlwind+1","Master of Strategy"],"special_seed":0,"relics":["Pandora\u0027s Box","Thread and Needle","War Paint","Tiny Chest","Bottled Flame","Mango","Vajra","Mark of Pain","Bottled Lightning","PreservedInsect","Potion Belt","WingedGreaves","Darkstone Periapt","Dodecahedron","MutagenicStrength","Coffee Dripper","Oddly Smooth Stone","Art of War","Bag of Preparation","Sundial","Pantograph","Whetstone"],"potions_floor_usage":[55,55,55],"damage_taken":[{"damage":15.0,"enemies":"2 Louse","floor":1.0,"turns":3.0},{"damage":0.0,"enemies":"Jaw Worm","floor":3.0,"turns":4.0},{"damage":4.0,"enemies":"Cultist","floor":4.0,"turns":4.0},{"damage":7.0,"enemies":"Lagavulin","floor":6.0,"turns":6.0},{"damage":6.0,"enemies":"3 Sentries","floor":8.0,"turns":8.0},{"damage":11.0,"enemies":"3 Louse","floor":10.0,"turns":5.0},{"damage":4.0,"enemies":"Gremlin Nob","floor":11.0,"turns":4.0},{"damage":0.0,"enemies":"Exordium Wildlife","floor":13.0,"turns":4.0},{"damage":0.0,"enemies":"Lots of Slimes","floor":14.0,"turns":3.0},{"damage":11.0,"enemies":"Hexaghost","floor":16.0,"turns":12.0},{"damage":5.0,"enemies":"2 Thieves","floor":18.0,"turns":5.0},{"damage":2.0,"enemies":"3 Byrds","floor":20.0,"turns":3.0},{"damage":36.0,"enemies":"Slavers","floor":23.0,"turns":6.0},{"damage":7.0,"enemies":"Snake Plant","floor":24.0,"turns":6.0},{"damage":58.0,"enemies":"Gremlin Leader","floor":25.0,"turns":5.0},{"damage":6.0,"enemies":"Slavers","floor":27.0,"turns":6.0},{"damage":16.0,"enemies":"Centurion and Healer","floor":31.0,"turns":7.0},{"damage":31.0,"enemies":"Collector","floor":33.0,"turns":5.0},{"damage":6.0,"enemies":"Orb Walker","floor":35.0,"turns":2.0},{"damage":6.0,"enemies":"3 Darklings","floor":38.0,"turns":6.0},{"damage":6.0,"enemies":"Giant Head","floor":41.0,"turns":7.0},{"damage":6.0,"enemies":"4 Shapes","floor":42.0,"turns":4.0},{"damage":55.0,"enemies":"Nemesis","floor":44.0,"turns":7.0},{"damage":11.0,"enemies":"Jaw Worm Horde","floor":46.0,"turns":5.0},{"damage":0.0,"enemies":"Giant Head","floor":47.0,"turns":8.0},{"damage":0.0,"enemies":"Nemesis","floor":48.0,"turns":3.0},{"damage":7.0,"enemies":"Time Eater","floor":50.0,"turns":7.0},{"damage":6,"enemies":"Shield and Spear","floor":54,"turns":3},{"damage":112,"enemies":"The Heart","floor":55,"turns":6}],"seed_played":"-5405807291211543608","potions_obtained":[{"floor":1.0,"key":"Regen Potion"},{"floor":6.0,"key":"EssenceOfSteel"},{"floor":10.0,"key":"Weak Potion"},{"floor":11.0,"key":"LiquidBronze"},{"floor":16.0,"key":"Strength Potion"},{"floor":20.0,"key":"SpeedPotion"},{"floor":24.0,"key":"Block Potion"},{"floor":25.0,"key":"BloodPotion"},{"floor":38.0,"key":"Fire Potion"},{"floor":41.0,"key":"Poison Potion"},{"floor":44.0,"key":"EssenceOfSteel"},{"floor":46.0,"key":"Fire Potion"}],"is_trial":false,"path_per_floor":["M","?","M","M","?","E","R","E","T","M","E","$","M","M","R","B",null,"M","T","M","?","$","E","M","E","T","E","R","$","?","M","R","B",null,"M","$","?","M","?","R","E","M","T","E","R","M","E","E","R","B",null,"R","$","E","B",null],"character_chosen":"IRONCLAD","items_purchased":["Vajra","Impervious","PreservedInsect","Evolve","Oddly Smooth Stone","Master of Strategy","GamblersBrew"],"campfire_rested":0,"item_purchase_floors":[12,12,22,29,36,53,53],"current_hp_per_floor":[63,56,60,65,65,80,80,78,78,79,89,89,94,94,94,88,93,88,88,94,75,75,55,48,5,5,30,30,30,30,35,35,87,96,93,93,93,100,90,90,103,106,106,51,51,59,102,112,112,108,113,113,113,107,3],"gold":58,"neow_bonus":"BOSS_RELIC","is_prod":false,"is_daily":false,"chose_seed":false,"campfire_upgraded":7,"win_rate":0,"timestamp":1559104797,"path_taken":["M","?","M","M","?","E","R","E","T","M","E","$","M","M","R","BOSS","M","?","M","?","?","E","?","E","T","E","R","$","?","M","R","BOSS","M","$","?","M","?","R","E","M","T","E","R","M","E","E","R","BOSS","R","$","E","BOSS"],"build_version":"2019-01-23","purchased_purges":1,"victory":true,"max_hp_per_floor":[80,80,80,80,80,80,80,80,80,80,94,94,94,94,94,94,94,94,94,94,99,99,99,99,99,99,99,99,99,99,99,99,99,99,102,102,97,100,100,100,103,106,106,106,106,109,112,112,112,115,115,115,115,115,115],"card_choices":[{"not_picked":["Combust","Reckless Charge","Clothesline"],"picked":"SKIP","floor":1.0},{"not_picked":["Entrench","Wild Strike","Combust"],"picked":"SKIP","floor":3.0},{"not_picked":["Sever Soul","Sword Boomerang"],"picked":"Flame Barrier","floor":4.0},{"not_picked":["Warcry","Thunderclap"],"picked":"Barricade","floor":6.0},{"not_picked":["Shockwave","Pommel Strike"],"picked":"Impervious","floor":8.0},{"not_picked":["Rage","Warcry"],"picked":"Headbutt","floor":10.0},{"not_picked":["Perfected Strike","Sword Boomerang"],"picked":"Bludgeon","floor":11.0},{"not_picked":["Pommel Strike","Uppercut"],"picked":"Heavy Blade","floor":13.0},{"not_picked":["Cleave","Combust"],"picked":"Headbutt","floor":14.0},{"not_picked":["Barricade","Double Tap"],"picked":"Limit Break","floor":16.0},{"not_picked":["Body Slam","Disarm"],"picked":"Spot Weakness","floor":18.0},{"not_picked":["Wild Strike","Uppercut","Clash"],"picked":"SKIP","floor":20.0},{"not_picked":["Armaments","Seeing Red","Iron Wave"],"picked":"SKIP","floor":23.0},{"not_picked":["Sever Soul","Perfected Strike","Pommel Strike"],"picked":"SKIP","floor":24.0},{"not_picked":["Blood for Blood","Iron Wave","Havoc"],"picked":"SKIP","floor":25.0},{"not_picked":["True Grit","Feel No Pain"],"picked":"Shrug It Off","floor":27.0},{"not_picked":["Sword Boomerang+1","Iron Wave"],"picked":"Feed","floor":31.0},{"not_picked":["Double Tap","Feed"],"picked":"Berserk","floor":33.0},{"not_picked":["Armaments","Clash+1","Heavy Blade"],"picked":"SKIP","floor":35.0},{"not_picked":["Iron Wave","Intimidate+1"],"picked":"Armaments+1","floor":38.0},{"not_picked":["Forethought","Enlightenment"],"picked":"Master of Strategy","floor":39.0},{"not_picked":["Ghostly Armor+1","Flex+1","Hemokinesis"],"picked":"SKIP","floor":41.0},{"not_picked":["Bloodletting","Inflame+1"],"picked":"Sword Boomerang+1","floor":42.0},{"not_picked":["Clash","Uppercut","Anger"],"picked":"SKIP","floor":44.0},{"not_picked":["Headbutt+1","Anger+1","Perfected Strike"],"picked":"SKIP","floor":46.0},{"not_picked":["Havoc","Sword Boomerang+1"],"picked":"Pommel Strike+1","floor":47.0},{"not_picked":["Spot Weakness+1","Bloodletting+1"],"picked":"Whirlwind+1","floor":48.0},{"not_picked":["Ghostly Armor","Sword Boomerang","Clash"],"picked":"SKIP","floor":54}],"player_experience":904229,"relics_obtained":[{"floor":5.0,"key":"Thread and Needle"},{"floor":6.0,"key":"War Paint"},{"floor":8.0,"key":"Tiny Chest"},{"floor":9.0,"key":"Bottled Flame"},{"floor":11.0,"key":"Mango"},{"floor":19.0,"key":"Bottled Lightning"},{"floor":23.0,"key":"Potion Belt"},{"floor":25.0,"key":"WingedGreaves"},{"floor":26.0,"key":"Darkstone Periapt"},{"floor":27.0,"key":"Dodecahedron"},{"floor":41.0,"key":"Art of War"},{"floor":44.0,"key":"Bag of Preparation"},{"floor":47.0,"key":"Sundial"},{"floor":48.0,"key":"Pantograph"},{"floor":54,"key":"Whetstone"}],"event_choices":[{"cards_removed":["Searing Blow"],"damage_healed":0.0,"max_hp_gain":0.0,"max_hp_loss":0.0,"gold_gain":0.0,"event_name":"Golden Wing","player_choice":"Card Removal","floor":2.0,"gold_loss":0.0,"damage_taken":7.0},{"damage_healed":0.0,"max_hp_gain":0.0,"max_hp_loss":0.0,"gold_gain":0.0,"event_name":"Wheel of Change","player_choice":"Relic","floor":5.0,"gold_loss":0.0,"damage_taken":0.0},{"damage_healed":0.0,"max_hp_gain":5.0,"max_hp_loss":0.0,"gold_gain":0.0,"event_name":"Forgotten Altar","player_choice":"Shed Blood","floor":21.0,"gold_loss":0.0,"damage_taken":24.0},{"damage_healed":0.0,"max_hp_gain":0.0,"max_hp_loss":0.0,"gold_gain":0.0,"event_name":"Drug Dealer","player_choice":"Inject Mutagens","floor":30.0,"gold_loss":0.0,"damage_taken":0.0,"relics_obtained":["MutagenicStrength"]},{"damage_healed":0.0,"max_hp_gain":0.0,"max_hp_loss":5.0,"gold_gain":0.0,"event_name":"Winding Halls","player_choice":"Max HP","floor":37.0,"gold_loss":0.0,"damage_taken":0.0},{"damage_healed":0.0,"max_hp_gain":0.0,"max_hp_loss":0.0,"gold_gain":0.0,"event_name":"SensoryStone","player_choice":"Memory 3","floor":39.0,"gold_loss":0.0,"damage_taken":10.0}],"is_beta":false,"boss_relics":[{"not_picked":["Sozu","Fusion Hammer"],"picked":"Mark of Pain"},{"not_picked":["Black Star","Calling Bell"],"picked":"Coffee Dripper"}],"items_purged_floors":[29],"is_endless":false,"potions_floor_spawned":[1,6,10,11,16,20,24,25,38,41,44,46],"ascension_level":10}