{"gold_per_floor":[116,126,136,136,156,156,182,194,231,259,289,301,332,364,376,493,505,537,549,15,34,34,34],"floor_reached":23,"playtime":1565,"items_purged":[],"score":195,"play_id":"a430b7c9-6b7d-40d1-a00f-b84454f54512","local_time":"20190316120811","is_ascension_mode":false,"campfire_choices":[{"data":"Chaos","floor":6.0,"key":"SMITH"},{"data":"Defragment","floor":8.0,"key":"SMITH"},{"data":"Fission","floor":12.0,"key":"SMITH"},{"floor":15.0,"key":"REST"}],"neow_cost":"NONE","seed_source_timestamp":0,"circlet_count":0,"master_deck":["Strike_B","Strike_B","Strike_B","Strike_B","Defend_B","Defend_B","Defend_B","Defend_B","Zap","Dualcast","Buffer+1","Chill","Coolheaded","Ball Lightning","Chaos+1","Defragment+1","Capacitor","Fission+1","Turbo","Meteor Strike","Chaos+1","Defragment","Thinking Ahead","Turbo","Steam+1"],"special_seed":0,"relics":["Cracked Core","MawBank","Regal Pillow","Philosopher\u0027s Stone","Singing Bowl"],"potions_floor_usage":[],"damage_taken":[{"damage":0.0,"enemies":"Cultist","floor":1.0,"turns":3.0},{"damage":0.0,"enemies":"Jaw Worm","floor":2.0,"turns":4.0},{"damage":1.0,"enemies":"2 Louse","floor":3.0,"turns":3.0},{"damage":0.0,"enemies":"Blue Slaver","floor":5.0,"turns":3.0},{"damage":13.0,"enemies":"3 Sentries","floor":7.0,"turns":9.0},{"damage":0.0,"enemies":"Looter","floor":10.0,"turns":3.0},{"damage":0.0,"enemies":"Exordium Thugs","floor":11.0,"turns":5.0},{"damage":7.0,"enemies":"Blue Slaver","floor":13.0,"turns":3.0},{"damage":13.0,"enemies":"3 Louse","floor":14.0,"turns":3.0},{"damage":17.0,"enemies":"Hexaghost","floor":16.0,"turns":11.0},{"damage":15.0,"enemies":"2 Thieves","floor":18.0,"turns":5.0},{"damage":22.0,"enemies":"Shell Parasite","floor":21.0,"turns":5.0},{"damage":0,"enemies":"Centurion and Healer","floor":23,"turns":1}],"seed_played":"-7840699116082899342","potions_obtained":[{"floor":1.0,"key":"AttackPotion"},{"floor":3.0,"key":"Explosive Potion"},{"floor":5.0,"key":"PowerPotion"},{"floor":10.0,"key":"EssenceOfSteel"}],"is_trial":false,"path_per_floor":["?","?","M","$"],"character_chosen":"DEFECT","items_purchased":["Defragment","Thinking Ahead","Singing Bowl","Turbo"],"campfire_rested":1,"item_purchase_floors":[20,20,20,20],"current_hp_per_floor":[75,75,74,74,74,74,61,61,61,61,61,61,54,41,75,58,75,60,60,60,38,38,38],"gold":34,"neow_bonus":"ONE_RANDOM_RARE_CARD","is_prod":false,"is_daily":false,"chose_seed":false,"campfire_upgraded":3,"win_rate":0,"timestamp":1552752491,"path_taken":["M","M","M","?","M","R","E","R","T","M","M","R","M","M","R","BOSS","M","?","$","?","?","M"],"build_version":"2019-01-23","purchased_purges":0,"victory":false,"max_hp_per_floor":[75,75,75,75,75,75,75,75,75,75,75,75,75,75,75,75,75,75,75,75,75,75,75],"card_choices":[{"not_picked":["Conserve Battery","Tempest"],"picked":"Chill","floor":1.0},{"not_picked":["Redo","Hologram"],"picked":"Coolheaded","floor":2.0},{"not_picked":["Aggregate","Rip and Tear"],"picked":"Ball Lightning","floor":3.0},{"not_picked":["Heatsinks","Hologram"],"picked":"Chaos","floor":5.0},{"not_picked":["Turbo","Beam Cell"],"picked":"Defragment","floor":7.0},{"not_picked":["White Noise","Consume"],"picked":"Capacitor","floor":10.0},{"not_picked":["Rip and Tear","Stack"],"picked":"Fission","floor":11.0},{"not_picked":["Redo","Hologram"],"picked":"Turbo","floor":13.0},{"not_picked":["Streamline","Redo","Ball Lightning"],"picked":"SKIP","floor":14.0},{"not_picked":["Hyperbeam","Creative AI"],"picked":"Meteor Strike","floor":16.0},{"not_picked":["Steam","Genetic Algorithm+1"],"picked":"Chaos+1","floor":18.0},{"not_picked":["Sweeping Beam","Leap"],"picked":"Steam+1","floor":21.0}],"player_experience":278052,"relics_obtained":[{"floor":7.0,"key":"MawBank"},{"floor":9.0,"key":"Regal Pillow"}],"event_choices":[{"damage_healed":0.0,"max_hp_gain":0.0,"max_hp_loss":0.0,"gold_gain":0.0,"event_name":"Living Wall","player_choice":"Grow","floor":4.0,"gold_loss":0.0,"damage_taken":0.0,"cards_upgraded":["Buffer"]},{"damage_healed":0.0,"max_hp_gain":0.0,"max_hp_loss":0.0,"gold_gain":0.0,"event_name":"Lab","player_choice":"Got Potions","floor":19.0,"gold_loss":0.0,"damage_taken":0.0}],"is_beta":false,"boss_relics":[{"not_picked":["Tiny House","Orrery"],"picked":"Philosopher\u0027s Stone"}],"items_purged_floors":[],"is_endless":false,"potions_floor_spawned":[1,3,5,10,11,13],"killed_by":"Centurion and Healer","ascension_level":0}