{"gold_per_floor":[117,117,37,37,37,62,82,82,160,125,149,149,187,200,200,330,330,351,351,451,466,466,466],"floor_reached":23,"playtime":3346,"items_purged":[],"score":355,"play_id":"8d1ce3e4-7e26-4716-8c11-08808e36ed92","local_time":"20190601160158","is_ascension_mode":true,"campfire_choices":[{"data":"Adrenaline","floor":12.0,"key":"SMITH"},{"data":"Neutralize","floor":15.0,"key":"SMITH"}],"neow_cost":"NONE","seed_source_timestamp":1164184438108878,"circlet_count":0,"master_deck":["AscendersBane","Defend_G","Defend_G+1","Defend_G","Defend_G","Defend_G","Strike_G","Strike_G","Strike_G","Strike_G","Strike_G","Survivor+1","Neutralize+1","Well Laid Plans","Regret","Adrenaline+1","Bouncing Flask","Injury","Skewer","Crippling Poison","Terror","Doppelganger","Catalyst","Leg Sweep","Backflip"],"special_seed":0,"relics":["Ring of the Snake","NeowsBlessing","Potion Belt","Ornamental Fan","Du-Vu Doll","Bloody Idol","Tiny Chest","Bag of Marbles","Sozu","Turnip","Meat on the Bone","Tough Bandages"],"potions_floor_usage":[],"damage_taken":[{"damage":0.0,"enemies":"2 Louse","floor":1.0,"turns":1.0},{"damage":0.0,"enemies":"Gremlin Nob","floor":6.0,"turns":1.0},{"damage":0.0,"enemies":"Jaw Worm","floor":7.0,"turns":1.0},{"damage":13.0,"enemies":"Small Slimes","floor":11.0,"turns":3.0},{"damage":13.0,"enemies":"Lagavulin","floor":13.0,"turns":7.0},{"damage":0.0,"enemies":"2 Fungi Beasts","floor":14.0,"turns":1.0},{"damage":15.0,"enemies":"The Guardian","floor":16.0,"turns":9.0},{"damage":3,"enemies":"Chosen","floor":18,"turns":4},{"damage":26,"enemies":"Colosseum Slavers","floor":20,"turns":4},{"damage":6,"enemies":"Colosseum Nobs","floor":20,"turns":5},{"damage":17,"enemies":"3 Byrds","floor":21,"turns":6},{"damage":36,"enemies":"Gremlin Leader","floor":23,"turns":6}],"seed_played":"38063638423766847","potions_obtained":[{"floor":7.0,"key":"Ancient Potion"},{"floor":11.0,"key":"GhostInAJar"},{"floor":13.0,"key":"Energy Potion"},{"floor":14.0,"key":"FearPotion"}],"is_trial":false,"path_per_floor":["M","?","$","?","?","E","M","?","T","?","M","R","E","M","R","B",null,"M","?","?","M","T","E"],"character_chosen":"THE_SILENT","items_purchased":["Well Laid Plans"],"campfire_rested":0,"item_purchase_floors":[3],"current_hp_per_floor":[63,60,60,60,46,46,46,46,46,63,50,50,37,37,37,22,58,55,55,28,28,28,0],"gold":466,"neow_bonus":"THREE_ENEMY_KILL","is_prod":false,"is_daily":false,"chose_seed":false,"campfire_upgraded":2,"win_rate":0,"timestamp":1559385118,"path_taken":["M","?","$","?","?","E","M","?","T","?","?","R","E","M","R","BOSS","M","?","?","M","?","E"],"build_version":"2019-01-23","purchased_purges":0,"victory":false,"max_hp_per_floor":[70,70,70,70,70,70,70,70,70,70,70,70,70,70,70,70,70,70,70,70,70,70,70],"card_choices":[{"not_picked":["Bane","Tactician","Concentrate"],"picked":"SKIP","floor":1.0},{"not_picked":["Calculated Gamble","Acrobatics"],"picked":"Adrenaline","floor":6.0},{"not_picked":["Outmaneuver","Prepared"],"picked":"Bouncing Flask","floor":7.0},{"not_picked":["Tactician","Caltrops"],"picked":"Skewer","floor":11.0},{"not_picked":["Deadly Poison","Eviscerate"],"picked":"Crippling Poison","floor":13.0},{"not_picked":["Skewer","Poisoned Stab"],"picked":"Terror","floor":14.0},{"not_picked":["Grand Finale","Venomology"],"picked":"Doppelganger","floor":16.0},{"not_picked":["Sucker Punch","Poisoned Stab"],"picked":"Catalyst","floor":18},{"not_picked":["Concentrate","Heel Hook"],"picked":"Leg Sweep","floor":20},{"not_picked":["Choke","Acrobatics"],"picked":"Backflip","floor":21}],"player_experience":1053068,"relics_obtained":[{"floor":6.0,"key":"Du-Vu Doll"},{"floor":9.0,"key":"Tiny Chest"},{"floor":13.0,"key":"Bag of Marbles"},{"floor":20,"key":"Turnip"},{"floor":20,"key":"Meat on the Bone"},{"floor":22,"key":"Tough Bandages"}],"event_choices":[{"damage_healed":0.0,"max_hp_gain":0.0,"max_hp_loss":0.0,"gold_gain":0.0,"event_name":"Scrap Ooze","player_choice":"Success","floor":2.0,"gold_loss":0.0,"damage_taken":3.0,"relics_obtained":["Potion Belt"]},{"damage_healed":0.0,"max_hp_gain":0.0,"max_hp_loss":0.0,"gold_gain":0.0,"event_name":"Big Fish","player_choice":"Box","floor":4.0,"gold_loss":0.0,"damage_taken":0.0,"relics_obtained":["Ornamental Fan"],"cards_obtained":["Regret"]},{"damage_healed":0.0,"max_hp_gain":0.0,"max_hp_loss":0.0,"gold_gain":0.0,"event_name":"Shining Light","player_choice":"Entered Light","floor":5.0,"gold_loss":0.0,"damage_taken":14.0,"cards_upgraded":["Survivor","Defend_G"]},{"damage_healed":0.0,"max_hp_gain":0.0,"max_hp_loss":0.0,"gold_gain":0.0,"event_name":"Golden Idol","player_choice":"Take Wound","floor":8.0,"gold_loss":0.0,"damage_taken":0.0,"relics_obtained":["Golden Idol"],"cards_obtained":["Injury"]},{"damage_healed":17.0,"max_hp_gain":0.0,"max_hp_loss":0.0,"gold_gain":0.0,"event_name":"The Cleric","player_choice":"Healed","floor":10.0,"gold_loss":35.0,"damage_taken":0.0},{"damage_healed":0,"gold_gain":0,"player_choice":"Gave Idol","damage_taken":0,"relics_obtained":["Bloody Idol"],"max_hp_gain":0,"max_hp_loss":0,"event_name":"Forgotten Altar","floor":19,"relics_lost":["Golden Idol"],"gold_loss":0},{"damage_healed":0,"gold_gain":0,"player_choice":"Fight","damage_taken":0,"max_hp_gain":0,"max_hp_loss":0,"event_name":"Colosseum","floor":20,"gold_loss":0},{"damage_healed":0,"gold_gain":0,"player_choice":"Fought Nobs","damage_taken":0,"max_hp_gain":0,"max_hp_loss":0,"event_name":"Colosseum","floor":20,"gold_loss":0}],"is_beta":false,"boss_relics":[{"not_picked":["Calling Bell","Busted Crown"],"picked":"Sozu"}],"items_purged_floors":[],"is_endless":false,"potions_floor_spawned":[7,11,13,14,20],"killed_by":"Gremlin Leader","ascension_level":12}