{"gold_per_floor":[117,128,128,78,3,31,31,41,41,41,68,101,101,276,276,377,377,388,398,411,326,326,326,32,32,32,0,0,13,13,24,24,122,122,133,0,0,0,0,0],"floor_reached":40,"playtime":3103,"items_purged":["Strike_B","Defend_B"],"score":413,"play_id":"055641d0-f5f7-4181-aafd-eed9d4a2c2d5","local_time":"20190126203123","is_ascension_mode":false,"campfire_choices":[{"data":"Zap","floor":7,"key":"SMITH"},{"data":"Leap","floor":10,"key":"SMITH"},{"data":"Streamline","floor":13,"key":"SMITH"},{"data":"Sweeping Beam","floor":15,"key":"SMITH"},{"data":"Fission","floor":23,"key":"SMITH"},{"data":"Transmutation","floor":28,"key":"SMITH"},{"floor":30,"key":"REST"},{"data":"Defragment","floor":32,"key":"SMITH"}],"neow_cost":"NONE","seed_source_timestamp":1462882323352116,"circlet_count":0,"master_deck":["Strike_B+1","Defend_B+1","Defend_B+1","Defend_B+1","Zap+1","Dualcast","Sweeping Beam+1","Sweeping Beam","Leap+1","Capacitor","Streamline+1","Doubt","Fission+1","Leap","Barrage","Glacier","Defragment+1","Redo","Transmutation+1","Melter","Electrodynamics","Tempest","Forethought","Good Instincts"],"relics":["Cracked Core","NeowsBlessing","Matryoshka","Symbiotic Virus","Centennial Puzzle","Pantograph","Odd Mushroom","WingedGreaves","Velvet Choker","Dream Catcher","Blood Vial","Ornamental Fan","Runic Pyramid","Red Mask"],"potions_floor_usage":[18,20,33,40],"damage_taken":[{"damage":0,"enemies":"Small Slimes","floor":1,"turns":1},{"damage":0,"enemies":"2 Louse","floor":2,"turns":1},{"damage":0,"enemies":"3 Sentries","floor":6,"turns":1},{"damage":6,"enemies":"Jaw Worm","floor":8,"turns":2},{"damage":5,"enemies":"The Mushroom Lair","floor":11,"turns":3},{"damage":8,"enemies":"Gremlin Nob","floor":12,"turns":4},{"damage":35,"enemies":"Slime Boss","floor":16,"turns":6},{"damage":5,"enemies":"2 Thieves","floor":18,"turns":3},{"damage":0,"enemies":"Spheric Guardian","floor":19,"turns":3},{"damage":28,"enemies":"Chosen and Byrds","floor":20,"turns":7},{"damage":10,"enemies":"Shelled Parasite and Fungi","floor":29,"turns":4},{"damage":2,"enemies":"Snecko","floor":31,"turns":5},{"damage":31,"enemies":"Collector","floor":33,"turns":11},{"damage":5,"enemies":"3 Shapes","floor":35,"turns":4},{"damage":62,"enemies":"Giant Head","floor":40,"turns":9}],"seed_played":"2336316003578657213","potions_obtained":[{"floor":8,"key":"Dexterity Potion"},{"floor":11,"key":"PowerPotion"},{"floor":12,"key":"Fire Potion"},{"floor":18,"key":"Strength Potion"},{"floor":31,"key":"AttackPotion"},{"floor":35,"key":"Energy Potion"}],"is_trial":false,"path_per_floor":["M","M","?","?","$","E","R","M","T","R","?","E","R","?","R","B",null,"M","M","M","?","?","R","$","?","T","?","R","M","R","M","R","B",null,"M","?","?","$","?","E"],"character_chosen":"DEFECT","items_purchased":["Redo","Transmutation"],"campfire_rested":1,"item_purchase_floors":[24,24],"current_hp_per_floor":[75,75,75,75,75,75,75,69,69,69,64,56,56,56,56,40,75,70,70,42,42,42,42,42,42,42,42,42,34,56,56,56,44,75,70,70,60,60,60,0],"gold":0,"neow_bonus":"THREE_ENEMY_KILL","is_prod":false,"is_daily":false,"chose_seed":false,"campfire_upgraded":7,"win_rate":0,"timestamp":1548556283,"path_taken":["M","M","?","?","$","E","R","M","T","R","?","E","R","?","R","BOSS","M","M","M","?","?","R","$","?","T","?","R","M","R","?","R","BOSS","M","?","?","$","?","E"],"build_version":"2019-01-23","purchased_purges":2,"victory":false,"max_hp_per_floor":[75,75,75,75,75,75,75,75,75,75,75,75,75,75,75,75,75,75,75,75,75,75,75,75,75,75,75,75,75,75,75,75,75,75,75,75,75,75,75,75],"card_choices":[{"not_picked":["Cold Snap","Conserve Battery"],"picked":"Sweeping Beam","floor":1},{"not_picked":["White Noise","Doom and Gloom"],"picked":"Sweeping Beam","floor":2},{"not_picked":["Gash","Amplify"],"picked":"Compile Driver","floor":6},{"not_picked":["Lockon","Barrage"],"picked":"Leap","floor":8},{"not_picked":["Go for the Eyes","Hello World"],"picked":"Capacitor","floor":11},{"not_picked":["Hyperbeam","Capacitor"],"picked":"Streamline","floor":12},{"not_picked":["Buffer","Hyperbeam"],"picked":"Fission","floor":16},{"not_picked":["Hologram+1","Turbo"],"picked":"Leap","floor":18},{"not_picked":["Leap","Coolheaded"],"picked":"Barrage","floor":19},{"not_picked":["Stack+1","Force Field","Go for the Eyes"],"picked":"SKIP","floor":20},{"not_picked":["Undo","Barrage","Reinforced Body"],"picked":"SKIP","floor":29},{"not_picked":["Turbo+1","Coolheaded"],"picked":"Melter","floor":30},{"not_picked":["Turbo+1","Stack","Fission"],"picked":"SKIP","floor":31},{"not_picked":["Biased Cognition","Core Surge"],"picked":"Electrodynamics","floor":33},{"not_picked":["Turbo+1","Sweeping Beam+1"],"picked":"Tempest","floor":35},{"not_picked":["Master of Strategy","Impatience"],"picked":"Forethought","floor":37},{"not_picked":["Blind","Master of Strategy"],"picked":"Good Instincts","floor":37}],"player_experience":123044,"relics_obtained":[{"floor":6,"key":"Symbiotic Virus"},{"floor":9,"key":"Centennial Puzzle"},{"floor":9,"key":"Pantograph"},{"floor":11,"key":"Odd Mushroom"},{"floor":12,"key":"WingedGreaves"},{"floor":26,"key":"Blood Vial"},{"floor":26,"key":"Ornamental Fan"}],"event_choices":[{"damage_healed":0,"gold_gain":0,"player_choice":"Box","damage_taken":0,"relics_obtained":["Matryoshka"],"max_hp_gain":0,"max_hp_loss":0,"event_name":"Big Fish","floor":3,"gold_loss":0,"cards_obtained":["Regret"]},{"cards_removed":["Regret"],"damage_healed":0,"gold_gain":0,"player_choice":"Card Removal","damage_taken":0,"max_hp_gain":0,"max_hp_loss":0,"event_name":"The Cleric","floor":4,"gold_loss":50},{"damage_healed":0,"gold_gain":0,"player_choice":"Fought Mushrooms","damage_taken":0,"max_hp_gain":0,"max_hp_loss":0,"event_name":"Mushrooms","floor":11,"gold_loss":0},{"damage_healed":0,"gold_gain":175,"player_choice":"AGREE","damage_taken":0,"max_hp_gain":0,"max_hp_loss":0,"event_name":"Liars Game","floor":14,"gold_loss":0,"cards_obtained":["Doubt"]},{"damage_healed":0,"gold_gain":0,"player_choice":"Obtained Relic","damage_taken":0,"relics_obtained":["Dream Catcher"],"max_hp_gain":0,"max_hp_loss":0,"event_name":"Addict","floor":21,"gold_loss":85},{"damage_healed":0,"gold_gain":0,"cards_transformed":["Strike_B","Strike_B"],"player_choice":"Became Test Subject","damage_taken":0,"max_hp_gain":0,"max_hp_loss":0,"event_name":"Drug Dealer","floor":22,"gold_loss":0,"cards_obtained":["Glacier","Defragment"]},{"damage_healed":0,"gold_gain":0,"player_choice":"Simplicity","damage_taken":0,"max_hp_gain":0,"max_hp_loss":0,"event_name":"Back to Basics","floor":25,"gold_loss":0,"cards_upgraded":["Strike_B","Defend_B","Defend_B","Defend_B"]},{"damage_healed":0,"gold_gain":0,"player_choice":"Paid Fearfully","damage_taken":0,"max_hp_gain":0,"max_hp_loss":0,"event_name":"Masked Bandits","floor":27,"gold_loss":32},{"damage_healed":0,"gold_gain":0,"player_choice":"Paid","damage_taken":0,"relics_obtained":["Red Mask"],"max_hp_gain":0,"max_hp_loss":0,"event_name":"Tomb of Lord Red Mask","floor":36,"gold_loss":133},{"damage_healed":0,"gold_gain":0,"player_choice":"Memory 3","damage_taken":10,"max_hp_gain":0,"max_hp_loss":0,"event_name":"SensoryStone","floor":37,"gold_loss":0},{"cards_removed":["Compile Driver"],"damage_healed":0,"gold_gain":0,"player_choice":"Removed Attack","damage_taken":0,"max_hp_gain":0,"max_hp_loss":0,"event_name":"Falling","floor":39,"gold_loss":0}],"is_beta":false,"boss_relics":[{"not_picked":["Snecko Eye","Philosopher\u0027s Stone"],"picked":"Velvet Choker"},{"not_picked":["Lizard Tail","Sozu"],"picked":"Runic Pyramid"}],"items_purged_floors":[5,24],"is_endless":false,"potions_floor_spawned":[8,11,12,18,19,31,35],"killed_by":"Giant Head","ascension_level":0}