{"gold_per_floor":[119,45,45,56,73,106,106,122,122,153,173,173,192,210,210,305,305,322,340,358,358,371,371,382,382,432,432,443,0,16,32,32,127,127,138,152,166,166,91,91,106,6,6,6,6,26,26,44,44,44,44,44,44,44],"floor_reached":54,"playtime":7361,"items_purged":["Defend_R","True Grit"],"score":854,"play_id":"d03865fc-c760-4398-9c78-cede615e984e","local_time":"20190529230600","is_ascension_mode":true,"campfire_choices":[{"data":"Bash","floor":7.0,"key":"SMITH"},{"floor":12.0,"key":"REST"},{"floor":15.0,"key":"REST"},{"floor":23.0,"key":"REST"},{"floor":27.0,"key":"REST"},{"floor":32.0,"key":"REST"},{"data":"Barricade","floor":40.0,"key":"SMITH"},{"floor":47,"key":"RECALL"},{"floor":49,"key":"REST"},{"data":"True Grit","floor":52,"key":"SMITH"}],"neow_cost":"NONE","seed_source_timestamp":2022814154163361,"circlet_count":0,"master_deck":["Strike_R+1","Strike_R","Defend_R","Defend_R","Defend_R","Bash+1","Heavy Blade","Metallicize","Sever Soul+1","Seeing Red","Reckless Charge","Shrug It Off","Exhume","Rampage","Barricade+1","True Grit+1","Shrug It Off+1","Burning Pact","Body Slam","True Grit+1","Metallicize+1","Entrench+1","Impervious","Warcry+1","Decay"],"special_seed":0,"relics":["Burning Blood","NeowsBlessing","Pocketwatch","Torii","Velvet Choker","Enchiridion","Blood Vial","Cursed Key","Whetstone"],"potions_floor_usage":[46,50,54],"damage_taken":[{"damage":0.0,"enemies":"Cultist","floor":1.0,"turns":1.0},{"damage":0.0,"enemies":"2 Louse","floor":4.0,"turns":1.0},{"damage":0.0,"enemies":"Jaw Worm","floor":5.0,"turns":1.0},{"damage":27.0,"enemies":"3 Sentries","floor":6.0,"turns":12.0},{"damage":8.0,"enemies":"Looter","floor":8.0,"turns":3.0},{"damage":31.0,"enemies":"Gremlin Nob","floor":10.0,"turns":4.0},{"damage":22.0,"enemies":"Exordium Thugs","floor":11.0,"turns":5.0},{"damage":13.0,"enemies":"2 Fungi Beasts","floor":13.0,"turns":4.0},{"damage":7.0,"enemies":"3 Louse","floor":14.0,"turns":3.0},{"damage":28.0,"enemies":"Slime Boss","floor":16.0,"turns":8.0},{"damage":22.0,"enemies":"Chosen","floor":18.0,"turns":5.0},{"damage":26.0,"enemies":"3 Byrds","floor":19.0,"turns":8.0},{"damage":14.0,"enemies":"Snecko","floor":20.0,"turns":6.0},{"damage":29.0,"enemies":"Chosen and Byrds","floor":22.0,"turns":10.0},{"damage":17.0,"enemies":"Centurion and Healer","floor":24.0,"turns":9.0},{"damage":31.0,"enemies":"Snake Plant","floor":28.0,"turns":4.0},{"damage":4.0,"enemies":"Sentry and Sphere","floor":30.0,"turns":10.0},{"damage":2.0,"enemies":"Shelled Parasite and Fungi","floor":31.0,"turns":9.0},{"damage":1.0,"enemies":"Champ","floor":33.0,"turns":14.0},{"damage":0.0,"enemies":"3 Shapes","floor":35.0,"turns":5.0},{"damage":10.0,"enemies":"3 Darklings","floor":36.0,"turns":11.0},{"damage":18.0,"enemies":"Sphere and 2 Shapes","floor":37.0,"turns":9.0},{"damage":59.0,"enemies":"Transient","floor":41.0,"turns":5.0},{"damage":1,"enemies":"4 Shapes","floor":46,"turns":8},{"damage":9,"enemies":"Jaw Worm Horde","floor":48,"turns":8},{"damage":26,"enemies":"Time Eater","floor":50,"turns":10},{"damage":68,"enemies":"Shield and Spear","floor":54,"turns":8}],"seed_played":"-4244729308455801494","potions_obtained":[{"floor":4.0,"key":"SpeedPotion"},{"floor":10.0,"key":"Swift Potion"},{"floor":13.0,"key":"BloodPotion"},{"floor":16.0,"key":"Explosive Potion"},{"floor":20.0,"key":"EssenceOfSteel"},{"floor":28.0,"key":"Poison Potion"},{"floor":30.0,"key":"Strength Potion"},{"floor":31.0,"key":"Explosive Potion"},{"floor":33.0,"key":"Block Potion"},{"floor":35.0,"key":"Weak Potion"},{"floor":37.0,"key":"Strength Potion"},{"floor":48,"key":"Energy Potion"}],"is_trial":false,"path_per_floor":["M","$","?","M","M","E","R","M","T","E","M","R","M","M","R","B",null,"M","M","M","?","M","R","M","?","T","R","M","?","M","M","R","B",null,"M","M","M","?","$","R","M","$","T","?","?","M","R","M","R","B",null,"R","$","E"],"character_chosen":"IRONCLAD","items_purchased":["Metallicize"],"campfire_rested":6,"item_purchase_floors":[2],"current_hp_per_floor":[78,78,78,80,80,59,59,57,57,32,16,40,33,32,56,34,69,53,33,25,25,10,34,23,7,7,31,8,8,12,18,42,49,72,80,76,66,66,66,66,15,15,15,15,15,22,22,21,43,25,63,63,63,0],"gold":44,"neow_bonus":"THREE_ENEMY_KILL","is_prod":false,"is_daily":false,"chose_seed":false,"campfire_upgraded":3,"win_rate":0,"timestamp":1559185560,"path_taken":["M","$","?","M","?","E","R","M","T","E","M","R","M","?","R","BOSS","M","M","M","?","M","R","M","?","T","R","M","?","M","M","R","BOSS","M","M","M","?","$","R","M","?","T","?","?","M","R","M","R","BOSS","R","$","E"],"build_version":"2019-01-23","purchased_purges":2,"victory":false,"max_hp_per_floor":[80,80,80,80,80,80,80,80,80,80,80,80,80,80,80,80,80,80,80,80,80,80,80,80,80,80,80,80,80,80,80,80,80,80,80,80,80,80,80,80,80,80,80,76,76,76,76,76,76,76,76,76,76,76],"card_choices":[{"not_picked":["Clash","Corruption"],"picked":"Heavy Blade","floor":1.0},{"not_picked":["Perfected Strike","Clothesline"],"picked":"Sever Soul","floor":4.0},{"not_picked":["Clash","Pommel Strike"],"picked":"Seeing Red","floor":5.0},{"not_picked":["Pommel Strike","Corruption"],"picked":"True Grit","floor":6.0},{"not_picked":["Perfected Strike","Clothesline"],"picked":"Reckless Charge","floor":8.0},{"not_picked":["Burning Pact","Corruption"],"picked":"Shrug It Off","floor":10.0},{"not_picked":["Perfected Strike","Havoc"],"picked":"Exhume","floor":11.0},{"not_picked":["Ghostly Armor","Battle Trance"],"picked":"Rampage","floor":13.0},{"not_picked":["Blood for Blood","Flex","Thunderclap"],"picked":"SKIP","floor":14.0},{"not_picked":["Limit Break","Brutality"],"picked":"Barricade","floor":16.0},{"not_picked":["Heavy Blade","Sword Boomerang"],"picked":"True Grit","floor":18.0},{"not_picked":["Dropkick","Rage"],"picked":"Shrug It Off+1","floor":19.0},{"not_picked":["Havoc","Whirlwind","Cleave"],"picked":"SKIP","floor":20.0},{"not_picked":["Infernal Blade","Clash"],"picked":"True Grit+1","floor":22.0},{"not_picked":["Flex","Blood for Blood","Warcry"],"picked":"SKIP","floor":24.0},{"not_picked":["Wild Strike+1","Whirlwind","Heavy Blade+1"],"picked":"SKIP","floor":28.0},{"not_picked":["Flex","Barricade"],"picked":"Metallicize+1","floor":30.0},{"not_picked":["Pommel Strike","Corruption"],"picked":"Entrench+1","floor":31.0},{"not_picked":["Berserk","Juggernaut"],"picked":"Impervious","floor":33.0},{"not_picked":["Shockwave","Wild Strike+1","Heavy Blade"],"picked":"SKIP","floor":35.0},{"not_picked":["Clash+1","Corruption"],"picked":"Warcry+1","floor":36.0},{"not_picked":["Clash","Rampage+1","Heavy Blade+1"],"picked":"SKIP","floor":37.0},{"not_picked":["Clothesline+1","Twin Strike+1","Rage+1"],"picked":"SKIP","floor":41.0},{"not_picked":["Whirlwind","Thunderclap","Armaments"],"picked":"SKIP","floor":46},{"not_picked":["Perfected Strike","Dual Wield","Wild Strike+1"],"picked":"SKIP","floor":48}],"player_experience":322839,"relics_obtained":[{"floor":6.0,"key":"Pocketwatch"},{"floor":10.0,"key":"Torii"},{"floor":25.0,"key":"Enchiridion"},{"floor":26.0,"key":"Blood Vial"},{"floor":43.0,"key":"Whetstone"}],"event_choices":[{"cards_removed":["Strike_R"],"damage_healed":0.0,"max_hp_gain":0.0,"max_hp_loss":0.0,"gold_gain":0.0,"event_name":"Bonfire Elementals","player_choice":"Offered Basic","floor":3.0,"gold_loss":0.0,"damage_taken":0.0},{"damage_healed":0.0,"max_hp_gain":0.0,"max_hp_loss":0.0,"gold_gain":0.0,"cards_transformed":["Strike_R","Strike_R"],"event_name":"Drug Dealer","player_choice":"Became Test Subject","floor":21.0,"gold_loss":0.0,"damage_taken":0.0,"cards_obtained":["Burning Pact","Body Slam"]},{"damage_healed":0.0,"max_hp_gain":0.0,"max_hp_loss":0.0,"gold_gain":0.0,"event_name":"Cursed Tome","player_choice":"Obtained Book","floor":25.0,"gold_loss":0.0,"damage_taken":16.0},{"damage_healed":0.0,"max_hp_gain":0.0,"max_hp_loss":0.0,"gold_gain":0.0,"event_name":"Masked Bandits","player_choice":"Paid Fearfully","floor":29.0,"gold_loss":443.0,"damage_taken":0.0},{"damage_healed":0.0,"max_hp_gain":0.0,"max_hp_loss":0.0,"gold_gain":0.0,"event_name":"The Woman in Blue","player_choice":"Bought 0 Potions","floor":38.0,"gold_loss":0.0,"damage_taken":0.0},{"damage_healed":0.0,"max_hp_gain":0.0,"max_hp_loss":4.0,"gold_gain":0.0,"event_name":"Winding Halls","player_choice":"Max HP","floor":44.0,"gold_loss":0.0,"damage_taken":0.0},{"damage_healed":0.0,"max_hp_gain":0.0,"max_hp_loss":0.0,"gold_gain":0.0,"event_name":"Mysterious Sphere","player_choice":"Ignored","floor":45.0,"gold_loss":0.0,"damage_taken":0.0}],"is_beta":false,"boss_relics":[{"not_picked":["Pandora\u0027s Box","Runic Dome"],"picked":"Velvet Choker"},{"not_picked":["White Beast Statue","Coffee Dripper"],"picked":"Cursed Key"}],"items_purged_floors":[39,42],"is_endless":false,"potions_floor_spawned":[4,10,13,16,20,28,30,31,33,35,37,48],"killed_by":"Shield and Spear","ascension_level":6}