{"gold_per_floor":[118,136,136,156,28,28,45,59,59,59,134,134,84,95,95,95],"floor_reached":16,"playtime":1283,"items_purged":["Strike_R"],"score":142,"play_id":"0df85959-3371-445f-b923-de291c45b5e1","local_time":"20190117005327","is_ascension_mode":false,"campfire_choices":[{"data":"Body Slam","floor":6,"key":"SMITH"},{"data":"Warcry","floor":10,"key":"SMITH"},{"data":"Shrug It Off","floor":12,"key":"SMITH"},{"data":"Body Slam","floor":15,"key":"SMITH"}],"neow_cost":"NONE","seed_source_timestamp":0,"circlet_count":0,"master_deck":["Strike_R","Strike_R","Strike_R","Defend_R","Defend_R","Defend_R","Defend_R","Bash+1","Body Slam+1","Heavy Blade","Shrug It Off+1","Warcry+1","Shrug It Off","Body Slam+1"],"special_seed":0,"relics":["Burning Blood","Bronze Scales","Lantern"],"potions_floor_usage":[16,16],"damage_taken":[{"damage":3,"enemies":"2 Louse","floor":1,"turns":4},{"damage":15,"enemies":"Small Slimes","floor":2,"turns":4},{"damage":1,"enemies":"Cultist","floor":4,"turns":4},{"damage":6,"enemies":"Blue Slaver","floor":7,"turns":4},{"damage":0,"enemies":"2 Fungi Beasts","floor":8,"turns":4},{"damage":0,"enemies":"Looter","floor":14,"turns":2},{"damage":46,"enemies":"Slime Boss","floor":16,"turns":9}],"seed_played":"-2738105881828310313","potions_obtained":[{"floor":1,"key":"SteroidPotion"},{"floor":7,"key":"Explosive Potion"}],"is_trial":false,"path_per_floor":["M","M","?","M","$","R","M","M","T","R","?","R","?","M","R","B"],"character_chosen":"IRONCLAD","items_purchased":["Shrug It Off"],"campfire_rested":0,"item_purchase_floors":[5],"current_hp_per_floor":[80,71,53,58,58,58,58,64,64,64,53,53,53,59,59,13],"gold":95,"neow_bonus":"UPGRADE_CARD","is_prod":false,"is_daily":false,"chose_seed":false,"campfire_upgraded":4,"win_rate":0,"timestamp":1547708007,"path_taken":["M","M","?","M","$","R","M","M","T","R","?","R","?","M","R","BOSS"],"build_version":"2019-01-10","purchased_purges":1,"victory":false,"max_hp_per_floor":[80,80,80,80,80,80,80,80,80,80,80,80,80,80,80,80],"card_choices":[{"not_picked":["Bloodletting","Twin Strike"],"picked":"Body Slam","floor":1},{"not_picked":["Twin Strike","Dual Wield","Power Through"],"picked":"SKIP","floor":2},{"not_picked":["Anger","Hemokinesis"],"picked":"Heavy Blade","floor":4},{"not_picked":["Armaments","Havoc"],"picked":"Warcry","floor":7},{"not_picked":["Feel No Pain","Clothesline"],"picked":"Shrug It Off","floor":8},{"not_picked":["Cleave","Shockwave"],"picked":"Body Slam","floor":14}],"player_experience":91497,"relics_obtained":[{"floor":9,"key":"Lantern"}],"event_choices":[{"damage_healed":0,"gold_gain":0,"player_choice":"Success","damage_taken":18,"relics_obtained":["Bronze Scales"],"max_hp_gain":0,"max_hp_loss":0,"event_name":"Scrap Ooze","floor":3,"gold_loss":0},{"damage_healed":0,"gold_gain":75,"player_choice":"Gather Gold","damage_taken":11,"max_hp_gain":0,"max_hp_loss":0,"event_name":"World of Goop","floor":11,"gold_loss":0},{"cards_removed":["Strike_R"],"damage_healed":0,"gold_gain":0,"player_choice":"Card Removal","damage_taken":0,"max_hp_gain":0,"max_hp_loss":0,"event_name":"The Cleric","floor":13,"gold_loss":50}],"is_beta":false,"boss_relics":[],"items_purged_floors":[5],"is_endless":false,"potions_floor_spawned":[1,7],"killed_by":"Slime Boss","ascension_level":0}