{"gold_per_floor":[115,132,132,148,158,158,183,183,207,238,20,47,66,85,85,183,183,183,183,183,183,183,183,183,183,183,183,183,183,183,183,183,183,183,183,183,183,183,183,183,183,183,183,183,183,183,183,183,183,183,183,183,34,34,34],"floor_reached":56,"playtime":12847,"items_purged":["Strike_G"],"score":1708,"play_id":"510e81a2-3e29-487c-b828-6df835fac818","local_time":"20190521092102","is_ascension_mode":true,"campfire_choices":[{"data":"Neutralize","floor":6.0,"key":"SMITH"},{"data":"Burst","floor":8.0,"key":"SMITH"},{"data":"Footwork","floor":15.0,"key":"SMITH"},{"data":"Wraith Form v2","floor":25.0,"key":"SMITH"},{"data":"Ghostly","floor":32.0,"key":"SMITH"},{"floor":41.0,"key":"REST"},{"floor":45.0,"key":"RECALL"},{"floor":49.0,"key":"REST"},{"floor":52.0,"key":"REST"}],"neow_cost":"TEN_PERCENT_HP_LOSS","seed_source_timestamp":150153547790669,"circlet_count":0,"master_deck":["Survivor+1","Neutralize+1","After Image+1","Dagger Spray+1","Bouncing Flask+1","Footwork+1","Dodge and Roll+1","Burst+1","Backstab+1","Bouncing Flask+1","PiercingWail+1","Corpse Explosion+1","Leg Sweep+1","RitualDagger+1","Noxious Fumes+1","Necronomicurse","Deadly Poison+1","Wraith Form v2+1","Ghostly+1","Ghostly+1","Ghostly+1","Ghostly+1","Ghostly+1","Terror+1","Adrenaline+1","Endless Agony+1","Predator+1","Reflex+1","Noxious Fumes+1","Deflect+1","Storm of Steel+1","Distraction+1","Unload+1","Backflip+1","Infinite Blades"],"special_seed":0,"relics":["Ring of the Snake","FaceOfCleric","Regal Pillow","Boot","Bag of Marbles","Blood Vial","Bronze Scales","Ectoplasm","Necronomicon","Matryoshka","Pantograph","PreservedInsect","Orichalcum","Toxic Egg 2","Lantern","Pandora\u0027s Box","Mark of the Bloom","MawBank","Art of War","Vajra","Kunai","Spirit Poop","Centennial Puzzle"],"potions_floor_usage":[55],"damage_taken":[{"damage":1.0,"enemies":"Cultist","floor":1.0,"turns":5.0},{"damage":0.0,"enemies":"2 Louse","floor":2.0,"turns":4.0},{"damage":0.0,"enemies":"Jaw Worm","floor":4.0,"turns":5.0},{"damage":1.0,"enemies":"Exordium Thugs","floor":5.0,"turns":8.0},{"damage":24.0,"enemies":"3 Sentries","floor":7.0,"turns":13.0},{"damage":3.0,"enemies":"Lagavulin","floor":10.0,"turns":8.0},{"damage":6.0,"enemies":"3 Sentries","floor":12.0,"turns":9.0},{"damage":6.0,"enemies":"Large Slime","floor":13.0,"turns":5.0},{"damage":0.0,"enemies":"Exordium Wildlife","floor":14.0,"turns":4.0},{"damage":10.0,"enemies":"Hexaghost","floor":16.0,"turns":12.0},{"damage":0.0,"enemies":"3 Byrds","floor":18.0,"turns":3.0},{"damage":1.0,"enemies":"Shell Parasite","floor":20.0,"turns":4.0},{"damage":5.0,"enemies":"Snecko","floor":22.0,"turns":5.0},{"damage":15.0,"enemies":"Gremlin Leader","floor":23.0,"turns":6.0},{"damage":7.0,"enemies":"Snake Plant","floor":24.0,"turns":3.0},{"damage":0.0,"enemies":"Shelled Parasite and Fungi","floor":29.0,"turns":7.0},{"damage":0.0,"enemies":"Slavers","floor":30.0,"turns":6.0},{"damage":0.0,"enemies":"Snecko","floor":31.0,"turns":10.0},{"damage":4.0,"enemies":"Champ","floor":33.0,"turns":12.0},{"damage":0.0,"enemies":"3 Darklings","floor":35.0,"turns":3.0},{"damage":0.0,"enemies":"3 Shapes","floor":36.0,"turns":3.0},{"damage":0.0,"enemies":"Maw","floor":38.0,"turns":7.0},{"damage":0.0,"enemies":"Writhing Mass","floor":39.0,"turns":6.0},{"damage":1.0,"enemies":"Nemesis","floor":40.0,"turns":3.0},{"damage":0.0,"enemies":"Reptomancer","floor":42.0,"turns":4.0},{"damage":0.0,"enemies":"Giant Head","floor":44.0,"turns":7.0},{"damage":0.0,"enemies":"Nemesis","floor":46.0,"turns":5.0},{"damage":2.0,"enemies":"Awakened One","floor":50.0,"turns":14.0},{"damage":0.0,"enemies":"Shield and Spear","floor":54.0,"turns":5.0},{"damage":11,"enemies":"The Heart","floor":55,"turns":10}],"seed_played":"-7126037356217522490","potions_obtained":[{"floor":2.0,"key":"Regen Potion"},{"floor":4.0,"key":"Strength Potion"},{"floor":7.0,"key":"Explosive Potion"},{"floor":14.0,"key":"Regen Potion"},{"floor":22.0,"key":"AttackPotion"},{"floor":23.0,"key":"EssenceOfSteel"},{"floor":30.0,"key":"Fruit Juice"},{"floor":35.0,"key":"Weak Potion"},{"floor":39.0,"key":"FearPotion"},{"floor":44.0,"key":"GamblersBrew"},{"floor":54.0,"key":"GamblersBrew"}],"is_trial":false,"path_per_floor":["M","M","?","M","M","R","E","R","T","E","$","E","M","M","R","B",null,"M","?","M","?","M","E","M","R","T","?","T","M","E","M","R","B",null,"M","M","?","M","M","E","R","E","T","E","R","E","?","?","R","B",null,"R","$","E","B",null],"character_chosen":"THE_SILENT","items_purchased":["Blood Vial","GamblersBrew","Ancient Potion"],"campfire_rested":3,"item_purchase_floors":[11,53,53],"current_hp_per_floor":[62,62,62,63,63,63,52,52,52,50,50,47,44,47,47,40,63,66,60,62,46,58,46,42,42,42,38,38,39,45,46,46,43,46,48,49,49,49,49,48,48,48,48,48,48,48,48,48,48,46,46,46,46,46,35],"gold":34,"neow_bonus":"THREE_RARE_CARDS","is_prod":false,"is_daily":false,"chose_seed":false,"campfire_upgraded":5,"win_rate":0,"timestamp":1558410662,"path_taken":["M","?","?","M","M","R","E","R","T","E","?","E","M","M","R","BOSS","BOSS","M","?","M","?","M","E","?","R","T","?","?","?","E","M","R","BOSS","M","M","?","M","M","E","R","E","T","E","R","E","?","?","R","BOSS","R","$","E","BOSS"],"build_version":"2019-01-23","purchased_purges":1,"victory":true,"max_hp_per_floor":[63,63,63,64,65,65,66,66,66,67,67,68,69,70,70,71,71,72,72,73,73,74,75,76,76,76,38,38,39,45,46,46,47,47,48,49,49,50,51,52,52,53,53,54,54,55,55,52,52,53,53,53,53,54,55],"card_choices":[{"not_picked":["Grand Finale","Venomology"],"picked":"After Image","floor":0.0},{"not_picked":["Blade Dance","Slice"],"picked":"Dagger Spray","floor":1.0},{"not_picked":["Flying Knee","Escape Plan"],"picked":"Bouncing Flask","floor":2.0},{"not_picked":["Riddle With Holes","Deflect"],"picked":"Footwork","floor":4.0},{"not_picked":["Well Laid Plans","Underhanded Strike"],"picked":"Dodge and Roll","floor":5.0},{"not_picked":["Bane","Backflip"],"picked":"Burst","floor":7.0},{"not_picked":["Quick Slash","Choke"],"picked":"Backstab","floor":10.0},{"not_picked":["Heel Hook","Dagger Spray"],"picked":"Bouncing Flask","floor":12.0},{"not_picked":["Dodge and Roll","Backflip"],"picked":"PiercingWail","floor":13.0},{"not_picked":["Blade Dance","Dodge and Roll","Flying Knee"],"picked":"SKIP","floor":14.0},{"not_picked":["Doppelganger","Envenom"],"picked":"Corpse Explosion","floor":16.0},{"not_picked":["Acrobatics","Caltrops"],"picked":"Leg Sweep","floor":18.0},{"not_picked":["Prepared+1","Deadly Poison"],"picked":"Noxious Fumes","floor":20.0},{"not_picked":["PiercingWail","Underhanded Strike"],"picked":"Deadly Poison+1","floor":22.0},{"not_picked":["Prepared","Underhanded Strike","Leg Sweep"],"picked":"SKIP","floor":23.0},{"not_picked":["Noxious Fumes","Masterful Stab"],"picked":"Wraith Form v2","floor":24.0},{"not_picked":["Dagger Spray+1","Slice"],"picked":"Terror+1","floor":29.0},{"not_picked":["Finisher","Dodge and Roll+1","Sucker Punch"],"picked":"SKIP","floor":30.0},{"not_picked":["Dodge and Roll+1","Sucker Punch+1","Underhanded Strike"],"picked":"SKIP","floor":31.0},{"not_picked":["Storm of Steel+1","Bullet Time+1"],"picked":"Adrenaline+1","floor":33.0},{"not_picked":["Endless Agony+1","Sucker Punch"],"picked":"Backflip+1","floor":35.0},{"not_picked":["Quick Slash","Backstab","Flying Knee+1"],"picked":"SKIP","floor":36.0},{"not_picked":["Outmaneuver+1","Cloak And Dagger+1","Dagger Spray+1"],"picked":"SKIP","floor":38.0},{"not_picked":["Crippling Poison+1","Poisoned Stab+1","Blur+1"],"picked":"SKIP","floor":39.0},{"not_picked":["Distraction+1","Dodge and Roll+1","Blur+1"],"picked":"SKIP","floor":40.0},{"not_picked":["Cloak And Dagger+1","Outmaneuver+1","Reflex+1"],"picked":"SKIP","floor":42.0},{"not_picked":["Heel Hook","Calculated Gamble+1","Backflip+1"],"picked":"SKIP","floor":44.0},{"not_picked":["Sucker Punch","Poisoned Stab","Riddle With Holes"],"picked":"SKIP","floor":46.0},{"not_picked":["Distraction+1","Acrobatics+1"],"picked":"Infinite Blades","floor":54.0}],"player_experience":564797,"relics_obtained":[{"floor":7.0,"key":"Regal Pillow"},{"floor":9.0,"key":"Boot"},{"floor":10.0,"key":"Bag of Marbles"},{"floor":12.0,"key":"Bronze Scales"},{"floor":21.0,"key":"Necronomicon"},{"floor":23.0,"key":"Matryoshka"},{"floor":26.0,"key":"Pantograph"},{"floor":26.0,"key":"PreservedInsect"},{"floor":28.0,"key":"Orichalcum"},{"floor":28.0,"key":"Toxic Egg 2"},{"floor":30.0,"key":"Lantern"},{"floor":40.0,"key":"MawBank"},{"floor":42.0,"key":"Art of War"},{"floor":44.0,"key":"Vajra"},{"floor":46.0,"key":"Kunai"},{"floor":54.0,"key":"Centennial Puzzle"}],"event_choices":[{"damage_healed":0.0,"max_hp_gain":0.0,"max_hp_loss":0.0,"gold_gain":0.0,"event_name":"FaceTrader","player_choice":"Trade","floor":3.0,"gold_loss":0.0,"damage_taken":0.0,"relics_obtained":["FaceOfCleric"]},{"damage_healed":0.0,"max_hp_gain":0.0,"max_hp_loss":0.0,"gold_gain":0.0,"event_name":"Nest","player_choice":"Joined the Cult","floor":19.0,"gold_loss":0.0,"damage_taken":6.0,"cards_obtained":["RitualDagger"]},{"damage_healed":0.0,"max_hp_gain":0.0,"max_hp_loss":0.0,"gold_gain":0.0,"event_name":"Cursed Tome","player_choice":"Obtained Book","floor":21.0,"gold_loss":0.0,"damage_taken":16.0},{"damage_healed":0.0,"max_hp_gain":0.0,"max_hp_loss":38.0,"gold_gain":0.0,"event_name":"Ghosts","player_choice":"Became a Ghost","floor":27.0,"gold_loss":0.0,"damage_taken":0.0,"cards_obtained":["Ghostly","Ghostly","Ghostly","Ghostly","Ghostly"]},{"damage_healed":0.0,"max_hp_gain":0.0,"max_hp_loss":0.0,"gold_gain":0.0,"event_name":"MindBloom","player_choice":"Upgrade","floor":37.0,"gold_loss":0.0,"damage_taken":0.0,"cards_upgraded":["Survivor","After Image","Dagger Spray","Bouncing Flask","Dodge and Roll","Backstab","Bouncing Flask","PiercingWail","Corpse Explosion","Leg Sweep","RitualDagger","Noxious Fumes","Ghostly","Ghostly","Ghostly","Ghostly","Endless Agony","Predator","Noxious Fumes","Unload"],"relics_obtained":["Mark of the Bloom"]},{"cards_removed":["Blade Dance"],"damage_healed":0.0,"max_hp_gain":0.0,"max_hp_loss":0.0,"gold_gain":0.0,"event_name":"Falling","player_choice":"Removed Skill","floor":47.0,"gold_loss":0.0,"damage_taken":0.0},{"cards_removed":["Parasite"],"damage_healed":0.0,"max_hp_gain":0.0,"max_hp_loss":0.0,"gold_gain":0.0,"event_name":"Bonfire Elementals","player_choice":"Offered Curse","floor":48.0,"gold_loss":0.0,"damage_taken":0.0,"relics_obtained":["Spirit Poop"]}],"is_beta":false,"boss_relics":[{"not_picked":["Runic Pyramid","Eternal Feather"],"picked":"Ectoplasm"},{"not_picked":["Black Star","White Beast Statue"],"picked":"Pandora\u0027s Box"}],"items_purged_floors":[11],"is_endless":false,"potions_floor_spawned":[2,4,7,14,22,23,30,35,39,44,54],"ascension_level":5}