{"gold_per_floor":[110,110,110,123,141,168,188,188,188,215,229,75,101,116,116,116],"floor_reached":16,"playtime":1099,"items_purged":["Strike_B"],"score":201,"play_id":"6546e6cb-a88d-49b2-ace2-a5dec1081d2c","local_time":"20190603205330","is_ascension_mode":true,"campfire_choices":[{"data":"Dualcast","floor":15,"key":"SMITH"}],"neow_cost":"NONE","seed_source_timestamp":111522757606547,"circlet_count":0,"master_deck":["AscendersBane","Strike_B","Strike_B","Defend_B","Defend_B","Defend_B","Defend_B+1","Zap+1","Dualcast+1","Sweeping Beam","Compile Driver","Ball Lightning","Cold Snap","Hologram","All For One","Gash","Turbo","Genetic Algorithm"],"special_seed":0,"relics":["Cracked Core","Oddly Smooth Stone","Emotion Chip","Torii","Unceasing Top","keyreminder:keyreminder","Smiling Mask"],"potions_floor_usage":[13],"damage_taken":[{"damage":0.0,"enemies":"Small Slimes","floor":1.0,"turns":3.0},{"damage":0.0,"enemies":"2 Louse","floor":4.0,"turns":3.0},{"damage":0.0,"enemies":"Jaw Worm","floor":5.0,"turns":3.0},{"damage":26.0,"enemies":"3 Sentries","floor":6.0,"turns":5.0},{"damage":0.0,"enemies":"Large Slime","floor":7.0,"turns":4.0},{"damage":22.0,"enemies":"Lagavulin","floor":10.0,"turns":5.0},{"damage":0,"enemies":"Looter","floor":11,"turns":3},{"damage":13,"enemies":"3 Sentries","floor":13,"turns":6},{"damage":0,"enemies":"2 Fungi Beasts","floor":14,"turns":2},{"damage":15,"enemies":"The Guardian","floor":16,"turns":4}],"seed_played":"3221022444719907663","potions_obtained":[{"floor":4.0,"key":"Swift Potion"},{"floor":7.0,"key":"AttackPotion"},{"floor":14,"key":"SteroidPotion"}],"is_trial":false,"path_per_floor":["M","?","?","M","M","E","M","?","T","E","M","$","E","M","R","B"],"character_chosen":"DEFECT","items_purchased":["Gash","Turbo"],"campfire_rested":0,"item_purchase_floors":[12,12],"current_hp_per_floor":[68,53,46,46,46,20,20,45,45,23,23,23,10,10,10,0],"gold":116,"neow_bonus":"RANDOM_COMMON_RELIC","is_prod":false,"is_daily":false,"chose_seed":false,"campfire_upgraded":1,"win_rate":0,"timestamp":1559575410,"path_taken":["M","?","?","M","?","E","M","?","T","E","M","$","E","M","R","BOSS"],"build_version":"2019-01-23","purchased_purges":1,"victory":false,"max_hp_per_floor":[75,75,75,75,75,75,75,75,75,75,75,75,75,75,75,75],"card_choices":[{"not_picked":["Melter","Coolheaded"],"picked":"Sweeping Beam","floor":1.0},{"not_picked":["Beam Cell","Stack"],"picked":"Compile Driver","floor":4.0},{"not_picked":["Gash","Steam Power"],"picked":"Ball Lightning","floor":5.0},{"not_picked":["Streamline","Hello World"],"picked":"Cold Snap","floor":6.0},{"not_picked":["FTL","Tempest"],"picked":"Hologram","floor":7.0},{"not_picked":["Streamline","Sunder"],"picked":"All For One","floor":10.0},{"not_picked":["Stack","Compile Driver","Streamline"],"picked":"SKIP","floor":11},{"not_picked":["Tempest","Auto Shields","Stack"],"picked":"SKIP","floor":13},{"not_picked":["Streamline","Compile Driver"],"picked":"Genetic Algorithm","floor":14}],"player_experience":1156534,"relics_obtained":[{"floor":6.0,"key":"Emotion Chip"},{"floor":9.0,"key":"Torii"},{"floor":10.0,"key":"Unceasing Top"},{"floor":13,"key":"Smiling Mask"}],"event_choices":[{"damage_healed":0.0,"max_hp_gain":0.0,"max_hp_loss":0.0,"gold_gain":0.0,"event_name":"Shining Light","player_choice":"Entered Light","floor":2.0,"gold_loss":0.0,"damage_taken":15.0,"cards_upgraded":["Zap","Defend_B"]},{"cards_removed":["Strike_B"],"damage_healed":0.0,"max_hp_gain":0.0,"max_hp_loss":0.0,"gold_gain":0.0,"event_name":"Golden Wing","player_choice":"Card Removal","floor":3.0,"gold_loss":0.0,"damage_taken":7.0},{"damage_healed":25.0,"max_hp_gain":0.0,"max_hp_loss":0.0,"gold_gain":0.0,"event_name":"Big Fish","player_choice":"Banana","floor":8.0,"gold_loss":0.0,"damage_taken":0.0}],"is_beta":false,"boss_relics":[],"items_purged_floors":[12],"is_endless":false,"potions_floor_spawned":[4,7,14],"killed_by":"The Guardian","ascension_level":13}