{"gold_per_floor":[111,36,111,126,126,126,158,158,158,185,198,198],"floor_reached":12,"playtime":218,"items_purged":["Strike_R"],"score":205,"play_id":"9feb830b-6307-41a0-9ca7-befdef089085","local_time":"20190417003210","is_ascension_mode":true,"campfire_choices":[{"data":"Bash","floor":6,"key":"SMITH"},{"data":"Sword Boomerang","floor":8,"key":"SMITH"}],"neow_cost":"NONE","seed_source_timestamp":291536731278410,"circlet_count":0,"master_deck":["AscendersBane","Strike_R","Strike_R","Strike_R","Strike_R","Defend_R","Defend_R","Defend_R","Defend_R","Bash+1","Infernal Blade","Headbutt","Sword Boomerang+1","True Grit","Anger+1"],"relics":["Burning Blood","NeowsBlessing","Letter Opener","Ornamental Fan","Molten Egg 2"],"potions_floor_usage":[],"damage_taken":[{"damage":0,"enemies":"Cultist","floor":1,"turns":1},{"damage":0,"enemies":"Jaw Worm","floor":4,"turns":1},{"damage":0,"enemies":"Lagavulin","floor":7,"turns":1},{"damage":62,"enemies":"3 Sentries","floor":10,"turns":8},{"damage":8,"enemies":"Small Slimes","floor":11,"turns":4},{"damage":18,"enemies":"Exordium Wildlife","floor":12,"turns":2}],"seed_played":"-6203664027226782564","potions_obtained":[{"floor":1,"key":"EssenceOfSteel"},{"floor":11,"key":"Regen Potion"}],"is_trial":false,"path_per_floor":["M","$","?","M","?","R","E","R","T","E","M","M"],"character_chosen":"IRONCLAD","items_purchased":[],"campfire_rested":0,"item_purchase_floors":[],"current_hp_per_floor":[74,74,63,69,69,69,75,75,75,19,17,0],"gold":198,"neow_bonus":"THREE_ENEMY_KILL","is_prod":false,"is_daily":false,"chose_seed":false,"campfire_upgraded":2,"win_rate":0,"timestamp":1555428730,"path_taken":["M","?","?","M","?","R","E","R","T","E","?","M"],"build_version":"2019-01-23","purchased_purges":1,"victory":false,"max_hp_per_floor":[75,75,75,75,75,75,75,75,75,75,75,75],"card_choices":[{"not_picked":["Reckless Charge","Pommel Strike"],"picked":"Infernal Blade","floor":1},{"not_picked":["Flex","Armaments"],"picked":"Headbutt","floor":4},{"not_picked":["Perfected Strike","Burning Pact"],"picked":"Sword Boomerang","floor":7},{"not_picked":["Dual Wield","Brutality"],"picked":"True Grit","floor":10},{"not_picked":["Entrench","Sever Soul+1"],"picked":"Anger+1","floor":11}],"player_experience":452682,"relics_obtained":[{"floor":7,"key":"Letter Opener"},{"floor":9,"key":"Ornamental Fan"},{"floor":10,"key":"Molten Egg 2"}],"event_choices":[{"damage_healed":0,"gold_gain":75,"player_choice":"Gather Gold","damage_taken":11,"max_hp_gain":0,"max_hp_loss":0,"event_name":"World of Goop","floor":3,"gold_loss":0},{"damage_healed":0,"gold_gain":0,"player_choice":"Ignored","damage_taken":0,"max_hp_gain":0,"max_hp_loss":0,"event_name":"Liars Game","floor":5,"gold_loss":0}],"is_beta":false,"boss_relics":[],"items_purged_floors":[2],"is_endless":false,"potions_floor_spawned":[1,11],"killed_by":"Exordium Wildlife","ascension_level":17}