{"gold_per_floor":[109,120,120,140,140,171,191,220,247,247,274,46,76,104,104,207,207,218,230,256,256,269,299,299,356,356,371,371,391,420,433,433,531,531,550,566,546,564,575,575],"floor_reached":40,"playtime":4831,"items_purged":[],"score":774,"play_id":"bfb6a21a-ece1-467d-8253-c14947bc0309","local_time":"20190526065459","is_ascension_mode":true,"campfire_choices":[{"floor":10.0,"key":"REST"},{"floor":15.0,"key":"REST"},{"data":"Demon Form","floor":24.0,"key":"SMITH"},{"data":"Heavy Blade","floor":28.0,"key":"SMITH"},{"data":"Immolate","floor":32.0,"key":"SMITH"}],"neow_cost":"NONE","seed_source_timestamp":608331538221064,"circlet_count":0,"master_deck":["Strike_R","Strike_R","Strike_R","Defend_R+1","Defend_R","Defend_R","Defend_R","Bash","Demon Form+1","Shockwave+1","Clothesline","Uppercut","Pummel","Offering","Disarm","Immolate+1","Heavy Blade+1","Battle Trance","Headbutt+1","Metallicize","Limit Break","Disarm+1","Shrug It Off+1"],"special_seed":0,"relics":["Burning Blood","NeowsBlessing","Dream Catcher","Bronze Scales","Lantern","War Paint","Bag of Marbles","Red Skull","Velvet Choker","Red Mask","Vajra","Tiny Chest","Smiling Mask","Darkstone Periapt","Mark of Pain"],"potions_floor_usage":[39],"damage_taken":[{"damage":0.0,"enemies":"2 Louse","floor":1.0,"turns":1.0},{"damage":0.0,"enemies":"Cultist","floor":2.0,"turns":1.0},{"damage":0.0,"enemies":"Small Slimes","floor":4.0,"turns":1.0},{"damage":10.0,"enemies":"Lagavulin","floor":6.0,"turns":5.0},{"damage":38.0,"enemies":"Exordium Thugs","floor":7.0,"turns":5.0},{"damage":40.0,"enemies":"3 Sentries","floor":8.0,"turns":8.0},{"damage":27.0,"enemies":"Gremlin Nob","floor":11.0,"turns":4.0},{"damage":10.0,"enemies":"Lagavulin","floor":14.0,"turns":6.0},{"damage":6.0,"enemies":"Slime Boss","floor":16.0,"turns":6.0},{"damage":3.0,"enemies":"Shell Parasite","floor":18.0,"turns":4.0},{"damage":0.0,"enemies":"3 Byrds","floor":19.0,"turns":3.0},{"damage":4.0,"enemies":"Masked Bandits","floor":20.0,"turns":3.0},{"damage":13.0,"enemies":"Snecko","floor":22.0,"turns":3.0},{"damage":2.0,"enemies":"Gremlin Leader","floor":23.0,"turns":5.0},{"damage":14.0,"enemies":"Book of Stabbing","floor":25.0,"turns":5.0},{"damage":15.0,"enemies":"3 Cultists","floor":27.0,"turns":4.0},{"damage":6.0,"enemies":"Centurion and Healer","floor":29.0,"turns":4.0},{"damage":15.0,"enemies":"Gremlin Leader","floor":30.0,"turns":5.0},{"damage":5.0,"enemies":"Cultist and Chosen","floor":31.0,"turns":4.0},{"damage":24.0,"enemies":"Automaton","floor":33.0,"turns":5.0},{"damage":7.0,"enemies":"Orb Walker","floor":35.0,"turns":2.0},{"damage":0.0,"enemies":"3 Shapes","floor":36.0,"turns":3.0},{"damage":21,"enemies":"Writhing Mass","floor":38,"turns":6},{"damage":19,"enemies":"4 Shapes","floor":39,"turns":6},{"damage":56,"enemies":"Reptomancer","floor":40,"turns":4}],"seed_played":"7466204889599379813","potions_obtained":[{"floor":1.0,"key":"Explosive Potion"},{"floor":2.0,"key":"Swift Potion"},{"floor":6.0,"key":"PowerPotion"},{"floor":11.0,"key":"Regen Potion"},{"floor":14.0,"key":"SkillPotion"},{"floor":18.0,"key":"AttackPotion"},{"floor":20.0,"key":"SkillPotion"},{"floor":21.0,"key":"Fruit Juice"},{"floor":21.0,"key":"Strength Potion"},{"floor":29.0,"key":"Energy Potion"},{"floor":30.0,"key":"PowerPotion"},{"floor":35.0,"key":"Weak Potion"},{"floor":36.0,"key":"Ancient Potion"},{"floor":37.0,"key":"SneckoOil"},{"floor":39,"key":"SteroidPotion"}],"is_trial":false,"path_per_floor":["M","M","?","M","?","E","M","E","T","R","E","$","?","E","R","B",null,"M","M","?","?","M","E","R","E","T","M","R","M","E","M","R","B",null,"M","M","?","M","M","E"],"character_chosen":"IRONCLAD","items_purchased":["Block Potion","Pummel","Bag of Marbles"],"campfire_rested":2,"item_purchase_floors":[12,12,12],"current_hp_per_floor":[78,80,80,80,80,76,44,10,10,34,13,13,13,21,45,45,71,74,80,80,85,78,82,82,74,74,65,65,65,56,57,57,39,74,73,79,79,64,51,0],"gold":575,"neow_bonus":"THREE_ENEMY_KILL","is_prod":false,"is_daily":false,"chose_seed":false,"campfire_upgraded":3,"win_rate":0,"timestamp":1558833899,"path_taken":["M","M","?","?","?","E","M","E","T","R","E","?","?","E","R","BOSS","M","M","?","?","M","E","R","E","T","M","R","?","E","M","R","BOSS","M","M","?","M","M","E"],"build_version":"2019-01-23","purchased_purges":0,"victory":false,"max_hp_per_floor":[80,80,80,80,80,80,80,80,80,80,80,80,80,80,80,80,80,80,80,80,85,85,85,85,85,85,85,85,85,85,85,85,85,85,85,85,85,85,85,85],"card_choices":[{"not_picked":["Second Wind","Clash","Iron Wave"],"picked":"SKIP","floor":1.0},{"not_picked":["Dual Wield","Wild Strike","Body Slam"],"picked":"SKIP","floor":2.0},{"not_picked":["Rage","Uppercut"],"picked":"Demon Form","floor":4.0},{"not_picked":["Inflame","Combust"],"picked":"Clothesline","floor":6.0},{"not_picked":["Iron Wave","Rupture","Anger"],"picked":"SKIP","floor":7.0},{"not_picked":["Sentinel","Second Wind","Body Slam"],"picked":"SKIP","floor":8.0},{"not_picked":["Clothesline","Warcry"],"picked":"Uppercut","floor":11.0},{"not_picked":["Warcry","Thunderclap"],"picked":"Offering","floor":14.0},{"not_picked":["Rampage","Second Wind"],"picked":"Disarm","floor":15.0},{"not_picked":["Berserk","Double Tap"],"picked":"Immolate","floor":16.0},{"not_picked":["Clash+1","Perfected Strike+1"],"picked":"Heavy Blade","floor":18.0},{"not_picked":["Anger","Heavy Blade"],"picked":"Battle Trance","floor":19.0},{"not_picked":["Spot Weakness","Infernal Blade"],"picked":"Headbutt+1","floor":20.0},{"not_picked":["Twin Strike","Sever Soul+1","Blood for Blood"],"picked":"SKIP","floor":22.0},{"not_picked":["Thunderclap","Entrench","Shockwave"],"picked":"SKIP","floor":23.0},{"not_picked":["Exhume","Cleave+1","Power Through"],"picked":"SKIP","floor":25.0},{"not_picked":["Pommel Strike","Havoc"],"picked":"Metallicize","floor":27.0},{"not_picked":["Wild Strike","Headbutt","Thunderclap"],"picked":"SKIP","floor":29.0},{"not_picked":["Warcry","Iron Wave","Infernal Blade"],"picked":"SKIP","floor":30.0},{"not_picked":["Cleave","Bloodletting+1","Brutality"],"picked":"SKIP","floor":31.0},{"not_picked":["Offering","Berserk"],"picked":"Limit Break","floor":33.0},{"not_picked":["Dropkick+1","Flex"],"picked":"Disarm+1","floor":35.0},{"not_picked":["Rage","Thunderclap","Uppercut"],"picked":"SKIP","floor":36.0},{"not_picked":["Warcry+1","Infernal Blade+1","Iron Wave+1"],"picked":"SKIP","floor":38},{"not_picked":["Perfected Strike+1","Sword Boomerang"],"picked":"Shrug It Off+1","floor":39}],"player_experience":787998,"relics_obtained":[{"floor":6.0,"key":"Dream Catcher"},{"floor":8.0,"key":"Bronze Scales"},{"floor":9.0,"key":"Lantern"},{"floor":11.0,"key":"War Paint"},{"floor":14.0,"key":"Red Skull"},{"floor":20.0,"key":"Red Mask"},{"floor":23.0,"key":"Vajra"},{"floor":25.0,"key":"Tiny Chest"},{"floor":26.0,"key":"Smiling Mask"},{"floor":30.0,"key":"Darkstone Periapt"}],"event_choices":[{"cards_removed":["Strike_R"],"damage_healed":0.0,"max_hp_gain":0.0,"max_hp_loss":0.0,"gold_gain":0.0,"event_name":"Purifier","player_choice":"Purged","floor":3.0,"gold_loss":0.0,"damage_taken":0.0},{"damage_healed":0.0,"max_hp_gain":0.0,"max_hp_loss":0.0,"gold_gain":0.0,"cards_transformed":["Strike_R"],"event_name":"Transmorgrifier","player_choice":"Transformed","floor":5.0,"gold_loss":0.0,"damage_taken":0.0,"cards_obtained":["Shockwave"]},{"damage_healed":0.0,"max_hp_gain":0.0,"max_hp_loss":0.0,"gold_gain":30.0,"event_name":"Dead Adventurer","player_choice":"Searched \u00271\u0027 times","floor":13.0,"gold_loss":0.0,"damage_taken":0.0},{"damage_healed":0.0,"max_hp_gain":0.0,"max_hp_loss":0.0,"gold_gain":0.0,"event_name":"Masked Bandits","player_choice":"Fought Bandits","floor":20.0,"gold_loss":0.0,"damage_taken":0.0},{"damage_healed":0.0,"max_hp_gain":0.0,"max_hp_loss":0.0,"gold_gain":0.0,"event_name":"Lab","player_choice":"Got Potions","floor":21.0,"gold_loss":0.0,"damage_taken":0.0},{"damage_healed":0.0,"max_hp_gain":0.0,"max_hp_loss":0.0,"gold_gain":0.0,"event_name":"The Woman in Blue","player_choice":"Bought 1 Potion","floor":37.0,"gold_loss":0.0,"damage_taken":0.0}],"is_beta":false,"boss_relics":[{"not_picked":["Sozu","Runic Dome"],"picked":"Velvet Choker"},{"not_picked":["Black Star","Coffee Dripper"],"picked":"Mark of Pain"}],"items_purged_floors":[],"is_endless":false,"potions_floor_spawned":[1,2,6,11,14,18,20,29,30,35,36,39],"killed_by":"Reptomancer","ascension_level":8}