{"gold_per_floor":[113,128,140,90,100,100,130,150,150,150,172,184,213,213,213,213],"floor_reached":16,"playtime":476,"items_purged":[],"score":168,"play_id":"5d2760f3-b090-4c08-ab91-187dd11b4b78","local_time":"20190404001029","is_ascension_mode":true,"campfire_choices":[{"data":"Body Slam","floor":6.0,"key":"SMITH"},{"floor":10.0,"key":"REST"},{"data":"Impervious","floor":15,"key":"SMITH"}],"neow_cost":"NONE","seed_source_timestamp":1384772848764404,"circlet_count":0,"master_deck":["AscendersBane","Strike_R","Strike_R","Strike_R","Strike_R","Defend_R+1","Defend_R","Defend_R","Defend_R","Bash+1","Evolve","Body Slam+1","Second Wind","Impervious+1","Intimidate","Infernal Blade","Anger+1","Sentinel","Demon Form"],"special_seed":0,"relics":["Burning Blood","Centennial Puzzle","Kunai","Odd Mushroom","Boot"],"potions_floor_usage":[],"damage_taken":[{"damage":7.0,"enemies":"2 Louse","floor":1.0,"turns":4.0},{"damage":18.0,"enemies":"Small Slimes","floor":2.0,"turns":5.0},{"damage":11.0,"enemies":"Cultist","floor":3.0,"turns":4.0},{"damage":18.0,"enemies":"Red Slaver","floor":5.0,"turns":4.0},{"damage":25.0,"enemies":"3 Sentries","floor":7.0,"turns":7.0},{"damage":14.0,"enemies":"Large Slime","floor":8.0,"turns":6.0},{"damage":5.0,"enemies":"The Mushroom Lair","floor":11.0,"turns":4.0},{"damage":14.0,"enemies":"Lots of Slimes","floor":12.0,"turns":6.0},{"damage":18.0,"enemies":"Gremlin Nob","floor":13.0,"turns":5.0},{"damage":26,"enemies":"Slime Boss","floor":16,"turns":3}],"seed_played":"3566275443411059806","potions_obtained":[{"floor":1.0,"key":"FearPotion"},{"floor":2.0,"key":"Strength Potion"},{"floor":8.0,"key":"Swift Potion"},{"floor":13.0,"key":"Energy Potion"}],"is_trial":false,"path_per_floor":["M","M","M","?","M","R","E","M","T","R","?","M","E","?","R","B"],"character_chosen":"IRONCLAD","items_purchased":[],"campfire_rested":1,"item_purchase_floors":[],"current_hp_per_floor":[71,59,54,54,42,42,23,15,15,39,40,32,20,4,4,0],"gold":213,"neow_bonus":"UPGRADE_CARD","is_prod":false,"is_daily":false,"chose_seed":false,"campfire_upgraded":2,"win_rate":0,"timestamp":1554304229,"path_taken":["M","M","M","?","M","R","E","M","T","R","?","M","E","?","R","BOSS"],"build_version":"2019-01-23","purchased_purges":0,"victory":false,"max_hp_per_floor":[80,80,80,80,80,80,80,80,80,80,80,80,80,80,80,80],"card_choices":[{"not_picked":["Bloodletting","Hemokinesis"],"picked":"Evolve","floor":1.0},{"not_picked":["Cleave","Infernal Blade"],"picked":"Body Slam","floor":2.0},{"not_picked":["Clash","Sentinel"],"picked":"Second Wind","floor":3.0},{"not_picked":["Flex","Entrench"],"picked":"Impervious","floor":5.0},{"not_picked":["Clothesline","Pommel Strike"],"picked":"Intimidate","floor":7.0},{"not_picked":["Pummel","Sword Boomerang"],"picked":"Infernal Blade","floor":8.0},{"not_picked":["Whirlwind","Iron Wave"],"picked":"Anger","floor":11.0},{"not_picked":["Infernal Blade","Thunderclap"],"picked":"Sentinel","floor":12.0},{"not_picked":["Headbutt","Uppercut"],"picked":"Demon Form","floor":13.0}],"player_experience":409726,"relics_obtained":[{"floor":7.0,"key":"Centennial Puzzle"},{"floor":9.0,"key":"Kunai"},{"floor":11.0,"key":"Odd Mushroom"},{"floor":13.0,"key":"Boot"}],"event_choices":[{"cards_removed":["Strike_R"],"damage_healed":0.0,"max_hp_gain":0.0,"max_hp_loss":0.0,"gold_gain":0.0,"event_name":"The Cleric","player_choice":"Card Removal","floor":4.0,"gold_loss":50.0,"damage_taken":0.0},{"damage_healed":0.0,"max_hp_gain":0.0,"max_hp_loss":0.0,"gold_gain":0.0,"event_name":"Mushrooms","player_choice":"Fought Mushrooms","floor":11.0,"gold_loss":0.0,"damage_taken":0.0},{"damage_healed":0.0,"max_hp_gain":0.0,"max_hp_loss":0.0,"gold_gain":0.0,"event_name":"Shining Light","player_choice":"Entered Light","floor":14.0,"gold_loss":0.0,"damage_taken":16.0,"cards_upgraded":["Defend_R","Anger"]}],"is_beta":false,"boss_relics":[],"items_purged_floors":[],"is_endless":false,"potions_floor_spawned":[1,2,8,11,13],"killed_by":"Slime Boss","ascension_level":10}