{"gold_per_floor":[360,360,375,300,311,311,325,401,401,29,204,204,214,214,214,314,314,299],"floor_reached":18,"playtime":1073,"items_purged":["Strike_B"],"score":152,"play_id":"189fe145-958c-4971-ac89-0d0fddc021f2","local_time":"20190503185012","is_ascension_mode":false,"campfire_choices":[{"data":"Coolheaded","floor":6,"key":"SMITH"},{"data":"Storm","floor":12,"key":"SMITH"},{"data":"Consume","floor":15,"key":"SMITH"}],"neow_cost":"TEN_PERCENT_HP_LOSS","seed_source_timestamp":87615802211834,"circlet_count":0,"master_deck":["Strike_B","Strike_B","Strike_B","Defend_B","Defend_B","Defend_B","Defend_B","Zap","Dualcast","Coolheaded+1","Coolheaded","Ball Lightning","Consume+1","Glacier","Storm","Storm+1","Doubt","Undo","Echo Form"],"relics":["Cracked Core","Tiny Chest","The Courier","Molten Egg 2"],"potions_floor_usage":[14,16],"damage_taken":[{"damage":0,"enemies":"Small Slimes","floor":1,"turns":2},{"damage":0,"enemies":"Cultist","floor":3,"turns":4},{"damage":0,"enemies":"2 Louse","floor":5,"turns":3},{"damage":0,"enemies":"Blue Slaver","floor":7,"turns":4},{"damage":2,"enemies":"Red Slaver","floor":13,"turns":5},{"damage":0,"enemies":"Lots of Slimes","floor":14,"turns":1},{"damage":7,"enemies":"The Guardian","floor":16,"turns":20},{"damage":0,"enemies":"2 Thieves","floor":18,"turns":1}],"seed_played":"1433075378221611837","potions_obtained":[{"floor":5,"key":"Energy Potion"},{"floor":7,"key":"Strength Potion"},{"floor":13,"key":"SmokeBomb"}],"is_trial":false,"path_per_floor":["?","M","M","T","?"],"character_chosen":"DEFECT","items_purchased":["Glacier","Molten Egg 2","Storm","Storm"],"campfire_rested":0,"item_purchase_floors":[10,10,10,10],"current_hp_per_floor":[68,68,68,68,68,68,68,68,68,68,68,68,66,66,66,59,68,68],"gold":299,"neow_bonus":"TWO_FIFTY_GOLD","is_prod":false,"is_daily":false,"chose_seed":false,"campfire_upgraded":3,"win_rate":0,"timestamp":1556923812,"path_taken":["M","?","M","$","?","R","?","?","T","$","?","R","M","M","R","BOSS","M"],"build_version":"2019-01-23","purchased_purges":1,"victory":false,"max_hp_per_floor":[68,68,68,68,68,68,68,68,68,68,68,68,68,68,68,68,68,68],"card_choices":[{"not_picked":["Lockon","Hologram"],"picked":"Coolheaded","floor":1},{"not_picked":["Sweeping Beam","Auto Shields"],"picked":"Coolheaded","floor":3},{"not_picked":["Barrage","Leap"],"picked":"Ball Lightning","floor":5},{"not_picked":["Stack","Sweeping Beam"],"picked":"Consume","floor":7},{"not_picked":["Coolheaded","Skim"],"picked":"Undo","floor":13},{"not_picked":["Core Surge+1","Machine Learning"],"picked":"Echo Form","floor":16}],"player_experience":463543,"relics_obtained":[{"floor":8,"key":"Tiny Chest"},{"floor":9,"key":"The Courier"}],"event_choices":[{"damage_healed":0,"gold_gain":0,"player_choice":"Ignored","damage_taken":0,"max_hp_gain":0,"max_hp_loss":0,"event_name":"NoteForYourself","floor":2,"gold_loss":0},{"damage_healed":0,"gold_gain":175,"player_choice":"AGREE","damage_taken":0,"max_hp_gain":0,"max_hp_loss":0,"event_name":"Liars Game","floor":11,"gold_loss":0,"cards_obtained":["Doubt"]}],"is_beta":false,"boss_relics":[{"not_picked":["Snecko Eye","Calling Bell","Fusion Hammer"]}],"items_purged_floors":[4],"is_endless":false,"potions_floor_spawned":[5,7,13],"killed_by":"2 Thieves","ascension_level":0}