{"gold_per_floor":[113,125,125,144,168,204,162,202,251,251,285,320,285,316,316,441,441,455,655,137,151,166,166,185,228,254,254,254,254,31,64,64,64],"floor_reached":33,"playtime":3764,"items_purged":["Strike_G"],"score":507,"play_id":"68274b6d-dced-4004-a10e-9654066af343","local_time":"20190530114854","is_ascension_mode":true,"campfire_choices":[{"floor":10.0,"key":"REST"},{"data":"Neutralize","floor":15.0,"key":"SMITH"},{"data":"Footwork","floor":23.0,"key":"SMITH"},{"data":"Noxious Fumes","floor":28.0,"key":"SMITH"},{"data":"Footwork","floor":32,"key":"SMITH"}],"neow_cost":"NONE","seed_source_timestamp":975219806614565,"circlet_count":0,"master_deck":["AscendersBane","Defend_G+1","Defend_G+1","Defend_G+1","Defend_G+1","Defend_G+1","Survivor","Neutralize+1","Cloak And Dagger","Skewer","Leg Sweep","Phantasmal Killer","Noxious Fumes+1","Cloak And Dagger","Poisoned Stab","Terror","Envenom","Cloak And Dagger","Footwork+1","Backflip","Bullet Time","Deadly Poison","Bite","Bite","Bite","Bite","Bite","Footwork+1"],"special_seed":0,"relics":["Sozu","Golden Idol","Strawberry","Ninja Scroll","Omamori","Odd Mushroom","Bronze Scales","Anchor","Coffee Dripper","Medical Kit","Bag of Marbles","PreservedInsect","Vajra","Bag of Preparation"],"potions_floor_usage":[],"damage_taken":[{"damage":4.0,"enemies":"Small Slimes","floor":1.0,"turns":5.0},{"damage":0.0,"enemies":"Jaw Worm","floor":2.0,"turns":5.0},{"damage":3.0,"enemies":"2 Louse","floor":4.0,"turns":2.0},{"damage":1.0,"enemies":"Large Slime","floor":5.0,"turns":8.0},{"damage":33.0,"enemies":"Gremlin Nob","floor":6.0,"turns":4.0},{"damage":14.0,"enemies":"Lagavulin","floor":8.0,"turns":7.0},{"damage":0.0,"enemies":"The Mushroom Lair","floor":11.0,"turns":5.0},{"damage":16.0,"enemies":"3 Sentries","floor":12.0,"turns":8.0},{"damage":9.0,"enemies":"Lagavulin","floor":14.0,"turns":5.0},{"damage":17.0,"enemies":"The Guardian","floor":16.0,"turns":11.0},{"damage":0.0,"enemies":"Chosen","floor":18.0,"turns":4.0},{"damage":0.0,"enemies":"3 Byrds","floor":21.0,"turns":3.0},{"damage":0.0,"enemies":"Snake Plant","floor":22.0,"turns":4.0},{"damage":16.0,"enemies":"3 Cultists","floor":24.0,"turns":6.0},{"damage":32.0,"enemies":"Slavers","floor":25.0,"turns":6.0},{"damage":18,"enemies":"Gremlin Leader","floor":31,"turns":7},{"damage":13,"enemies":"Automaton","floor":33,"turns":4}],"seed_played":"-6343348179732403738","potions_obtained":[],"is_trial":false,"path_per_floor":["M","M","?","M","M","E","?","E","T","R","?","E","?","E","R","B",null,"M","?","$","M","M","R","M","E","T","?","R","?","$","E","R","B"],"character_chosen":"THE_SILENT","items_purchased":["Medical Kit","Footwork","Bag of Marbles","Backflip","Footwork","Vajra"],"campfire_rested":1,"item_purchase_floors":[20,20,20,20,30,30],"current_hp_per_floor":[59,59,59,56,55,29,29,15,15,36,36,20,38,29,29,12,57,57,57,57,57,57,57,41,9,9,9,9,9,9,5,5,0],"gold":64,"neow_bonus":"BOSS_RELIC","is_prod":false,"is_daily":false,"chose_seed":false,"campfire_upgraded":4,"win_rate":0,"timestamp":1559197134,"path_taken":["M","M","?","M","M","E","?","E","T","R","?","E","?","E","R","BOSS","M","?","$","M","M","R","?","E","T","?","R","?","$","E","R","BOSS"],"build_version":"2019-01-23","purchased_purges":1,"victory":false,"max_hp_per_floor":[70,70,65,65,65,72,72,72,72,72,72,72,72,72,72,72,72,72,72,72,72,72,72,72,72,72,50,50,50,50,50,50,50],"card_choices":[{"not_picked":["Slice","Blur"],"picked":"Cloak And Dagger","floor":1.0},{"not_picked":["Dagger Spray","Prepared"],"picked":"Skewer","floor":2.0},{"not_picked":["Expertise","Blade Dance"],"picked":"Leg Sweep","floor":4.0},{"not_picked":["Expertise","Prepared"],"picked":"Phantasmal Killer","floor":5.0},{"not_picked":["Predator","Sucker Punch"],"picked":"Noxious Fumes","floor":6.0},{"not_picked":["Tactician","Cloak And Dagger","Sucker Punch"],"picked":"SKIP","floor":8.0},{"not_picked":["Prepared","Riddle With Holes"],"picked":"Cloak And Dagger","floor":11.0},{"not_picked":["Dagger Throw","Eviscerate"],"picked":"Poisoned Stab","floor":12.0},{"not_picked":["Poisoned Stab","Dagger Spray"],"picked":"Terror","floor":14.0},{"not_picked":["Malaise","Burst"],"picked":"Envenom","floor":16.0},{"not_picked":["Slice","Eviscerate"],"picked":"Cloak And Dagger","floor":18.0},{"not_picked":["Prepared","Flechettes","Deflect"],"picked":"SKIP","floor":21.0},{"not_picked":["Flying Knee","Setup"],"picked":"Bullet Time","floor":22.0},{"not_picked":["PiercingWail","Slice+1"],"picked":"Deadly Poison","floor":24.0},{"not_picked":["Dagger Throw+1","Caltrops","Prepared"],"picked":"SKIP","floor":25.0},{"not_picked":["Bullet Time","Poisoned Stab","Slice+1"],"picked":"SKIP","floor":31}],"player_experience":957810,"relics_obtained":[{"floor":6.0,"key":"Strawberry"},{"floor":8.0,"key":"Ninja Scroll"},{"floor":9.0,"key":"Omamori"},{"floor":11.0,"key":"Odd Mushroom"},{"floor":12.0,"key":"Bronze Scales"},{"floor":14.0,"key":"Anchor"},{"floor":25.0,"key":"PreservedInsect"},{"floor":31,"key":"Bag of Preparation"}],"event_choices":[{"damage_healed":0.0,"max_hp_gain":0.0,"max_hp_loss":5.0,"gold_gain":0.0,"event_name":"Golden Idol","player_choice":"Lose Max HP","floor":3.0,"gold_loss":0.0,"damage_taken":0.0,"relics_obtained":["Golden Idol"]},{"damage_healed":0.0,"max_hp_gain":0.0,"max_hp_loss":0.0,"gold_gain":0.0,"event_name":"World of Goop","player_choice":"Left Gold","floor":7.0,"gold_loss":42.0,"damage_taken":0.0},{"damage_healed":0.0,"max_hp_gain":0.0,"max_hp_loss":0.0,"gold_gain":0.0,"event_name":"Mushrooms","player_choice":"Fought Mushrooms","floor":11.0,"gold_loss":0.0,"damage_taken":0.0},{"damage_healed":18.0,"max_hp_gain":0.0,"max_hp_loss":0.0,"gold_gain":0.0,"event_name":"The Cleric","player_choice":"Healed","floor":13.0,"gold_loss":35.0,"damage_taken":0.0},{"damage_healed":0.0,"max_hp_gain":0.0,"max_hp_loss":0.0,"gold_gain":200.0,"event_name":"Wheel of Change","player_choice":"Gold","floor":19.0,"gold_loss":0.0,"damage_taken":0.0},{"damage_healed":0.0,"max_hp_gain":0.0,"max_hp_loss":22.0,"gold_gain":0.0,"event_name":"Vampires","player_choice":"Became a vampire","floor":27.0,"gold_loss":0.0,"damage_taken":0.0,"cards_obtained":["Bite","Bite","Bite","Bite","Bite"]},{"damage_healed":0.0,"max_hp_gain":0.0,"max_hp_loss":0.0,"gold_gain":0.0,"event_name":"Back to Basics","player_choice":"Simplicity","floor":29.0,"gold_loss":0.0,"damage_taken":0.0,"cards_upgraded":["Defend_G","Defend_G","Defend_G","Defend_G","Defend_G"]}],"is_beta":false,"boss_relics":[{"not_picked":["WristBlade","Pandora\u0027s Box"],"picked":"Coffee Dripper"}],"items_purged_floors":[20],"is_endless":false,"potions_floor_spawned":[2,4,11,14,18,21,24],"killed_by":"Automaton","ascension_level":11}