{"gold_per_floor":[110,110,185,204,58,88,107,107,107,107,140,158,158,158,158,158],"floor_reached":16,"playtime":368,"items_purged":["Strike_R"],"score":180,"play_id":"0a975031-e537-4fe2-81b6-45469af09a88","local_time":"20190323205031","is_ascension_mode":true,"campfire_choices":[{"data":"Body Slam","floor":8,"key":"SMITH"},{"data":"Armaments","floor":10,"key":"SMITH"},{"data":"Battle Trance","floor":15,"key":"SMITH"}],"neow_cost":"NONE","seed_source_timestamp":423406585606299,"circlet_count":0,"master_deck":["Strike_R","Strike_R","Strike_R","Strike_R+1","Defend_R","Defend_R","Defend_R","Defend_R+1","Bash","Battle Trance+1","Body Slam+1","Armaments+1","Limit Break","Power Through","Second Wind"],"special_seed":0,"relics":["Burning Blood","NeowsBlessing","Pear","Singing Bowl","Strawberry","Golden Idol"],"potions_floor_usage":[16],"damage_taken":[{"damage":0.0,"enemies":"Jaw Worm","floor":1.0,"turns":1.0},{"damage":0,"enemies":"Small Slimes","floor":4,"turns":1},{"damage":0,"enemies":"3 Sentries","floor":6,"turns":2},{"damage":5,"enemies":"Cultist","floor":7,"turns":4},{"damage":54,"enemies":"Lagavulin","floor":11,"turns":9},{"damage":23,"enemies":"Exordium Thugs","floor":12,"turns":5},{"damage":21,"enemies":"The Guardian","floor":16,"turns":10}],"seed_played":"7781529579387720723","potions_obtained":[{"floor":6,"key":"Explosive Potion"},{"floor":7,"key":"Block Potion"},{"floor":11,"key":"FearPotion"},{"floor":14,"key":"SpeedPotion"}],"is_trial":false,"path_per_floor":["M","?","?","M","$","E","M","R","T","R","E","M","?","?","R","B"],"character_chosen":"IRONCLAD","items_purchased":["Body Slam","Armaments"],"campfire_rested":0,"item_purchase_floors":[5,5],"current_hp_per_floor":[78,62,54,60,60,76,77,77,77,77,38,21,21,21,21,0],"gold":158,"neow_bonus":"THREE_ENEMY_KILL","is_prod":false,"is_daily":false,"chose_seed":false,"campfire_upgraded":3,"win_rate":0,"timestamp":1553341831,"path_taken":["M","?","?","?","?","E","M","R","T","R","E","M","?","?","R","BOSS"],"build_version":"2019-01-23","purchased_purges":1,"victory":false,"max_hp_per_floor":[80,80,80,80,80,90,90,90,90,90,99,99,92,92,92,92],"card_choices":[{"not_picked":["Warcry","Blood for Blood","Perfected Strike"],"picked":"SKIP","floor":1.0},{"not_picked":["True Grit","Ghostly Armor"],"picked":"Battle Trance","floor":4},{"not_picked":["Dropkick","Sword Boomerang"],"picked":"Limit Break","floor":6},{"not_picked":["Twin Strike","Body Slam"],"picked":"Power Through","floor":7},{"not_picked":["Bloodletting","Intimidate","Wild Strike"],"picked":"Singing Bowl","floor":11},{"not_picked":["Dual Wield","Shrug It Off"],"picked":"Second Wind","floor":12}],"player_experience":384331,"relics_obtained":[{"floor":6,"key":"Pear"},{"floor":9,"key":"Singing Bowl"},{"floor":11,"key":"Strawberry"}],"event_choices":[{"damage_healed":0.0,"max_hp_gain":0.0,"max_hp_loss":0.0,"gold_gain":0.0,"event_name":"Shining Light","player_choice":"Entered Light","floor":2.0,"gold_loss":0.0,"damage_taken":16.0,"cards_upgraded":["Strike_R","Defend_R"]},{"damage_healed":0,"gold_gain":75,"player_choice":"Touch","damage_taken":8,"max_hp_gain":0,"max_hp_loss":0,"event_name":"FaceTrader","floor":3,"gold_loss":0},{"damage_healed":0,"gold_gain":0,"player_choice":"Lose Max HP","damage_taken":0,"relics_obtained":["Golden Idol"],"max_hp_gain":0,"max_hp_loss":7,"event_name":"Golden Idol","floor":13,"gold_loss":0},{"damage_healed":0,"gold_gain":0,"player_choice":"Got Potions","damage_taken":0,"max_hp_gain":0,"max_hp_loss":0,"event_name":"Lab","floor":14,"gold_loss":0}],"is_beta":false,"boss_relics":[],"items_purged_floors":[5],"is_endless":false,"potions_floor_spawned":[6,7,11],"killed_by":"The Guardian","ascension_level":7}