{"path_per_floor":["M","?","?","$","M","E","M","E","T","?","$","M","M","M","R","B",null,"M","$","?","M","M","R","?","R","T","?","R","M","R","M","R","B",null,"M","M","M","$","?","R","M","M","T","M","R","?"],"character_chosen":"THE_SILENT","items_purchased":["Bane","Footwork","Backflip","Prepared"],"gold_per_floor":[114,114,214,49,69,101,120,146,173,173,20,40,50,66,66,162,162,179,54,54,65,75,75,75,75,75,75,75,86,86,100,100,204,204,222,237,252,78,78,78,98,109,136,150,150,150,150],"floor_reached":47,"campfire_rested":3,"playtime":6033,"current_hp_per_floor":[33,33,33,33,33,23,23,23,23,46,46,46,43,43,64,47,70,70,70,56,31,16,37,37,58,58,58,58,53,53,48,48,36,70,70,52,36,36,36,50,52,32,32,34,48,39,0],"items_purged":["Strike_G","Defend_G","Strike_G","Defend_G"],"gold":150,"score":514,"play_id":"1530f5aa-596e-4ca9-97a0-237b8a5530cf","local_time":"20180430185517","is_prod":false,"is_daily":false,"chose_seed":false,"is_ascension_mode":false,"campfire_upgraded":5,"timestamp":1525128917,"path_taken":["M","?","?","?","M","E","M","E","T","?","$","?","?","M","R","BOSS","M","$","?","M","?","R","?","R","T","?","R","M","R","M","R","BOSS","M","M","M","$","?","R","M","M","T","?","R","?","E"],"build_version":"2018-04-28v2","seed_source_timestamp":1632514137039790,"purchased_purges":4,"victory":false,"master_deck":["Defend_G","Defend_G","Defend_G","Strike_G","Strike_G","Survivor","Neutralize","After Image","Quick Slash","Footwork","Well Laid Plans+1","Deflect","Catalyst","Noxious Fumes","Backflip+1","Backflip+1","Dagger Spray","Dagger Throw","Backstab","Deadly Poison","Footwork","Terror","Prepared+1","Deadly Poison+1","Finesse","Backflip+1","Finesse","Neutralize","Backstab","Infinite Blades+1","Noxious Fumes","Backflip+1","Catalyst","Escape Plan","Prepared","Escape Plan+1","Madness","Madness"],"max_hp_per_floor":[70,70,70,70,70,70,70,70,70,70,70,70,70,70,70,70,70,70,70,70,70,70,70,70,70,70,70,70,70,70,70,70,70,70,70,70,70,70,70,70,70,70,70,70,70,70,70],"relics":["Ring of the Snake","Prayer Wheel","Vajra","Happy Flower","Orrery","Blood Vial","Eternal Feather","Lantern"],"card_choices":[{"not_picked":["Phantasmal Killer","Wraith Form v2"],"picked":"After Image","floor":0},{"not_picked":["Outmaneuver","Flying Knee"],"picked":"Quick Slash","floor":1},{"not_picked":["Outmaneuver","Flying Knee"],"picked":"Well Laid Plans","floor":5},{"not_picked":["Calculated Gamble","Slice"],"picked":"Deflect","floor":6},{"not_picked":["Outmaneuver","Eviscerate"],"picked":"Catalyst","floor":7},{"not_picked":["Deadly Poison","Sucker Punch"],"picked":"Noxious Fumes","floor":8},{"not_picked":["Distraction","Burst"],"picked":"Backflip","floor":9},{"not_picked":["Flying Knee","Burst"],"picked":"Dagger Spray","floor":13},{"not_picked":["Choke","Skewer"],"picked":"Dagger Throw","floor":14},{"not_picked":["Poisoned Stab","Terror"],"picked":"Backstab","floor":17},{"not_picked":["Dagger Throw","Reflex"],"picked":"Deadly Poison","floor":17},{"not_picked":["Infinite Blades","PiercingWail"],"picked":"Footwork","floor":17},{"not_picked":["Underhanded Strike","Outmaneuver"],"picked":"Terror","floor":17},{"not_picked":["Deflect","Terror"],"picked":"Prepared","floor":17},{"not_picked":["Dagger Throw","Dodge and Roll"],"picked":"Deadly Poison","floor":18},{"not_picked":["Bane","Deflect"],"picked":"Backflip","floor":22},{"not_picked":["Acrobatics","PiercingWail"],"picked":"Infinite Blades","floor":29},{"not_picked":["Blade Dance","Riddle With Holes"],"picked":"Noxious Fumes","floor":31},{"not_picked":["Dodge and Roll","Acrobatics"],"picked":"Backflip","floor":35},{"not_picked":["Dagger Throw","Outmaneuver"],"picked":"Catalyst","floor":36},{"not_picked":["Choke","Reflex"],"picked":"Escape Plan","floor":37},{"not_picked":["Malaise","Quick Slash"],"picked":"Escape Plan","floor":42}],"player_experience":36998,"potions_floor_usage":[16,47,47],"damage_taken":[{"damage":2,"enemies":"Small Slimes","floor":1,"turns":4},{"damage":0,"enemies":"Cultist","floor":5,"turns":4},{"damage":10,"enemies":"Lagavulin","floor":6,"turns":12},{"damage":0,"enemies":"2 Louse","floor":7,"turns":4},{"damage":0,"enemies":"3 Sentries","floor":8,"turns":16},{"damage":0,"enemies":"Exordium Wildlife","floor":12,"turns":5},{"damage":3,"enemies":"3 Louse","floor":13,"turns":4},{"damage":0,"enemies":"Blue Slaver","floor":14,"turns":4},{"damage":17,"enemies":"Hexaghost","floor":16,"turns":9},{"damage":0,"enemies":"Shell Parasite","floor":18,"turns":5},{"damage":25,"enemies":"Chosen","floor":21,"turns":6},{"damage":15,"enemies":"Snecko","floor":22,"turns":6},{"damage":7,"enemies":"Chosen and Byrds","floor":29,"turns":5},{"damage":7,"enemies":"Sentry and Sphere","floor":31,"turns":6},{"damage":14,"enemies":"Champ","floor":33,"turns":11},{"damage":0,"enemies":"3 Shapes","floor":35,"turns":4},{"damage":18,"enemies":"3 Darklings","floor":36,"turns":6},{"damage":18,"enemies":"Sphere and 2 Shapes","floor":37,"turns":6},{"damage":0,"enemies":"Maw","floor":41,"turns":8},{"damage":22,"enemies":"3 Darklings","floor":42,"turns":5},{"damage":0,"enemies":"4 Shapes","floor":44,"turns":6},{"damage":44,"enemies":"2 Orb Walkers","floor":47,"turns":4}],"event_choices":[{"event_name":"Purifier","player_choice":"One Purge","floor":2,"damage_taken":0},{"event_name":"Golden Shrine","player_choice":"Pray","floor":3,"damage_taken":0},{"event_name":"Big Fish","player_choice":"Banana","floor":10,"damage_taken":0},{"event_name":"Knowing Skull","player_choice":"CARD ","floor":20,"damage_taken":0},{"event_name":"Match and Keep!","player_choice":"3 cards matched","floor":24,"damage_taken":0},{"event_name":"Vampires","player_choice":"Ignored","floor":27,"damage_taken":0},{"event_name":"Winding Halls","player_choice":"Embrace Madness","floor":46,"damage_taken":0}],"boss_relics":[{"not_picked":["Velvet Choker","Cursed Key"],"picked":"Orrery"},{"not_picked":["Calling Bell","Tiny House"],"picked":"Eternal Feather"}],"potions_floor_spawned":[6,8,13,16,18,21,31,41,44],"seed_played":"6673255663966566122","killed_by":"2 Orb Walkers","ascension_level":0,"is_trial":false}