{"gold_per_floor":[116,116,129,129,149,149,166,184,211,211,136,156,156],"floor_reached":13,"playtime":282,"items_purged":["Strike_R"],"score":150,"play_id":"aed066f4-6315-424b-911f-b1d10bcaf822","local_time":"20190501012508","is_ascension_mode":true,"campfire_choices":[{"data":"Shockwave","floor":6.0,"key":"SMITH"},{"floor":10.0,"key":"REST"}],"neow_cost":"NONE","seed_source_timestamp":0,"circlet_count":0,"master_deck":["AscendersBane","Strike_R","Strike_R","Strike_R+1","Defend_R","Defend_R+1","Defend_R","Defend_R","Bash","Headbutt","Shockwave+1","Battle Trance","Clothesline","Metallicize","Armaments","Iron Wave"],"special_seed":0,"relics":["Burning Blood","Juzu Bracelet"],"potions_floor_usage":[],"damage_taken":[{"damage":8.0,"enemies":"2 Louse","floor":1.0,"turns":3.0},{"damage":4.0,"enemies":"Jaw Worm","floor":3.0,"turns":3.0},{"damage":16.0,"enemies":"Small Slimes","floor":5.0,"turns":3.0},{"damage":15.0,"enemies":"Gremlin Gang","floor":7.0,"turns":5.0},{"damage":10.0,"enemies":"Exordium Wildlife","floor":8.0,"turns":5.0},{"damage":9.0,"enemies":"2 Fungi Beasts","floor":12.0,"turns":4.0}],"seed_played":"-6812912585511770552","potions_obtained":[{"floor":3.0,"key":"Block Potion"},{"floor":5.0,"key":"SpeedPotion"},{"floor":12.0,"key":"LiquidBronze"}],"is_trial":false,"path_per_floor":["M","?","M","?","M","R","M","M","T","R","$","M","$"],"character_chosen":"IRONCLAD","items_purchased":[],"campfire_rested":1,"item_purchase_floors":[],"current_hp_per_floor":[66,43,45,38,28,28,19,15,15,37,37,34,34],"gold":156,"neow_bonus":"THREE_CARDS","is_prod":false,"is_daily":false,"chose_seed":false,"campfire_upgraded":1,"win_rate":0,"timestamp":1556641508,"path_taken":["M","?","M","?","M","R","M","M","T","R","?","M","$"],"build_version":"2019-01-23","purchased_purges":1,"victory":false,"max_hp_per_floor":[75,75,75,75,75,75,75,75,75,75,75,75,75],"card_choices":[{"not_picked":["Iron Wave","Thunderclap"],"picked":"Headbutt","floor":0.0},{"not_picked":["Thunderclap","Flex"],"picked":"Shockwave","floor":1.0},{"not_picked":["True Grit","Thunderclap"],"picked":"Battle Trance","floor":3.0},{"not_picked":["Wild Strike","Anger"],"picked":"Clothesline","floor":5.0},{"not_picked":["Thunderclap","Body Slam"],"picked":"Metallicize","floor":7.0},{"not_picked":["Body Slam","Perfected Strike"],"picked":"Armaments","floor":8.0},{"not_picked":["Thunderclap","Hemokinesis"],"picked":"Iron Wave","floor":12.0}],"player_experience":464973,"relics_obtained":[{"floor":9.0,"key":"Juzu Bracelet"}],"event_choices":[{"damage_healed":0.0,"max_hp_gain":0.0,"max_hp_loss":0.0,"gold_gain":0.0,"event_name":"Shining Light","player_choice":"Entered Light","floor":2.0,"gold_loss":0.0,"damage_taken":23.0,"cards_upgraded":["Strike_R","Defend_R"]},{"cards_removed":["Strike_R"],"damage_healed":0.0,"max_hp_gain":0.0,"max_hp_loss":0.0,"gold_gain":0.0,"event_name":"Golden Wing","player_choice":"Card Removal","floor":4.0,"gold_loss":0.0,"damage_taken":7.0}],"is_beta":false,"boss_relics":[],"items_purged_floors":[11],"is_endless":false,"potions_floor_spawned":[3,5,12],"ascension_level":19}