{"gold_per_floor":[213,13,13,25,41,70,2,277,277,305,305,272,290,308,308,406,406,422,347,347,361,28,28,28,47,47,47,62,72,72,72],"floor_reached":31,"playtime":1979,"items_purged":["Regret"],"score":247,"play_id":"18424b64-42c1-4fb3-8493-fd14742c0ab5","local_time":"20190428112359","is_ascension_mode":false,"campfire_choices":[{"floor":11,"key":"REST"},{"data":"Defragment","floor":15,"key":"SMITH"},{"data":"Seek","floor":23,"key":"SMITH"},{"floor":27,"key":"REST"}],"neow_cost":"NONE","seed_source_timestamp":831764838446163,"circlet_count":0,"master_deck":["Strike_B","Strike_B","Strike_B","Defend_B","Defend_B","Defend_B","Defend_B","Zap","Dualcast","Darkness","Sunder","Undo","Sunder","Capacitor","Leap","Defragment","Defragment+1","Seek+1","The Bomb","Defragment","Conserve Battery","Ball Lightning","Turbo","Ball Lightning"],"relics":["Cracked Core","ClockworkSouvenir","Kunai","Pear","Gambling Chip","Busted Crown","Nilry\u0027s Codex","Nunchaku"],"potions_floor_usage":[6,16,16,16,30,31],"damage_taken":[{"damage":0,"enemies":"Cultist","floor":1,"turns":4},{"damage":6,"enemies":"Jaw Worm","floor":4,"turns":3},{"damage":0,"enemies":"Small Slimes","floor":5,"turns":2},{"damage":4,"enemies":"3 Sentries","floor":6,"turns":4},{"damage":21,"enemies":"Gremlin Nob","floor":10,"turns":5},{"damage":15,"enemies":"Exordium Thugs","floor":12,"turns":5},{"damage":0,"enemies":"2 Fungi Beasts","floor":13,"turns":2},{"damage":2,"enemies":"3 Louse","floor":14,"turns":2},{"damage":12,"enemies":"Slime Boss","floor":16,"turns":6},{"damage":7,"enemies":"Spheric Guardian","floor":18,"turns":5},{"damage":6,"enemies":"3 Byrds","floor":21,"turns":4},{"damage":15,"enemies":"Snake Plant","floor":25,"turns":4},{"damage":13,"enemies":"Chosen and Byrds","floor":28,"turns":4},{"damage":19,"enemies":"3 Cultists","floor":29,"turns":5},{"damage":28,"enemies":"Colosseum Slavers","floor":30,"turns":3},{"damage":10,"enemies":"Cultist and Chosen","floor":31,"turns":4}],"seed_played":"4486985096901880014","potions_obtained":[{"floor":1,"key":"PowerPotion"},{"floor":5,"key":"FearPotion"},{"floor":12,"key":"Strength Potion"},{"floor":14,"key":"SteroidPotion"},{"floor":21,"key":"FearPotion"},{"floor":25,"key":"GamblersBrew"},{"floor":29,"key":"Explosive Potion"}],"is_trial":false,"path_per_floor":["?","$","?","?","?","M","?"],"character_chosen":"DEFECT","items_purchased":["ClockworkSouvenir","Capacitor","The Bomb","Defragment","Conserve Battery","Ball Lightning"],"campfire_rested":2,"item_purchase_floors":[2,7,22,22,22,22],"current_hp_per_floor":[75,75,75,69,69,65,65,65,75,54,79,64,64,62,62,50,85,78,78,62,56,56,56,56,41,41,66,53,34,6,0],"gold":72,"neow_bonus":"HUNDRED_GOLD","is_prod":false,"is_daily":false,"chose_seed":false,"campfire_upgraded":2,"win_rate":0,"timestamp":1556465039,"path_taken":["M","$","?","M","M","E","?","?","T","E","R","M","M","M","R","BOSS","M","$","?","M","$","R","?","M","T","R","?","M","?","M"],"build_version":"2019-01-23","purchased_purges":1,"victory":false,"max_hp_per_floor":[75,75,75,75,75,75,75,75,85,85,85,85,85,85,85,85,85,85,85,85,85,85,85,85,85,85,85,85,85,85,85],"card_choices":[{"not_picked":["Turbo","Go for the Eyes"],"picked":"Darkness","floor":1},{"not_picked":["White Noise","Auto Shields"],"picked":"Sunder","floor":4},{"not_picked":["Chaos","Streamline"],"picked":"Undo","floor":5},{"not_picked":["Heatsinks","Sweeping Beam"],"picked":"Sunder","floor":6},{"not_picked":["Sweeping Beam","Blizzard"],"picked":"Leap","floor":10},{"not_picked":["Sweeping Beam","Compile Driver"],"picked":"Defragment","floor":12},{"not_picked":["Genetic Algorithm","Doom and Gloom"],"picked":"Defragment","floor":13},{"not_picked":["Lockon","Rebound","Rip and Tear"],"picked":"SKIP","floor":14},{"not_picked":["All For One","Multi-Cast"],"picked":"Seek","floor":16},{"not_picked":["Rip and Tear"],"picked":"SKIP","floor":18},{"not_picked":["Compile Driver"],"picked":"SKIP","floor":21},{"not_picked":[],"picked":"Turbo","floor":25},{"not_picked":["Redo"],"picked":"SKIP","floor":28},{"not_picked":[],"picked":"Ball Lightning","floor":29}],"player_experience":420772,"relics_obtained":[{"floor":6,"key":"Kunai"},{"floor":9,"key":"Pear"},{"floor":10,"key":"Gambling Chip"},{"floor":20,"key":"Nilry\u0027s Codex"},{"floor":26,"key":"Nunchaku"}],"event_choices":[{"cards_removed":["Strike_B"],"damage_healed":0,"gold_gain":0,"player_choice":"Purged","damage_taken":0,"max_hp_gain":0,"max_hp_loss":0,"event_name":"Purifier","floor":3,"gold_loss":0},{"damage_healed":0,"gold_gain":275,"player_choice":"Desecrate","damage_taken":0,"max_hp_gain":0,"max_hp_loss":0,"event_name":"Golden Shrine","floor":8,"gold_loss":0,"cards_obtained":["Regret"]},{"damage_healed":0,"gold_gain":0,"player_choice":"Obtained Book","damage_taken":16,"max_hp_gain":0,"max_hp_loss":0,"event_name":"Cursed Tome","floor":20,"gold_loss":0},{"damage_healed":0,"gold_gain":0,"player_choice":"Ignored","damage_taken":0,"max_hp_gain":0,"max_hp_loss":0,"event_name":"NoteForYourself","floor":24,"gold_loss":0},{"damage_healed":0,"gold_gain":0,"player_choice":"Fight","damage_taken":0,"max_hp_gain":0,"max_hp_loss":0,"event_name":"Colosseum","floor":30,"gold_loss":0},{"damage_healed":0,"gold_gain":0,"player_choice":"Fled From Nobs","damage_taken":0,"max_hp_gain":0,"max_hp_loss":0,"event_name":"Colosseum","floor":30,"gold_loss":0}],"is_beta":false,"boss_relics":[{"not_picked":["Runic Pyramid","Ectoplasm"],"picked":"Busted Crown"}],"items_purged_floors":[19],"is_endless":false,"potions_floor_spawned":[1,5,12,14,21,25,29],"killed_by":"Cultist and Chosen","ascension_level":0}