{"gold_per_floor":[112,132,145,145,164,196,196,221,221,221,250,260,288,288,288,386,386,351,361,361,361,11,46,57,57],"floor_reached":25,"playtime":2272,"items_purged":["Strike_R+1"],"score":344,"play_id":"5c9bb118-11b8-454b-8fa5-f89b65320e26","local_time":"20190520045240","is_ascension_mode":true,"campfire_choices":[{"data":"Clothesline","floor":7,"key":"SMITH"},{"floor":10,"key":"REST"},{"floor":15,"key":"REST"}],"neow_cost":"NONE","seed_source_timestamp":88562722849604,"circlet_count":0,"master_deck":["Strike_R+1","Strike_R+1","Strike_R+1","Strike_R+1","Defend_R+1","Defend_R+1","Defend_R+1","Defend_R+1","Bash","Shrug It Off","Clothesline+1","Shrug It Off","True Grit","Corruption","Barricade","Shrug It Off","Dark Embrace","RitualDagger","Bludgeon"],"relics":["Burning Blood","Bag of Marbles","Red Skull","Dodecahedron","Regal Pillow","Letter Opener","Art of War","Omamori","Spirit Poop","Busted Crown","Lantern","Matryoshka"],"potions_floor_usage":[6,6,8,11,16,23,23],"damage_taken":[{"damage":7,"enemies":"Jaw Worm","floor":1,"turns":3},{"damage":0,"enemies":"Small Slimes","floor":2,"turns":3},{"damage":0,"enemies":"Cultist","floor":3,"turns":3},{"damage":9,"enemies":"Looter","floor":5,"turns":4},{"damage":21,"enemies":"3 Sentries","floor":6,"turns":8},{"damage":55,"enemies":"Lagavulin","floor":8,"turns":7},{"damage":8,"enemies":"Gremlin Nob","floor":11,"turns":4},{"damage":5,"enemies":"Blue Slaver","floor":12,"turns":4},{"damage":47,"enemies":"3 Sentries","floor":13,"turns":10},{"damage":42,"enemies":"Hexaghost","floor":16,"turns":12},{"damage":31,"enemies":"2 Thieves","floor":18,"turns":5},{"damage":0,"enemies":"Chosen","floor":19,"turns":6},{"damage":0,"enemies":"Slavers","floor":23,"turns":6},{"damage":0,"enemies":"Snake Plant","floor":24,"turns":3},{"damage":69,"enemies":"Book of Stabbing","floor":25,"turns":7}],"seed_played":"-8100081484766980747","potions_obtained":[{"floor":1,"key":"Fire Potion"},{"floor":3,"key":"Explosive Potion"},{"floor":6,"key":"SkillPotion"},{"floor":8,"key":"Energy Potion"},{"floor":13,"key":"SpeedPotion"},{"floor":18,"key":"FearPotion"}],"is_trial":false,"path_per_floor":["M","M","M","?","M","E","R","E","T","R","E","M","E","?","R","B",null,"M","M","?","?","$","E","M","E"],"character_chosen":"IRONCLAD","items_purchased":["Lantern","AttackPotion","Regen Potion"],"campfire_rested":2,"item_purchase_floors":[22,22,22],"current_hp_per_floor":[79,80,80,80,77,62,62,13,13,52,50,51,10,10,49,13,63,38,44,44,38,38,59,65,0],"gold":57,"neow_bonus":"RANDOM_COMMON_RELIC","is_prod":false,"is_daily":false,"chose_seed":false,"campfire_upgraded":1,"win_rate":0,"timestamp":1558308160,"path_taken":["M","M","M","?","M","E","R","E","T","R","E","M","E","?","R","BOSS","M","?","?","?","$","E","M","E"],"build_version":"2019-01-23","purchased_purges":1,"victory":false,"max_hp_per_floor":[80,80,80,80,80,80,80,80,80,80,80,80,80,80,80,80,80,80,80,80,80,80,80,80,80],"card_choices":[{"not_picked":["Entrench","Perfected Strike","Dropkick"],"picked":"SKIP","floor":1},{"not_picked":["Hemokinesis","Sword Boomerang"],"picked":"Shrug It Off","floor":2},{"not_picked":["Twin Strike","Second Wind","Heavy Blade"],"picked":"SKIP","floor":3},{"not_picked":["Twin Strike","Seeing Red"],"picked":"Clothesline","floor":5},{"not_picked":["Anger","Thunderclap"],"picked":"Shrug It Off","floor":6},{"not_picked":["Power Through","Cleave"],"picked":"True Grit","floor":8},{"not_picked":["Infernal Blade","Clothesline"],"picked":"Corruption","floor":11},{"not_picked":["Dual Wield","Clothesline"],"picked":"Barricade","floor":12},{"not_picked":["Feel No Pain","Perfected Strike"],"picked":"Shrug It Off","floor":13},{"not_picked":["Impervious","Brutality"],"picked":"Dark Embrace","floor":16},{"not_picked":["Burning Pact+1"],"picked":"SKIP","floor":18},{"not_picked":["Intimidate"],"picked":"SKIP","floor":19},{"not_picked":[],"picked":"Bludgeon","floor":23},{"not_picked":["Twin Strike+1"],"picked":"SKIP","floor":24}],"player_experience":520809,"relics_obtained":[{"floor":6,"key":"Dodecahedron"},{"floor":8,"key":"Regal Pillow"},{"floor":9,"key":"Letter Opener"},{"floor":11,"key":"Art of War"},{"floor":13,"key":"Omamori"},{"floor":23,"key":"Matryoshka"}],"event_choices":[{"damage_healed":0,"gold_gain":0,"player_choice":"Box","damage_taken":0,"relics_obtained":["Red Skull"],"max_hp_gain":0,"max_hp_loss":0,"event_name":"Big Fish","floor":4,"gold_loss":0,"cards_obtained":["Regret"]},{"cards_removed":["Regret"],"damage_healed":0,"gold_gain":0,"player_choice":"Offered Curse","damage_taken":0,"relics_obtained":["Spirit Poop"],"max_hp_gain":0,"max_hp_loss":0,"event_name":"Bonfire Elementals","floor":14,"gold_loss":0},{"damage_healed":0,"gold_gain":0,"player_choice":"Simplicity","damage_taken":0,"max_hp_gain":0,"max_hp_loss":0,"event_name":"Back to Basics","floor":20,"gold_loss":0,"cards_upgraded":["Strike_R","Strike_R","Strike_R","Strike_R","Strike_R","Defend_R","Defend_R","Defend_R","Defend_R"]},{"damage_healed":0,"gold_gain":0,"player_choice":"Joined the Cult","damage_taken":6,"max_hp_gain":0,"max_hp_loss":0,"event_name":"Nest","floor":21,"gold_loss":0,"cards_obtained":["RitualDagger"]}],"is_beta":false,"boss_relics":[{"not_picked":["Calling Bell","Tiny House"],"picked":"Busted Crown"}],"items_purged_floors":[22],"is_endless":false,"potions_floor_spawned":[1,3,6,8,13,18],"killed_by":"Book of Stabbing","ascension_level":5}