{"gold_per_floor":[115,115,125,125,200,226,56,113,185,185,214,232,245,258,258,357,357,367,367,30,46,46,46,61,77,102,102],"floor_reached":27,"playtime":1704,"items_purged":[],"score":248,"play_id":"6be20a2d-c5b7-4dad-9c8d-561995d44e35","local_time":"20190105220516","is_ascension_mode":false,"campfire_choices":[{"floor":10,"key":"REST"},{"floor":15,"key":"REST"},{"data":"Combust","floor":23,"key":"SMITH"}],"neow_cost":"NONE","seed_source_timestamp":618828400135658,"circlet_count":0,"master_deck":["Strike_R","Strike_R","Strike_R","Defend_R+1","Defend_R","Defend_R","Bash","Whirlwind","Combust+1","Shrug It Off+1","Panache","Pommel Strike","True Grit","Combust","Combust","Double Tap","Feed","Body Slam+1","Juggernaut+1","Anger","Bloodletting","Pommel Strike","Whirlwind"],"relics":["Burning Blood","NeowsBlessing","GremlinMask","Ancient Tea Set","Pen Nib","Dodecahedron","Oddly Smooth Stone","Astrolabe","PreservedInsect","War Paint","Orichalcum"],"potions_floor_usage":[],"damage_taken":[{"damage":0,"enemies":"2 Louse","floor":1,"turns":1},{"damage":0,"enemies":"Cultist","floor":3,"turns":1},{"damage":0,"enemies":"3 Sentries","floor":6,"turns":2},{"damage":49,"enemies":"3 Sentries","floor":8,"turns":6},{"damage":22,"enemies":"Lagavulin","floor":11,"turns":5},{"damage":2,"enemies":"Small Slimes","floor":12,"turns":3},{"damage":21,"enemies":"2 Fungi Beasts","floor":13,"turns":3},{"damage":3,"enemies":"Exordium Wildlife","floor":14,"turns":2},{"damage":43,"enemies":"Slime Boss","floor":16,"turns":7},{"damage":28,"enemies":"Spheric Guardian","floor":18,"turns":4},{"damage":27,"enemies":"Chosen","floor":21,"turns":4},{"damage":34,"enemies":"Sentry and Sphere","floor":24,"turns":5},{"damage":36,"enemies":"3 Cultists","floor":25,"turns":5},{"damage":15,"enemies":"Centurion and Healer","floor":27,"turns":1}],"seed_played":"-685253315812566528","potions_obtained":[{"floor":1,"key":"Block Potion"},{"floor":3,"key":"SteroidPotion"},{"floor":12,"key":"Fire Potion"}],"is_trial":false,"path_per_floor":["M","?","M","?","?","E","$","?","T","R","E","M","M","M","R","B",null,"M","?","$","M","?","R","M","M","T","M"],"character_chosen":"IRONCLAD","items_purchased":["Panache","PreservedInsect","War Paint","Bloodletting"],"campfire_rested":2,"item_purchase_floors":[7,20,20,20],"current_hp_per_floor":[80,80,80,85,74,80,80,37,37,62,46,50,35,38,63,26,85,63,85,85,67,67,67,42,12,12,0],"gold":102,"neow_bonus":"THREE_ENEMY_KILL","is_prod":false,"is_daily":false,"chose_seed":false,"campfire_upgraded":1,"win_rate":0.0,"timestamp":1546747516,"path_taken":["M","?","?","?","?","E","$","?","T","R","E","M","M","M","R","BOSS","M","?","?","M","?","R","M","?","T","M"],"build_version":"2019-01-03v4","purchased_purges":0,"victory":false,"max_hp_per_floor":[80,80,80,85,85,85,85,85,85,85,85,85,85,85,85,85,85,85,85,85,88,88,88,91,91,91,91],"card_choices":[{"not_picked":["Entrench","Intimidate"],"picked":"Whirlwind","floor":1},{"not_picked":["Metallicize","Pommel Strike"],"picked":"Combust","floor":3},{"not_picked":["Rage","Infernal Blade"],"picked":"Shrug It Off","floor":6},{"not_picked":["Sword Boomerang","Body Slam"],"picked":"Pommel Strike","floor":8},{"not_picked":["Warcry","Berserk"],"picked":"True Grit","floor":11},{"not_picked":["Metallicize","Warcry"],"picked":"Combust","floor":12},{"not_picked":["Thunderclap","Intimidate"],"picked":"Combust","floor":13},{"not_picked":["Armaments","Iron Wave"],"picked":"Double Tap","floor":14},{"not_picked":["Barricade","Reaper"],"picked":"Feed","floor":16},{"not_picked":["Headbutt","Power Through+1"],"picked":"Anger","floor":18},{"not_picked":["Perfected Strike","Dropkick+1"],"picked":"Pommel Strike","floor":21},{"not_picked":["Thunderclap","Seeing Red+1","Rupture+1"],"picked":"SKIP","floor":24},{"not_picked":["Sword Boomerang","Flex"],"picked":"Whirlwind","floor":25}],"player_experience":19199,"relics_obtained":[{"floor":6,"key":"Ancient Tea Set"},{"floor":9,"key":"Dodecahedron"},{"floor":11,"key":"Oddly Smooth Stone"},{"floor":26,"key":"Orichalcum"}],"event_choices":[{"damage_healed":0,"gold_gain":0,"player_choice":"Trade","damage_taken":0,"relics_obtained":["GremlinMask"],"max_hp_gain":0,"max_hp_loss":0,"event_name":"FaceTrader","floor":2,"gold_loss":0},{"damage_healed":0,"gold_gain":0,"player_choice":"Donut","damage_taken":0,"max_hp_gain":5,"max_hp_loss":0,"event_name":"Big Fish","floor":4,"gold_loss":0},{"damage_healed":0,"gold_gain":75,"player_choice":"Gather Gold","damage_taken":11,"max_hp_gain":0,"max_hp_loss":0,"event_name":"World of Goop","floor":5,"gold_loss":0},{"damage_healed":0,"gold_gain":0,"player_choice":"Searched \u00273\u0027 times","damage_taken":0,"relics_obtained":["Pen Nib"],"max_hp_gain":0,"max_hp_loss":0,"event_name":"Dead Adventurer","floor":8,"gold_loss":0},{"cards_removed":["Rupture"],"damage_healed":22,"gold_gain":0,"player_choice":"Offered Uncommon","damage_taken":0,"max_hp_gain":0,"max_hp_loss":0,"event_name":"Bonfire Elementals","floor":19,"gold_loss":0},{"damage_healed":0,"gold_gain":0,"player_choice":"Got Potions","damage_taken":0,"max_hp_gain":0,"max_hp_loss":0,"event_name":"Lab","floor":22,"gold_loss":0}],"is_beta":false,"boss_relics":[{"not_picked":["Runic Pyramid","Fusion Hammer"],"picked":"Astrolabe"}],"items_purged_floors":[],"is_endless":false,"potions_floor_spawned":[1,3,12,14,16,18,21,24],"killed_by":"Centurion and Healer","ascension_level":0}