{"gold_per_floor":[117,192,192,192,29,29,60,60,60,79,142,142,162,180,180,279,279,294,313,329,343,356,356,356],"floor_reached":24,"playtime":655,"items_purged":[],"score":315,"play_id":"29522b1e-61bf-4ded-9da8-10ecd09b57e9","local_time":"20190402025530","is_ascension_mode":true,"campfire_choices":[{"data":"Sword Boomerang","floor":6,"key":"SMITH"},{"data":"Disarm","floor":12,"key":"SMITH"},{"data":"Bash","floor":15,"key":"SMITH"},{"floor":23,"key":"REST"}],"neow_cost":"NONE","seed_source_timestamp":1222671055609875,"circlet_count":0,"master_deck":["Strike_R","Strike_R","Strike_R","Defend_R","Defend_R","Defend_R","Defend_R","Bash+1","Sword Boomerang+1","Limit Break","Anger","Carnage","Shrug It Off","Disarm+1","Heavy Blade+1","Iron Wave+1","Fiend Fire+1","Armaments+1","Iron Wave+1","Infernal Blade"],"relics":["Burning Blood","NeowsBlessing","Lantern","Strawberry","Molten Egg 2","Tiny Chest","Lizard Tail"],"potions_floor_usage":[16],"damage_taken":[{"damage":0,"enemies":"2 Louse","floor":1,"turns":1},{"damage":0,"enemies":"Gremlin Nob","floor":7,"turns":1},{"damage":0,"enemies":"Small Slimes","floor":10,"turns":1},{"damage":19,"enemies":"3 Sentries","floor":11,"turns":7},{"damage":0,"enemies":"Jaw Worm","floor":13,"turns":1},{"damage":42,"enemies":"Exordium Thugs","floor":14,"turns":8},{"damage":9,"enemies":"Hexaghost","floor":16,"turns":10},{"damage":19,"enemies":"Spheric Guardian","floor":18,"turns":4},{"damage":22,"enemies":"Chosen","floor":19,"turns":5},{"damage":36,"enemies":"3 Cultists","floor":20,"turns":6},{"damage":42,"enemies":"Chosen and Byrds","floor":21,"turns":9},{"damage":27,"enemies":"Centurion and Healer","floor":22,"turns":8},{"damage":52,"enemies":"Book of Stabbing","floor":24,"turns":6}],"seed_played":"1603607577597939537","potions_obtained":[{"floor":1,"key":"Block Potion"},{"floor":10,"key":"GamblersBrew"},{"floor":16,"key":"GamblersBrew"},{"floor":21,"key":"Poison Potion"},{"floor":22,"key":"Dexterity Potion"}],"is_trial":false,"path_per_floor":["M","?","?","?","$","R","E","?","T","M","E","R","M","M","R","B",null,"M","M","M","M","M","R","E"],"character_chosen":"IRONCLAD","items_purchased":["Limit Break"],"campfire_rested":1,"item_purchase_floors":[5],"current_hp_per_floor":[78,67,60,53,53,53,66,66,66,72,59,59,65,29,29,26,72,59,43,13,36,15,41,0],"gold":356,"neow_bonus":"THREE_ENEMY_KILL","is_prod":false,"is_daily":false,"chose_seed":false,"campfire_upgraded":3,"win_rate":0,"timestamp":1554141330,"path_taken":["M","?","?","?","$","R","E","?","T","?","E","R","M","M","R","BOSS","M","M","M","M","M","R","E"],"build_version":"2019-01-23","purchased_purges":0,"victory":false,"max_hp_per_floor":[80,80,80,80,80,80,87,87,87,87,87,87,87,87,87,87,87,87,87,87,87,87,87,87],"card_choices":[{"not_picked":["Ghostly Armor","Thunderclap"],"picked":"Sword Boomerang","floor":1},{"not_picked":["Wild Strike","Havoc"],"picked":"Anger","floor":7},{"not_picked":["Body Slam+1","Anger+1"],"picked":"Shrug It Off","floor":10},{"not_picked":["Blood for Blood+1","Warcry"],"picked":"Disarm","floor":11},{"not_picked":["Thunderclap+1","Cleave+1"],"picked":"Heavy Blade+1","floor":13},{"not_picked":["Dropkick+1","Reckless Charge+1"],"picked":"Iron Wave+1","floor":14},{"not_picked":["Bludgeon+1","Limit Break"],"picked":"Fiend Fire+1","floor":16},{"not_picked":["Fire Breathing","Clash+1","Warcry"],"picked":"SKIP","floor":18},{"not_picked":["Headbutt+1","Rage","Pommel Strike+1"],"picked":"SKIP","floor":19},{"not_picked":["Burning Pact","Hemokinesis+1"],"picked":"Armaments+1","floor":20},{"not_picked":["Hemokinesis+1","Perfected Strike+1"],"picked":"Iron Wave+1","floor":21},{"not_picked":["Clothesline+1","Pommel Strike+1"],"picked":"Infernal Blade","floor":22}],"player_experience":394727,"relics_obtained":[{"floor":7,"key":"Strawberry"},{"floor":9,"key":"Molten Egg 2"},{"floor":11,"key":"Tiny Chest"}],"event_choices":[{"damage_healed":0,"gold_gain":75,"player_choice":"Gather Gold","damage_taken":11,"max_hp_gain":0,"max_hp_loss":0,"event_name":"World of Goop","floor":2,"gold_loss":0},{"cards_removed":["Strike_R"],"damage_healed":0,"gold_gain":0,"player_choice":"Card Removal","damage_taken":7,"max_hp_gain":0,"max_hp_loss":0,"event_name":"Golden Wing","floor":3,"gold_loss":0},{"damage_healed":0,"gold_gain":0,"player_choice":"Success","damage_taken":7,"relics_obtained":["Lantern"],"max_hp_gain":0,"max_hp_loss":0,"event_name":"Scrap Ooze","floor":4,"gold_loss":0},{"damage_healed":0,"gold_gain":0,"cards_transformed":["Strike_R"],"player_choice":"Change","damage_taken":0,"max_hp_gain":0,"max_hp_loss":0,"event_name":"Living Wall","floor":8,"gold_loss":0,"cards_obtained":["Carnage"]}],"is_beta":false,"boss_relics":[{"not_picked":["Coffee Dripper","Snecko Eye"],"picked":"Lizard Tail"}],"items_purged_floors":[],"is_endless":false,"potions_floor_spawned":[1,10,16,21,22],"killed_by":"Book of Stabbing","ascension_level":7}