{"gold_per_floor":[117,133,58,58,76,103,103,3,74,74,74,95,108,138,138,138],"floor_reached":16,"playtime":830,"items_purged":["Strike_G","Strike_G"],"score":216,"play_id":"62accfa9-8905-4e31-acd7-d9e518bf0e31","local_time":"20190505135544","is_ascension_mode":true,"campfire_choices":[{"floor":7.0,"key":"REST"},{"data":"Choke","floor":11.0,"key":"SMITH"},{"floor":15.0,"key":"REST"}],"neow_cost":"TEN_PERCENT_HP_LOSS","seed_source_timestamp":853361787948900,"circlet_count":0,"master_deck":["AscendersBane","Defend_G","Defend_G+1","Defend_G","Defend_G","Defend_G","Strike_G","Strike_G","Strike_G","Survivor","Neutralize","Bullet Time+1","Dagger Throw","Choke+1","Backflip","Endless Agony","Masterful Stab","Calculated Gamble","Backflip"],"special_seed":0,"relics":["Ring of the Snake","FaceOfCleric","Strawberry","Paper Crane","Odd Mushroom","War Paint"],"potions_floor_usage":[16,16],"damage_taken":[{"damage":4.0,"enemies":"Small Slimes","floor":1.0,"turns":4.0},{"damage":1.0,"enemies":"Cultist","floor":2.0,"turns":3.0},{"damage":0.0,"enemies":"Jaw Worm","floor":5.0,"turns":4.0},{"damage":51.0,"enemies":"Lagavulin","floor":6.0,"turns":9.0},{"damage":25.0,"enemies":"The Mushroom Lair","floor":12.0,"turns":7.0},{"damage":0.0,"enemies":"2 Fungi Beasts","floor":13.0,"turns":2.0},{"damage":4.0,"enemies":"Gremlin Nob","floor":14.0,"turns":3.0},{"damage":33,"enemies":"Slime Boss","floor":16,"turns":10}],"seed_played":"-7631828620937815917","potions_obtained":[{"floor":2.0,"key":"Swift Potion"},{"floor":6.0,"key":"Energy Potion"},{"floor":12.0,"key":"Block Potion"},{"floor":13.0,"key":"Block Potion"}],"is_trial":false,"path_per_floor":["M","M","$","?","M","E","R","$","T","?","R","?","M","E","R","B"],"character_chosen":"THE_SILENT","items_purchased":[],"campfire_rested":2,"item_purchase_floors":[],"current_hp_per_floor":[55,54,54,54,55,12,32,32,32,32,32,8,9,6,27,0],"gold":138,"neow_bonus":"THREE_RARE_CARDS","is_prod":false,"is_daily":false,"chose_seed":false,"campfire_upgraded":1,"win_rate":0,"timestamp":1557078944,"path_taken":["M","M","$","?","?","E","R","$","T","?","R","?","M","E","R","BOSS"],"build_version":"2019-01-23","purchased_purges":2,"victory":false,"max_hp_per_floor":[60,60,60,60,61,69,69,69,69,69,69,70,71,72,72,72],"card_choices":[{"not_picked":["Die Die Die","Phantasmal Killer"],"picked":"Bullet Time","floor":0.0},{"not_picked":["Dodge and Roll","Underhanded Strike"],"picked":"Dagger Throw","floor":1.0},{"not_picked":["Concentrate","Flying Knee"],"picked":"Choke","floor":2.0},{"not_picked":["Prepared","Flying Knee"],"picked":"Backflip","floor":5.0},{"not_picked":["Quick Slash","Storm of Steel"],"picked":"Endless Agony","floor":6.0},{"not_picked":["Outmaneuver","Dodge and Roll"],"picked":"Masterful Stab","floor":12.0},{"not_picked":["Choke","Tactician"],"picked":"Calculated Gamble","floor":13.0},{"not_picked":["Dagger Throw","Tactician"],"picked":"Backflip","floor":14.0}],"player_experience":741127,"relics_obtained":[{"floor":6.0,"key":"Strawberry"},{"floor":9.0,"key":"Paper Crane"},{"floor":12.0,"key":"Odd Mushroom"},{"floor":14.0,"key":"War Paint"}],"event_choices":[{"damage_healed":0.0,"max_hp_gain":0.0,"max_hp_loss":0.0,"gold_gain":0.0,"event_name":"FaceTrader","player_choice":"Trade","floor":4.0,"gold_loss":0.0,"damage_taken":0.0,"relics_obtained":["FaceOfCleric"]},{"damage_healed":0.0,"max_hp_gain":0.0,"max_hp_loss":0.0,"gold_gain":0.0,"event_name":"Liars Game","player_choice":"Ignored","floor":10.0,"gold_loss":0.0,"damage_taken":0.0},{"damage_healed":0.0,"max_hp_gain":0.0,"max_hp_loss":0.0,"gold_gain":0.0,"event_name":"Mushrooms","player_choice":"Fought Mushrooms","floor":12.0,"gold_loss":0.0,"damage_taken":0.0}],"is_beta":false,"boss_relics":[],"items_purged_floors":[3,8],"is_endless":false,"potions_floor_spawned":[2,6,12,13],"killed_by":"Slime Boss","ascension_level":20}