{"gold_per_floor":[115,65,85,13,13,43,58,73,124,124,124,156,172,187,187,290,290,301,149,161,161,171,186,186,186,258,271,271,285,135,151,151,255,255,275,21,70,70,90,90,100,100,126,126,126,138,238,255,255,255,255,255,16,42,42],"floor_reached":55,"playtime":4402,"items_purged":[],"score":706,"play_id":"1ed36048-9591-4d17-bd69-be1c04989a03","local_time":"20190509210134","is_ascension_mode":false,"campfire_choices":[{"data":"Machine Learning","floor":11,"key":"SMITH"},{"data":"Rainbow","floor":15,"key":"SMITH"},{"floor":24,"key":"REST"},{"floor":28,"key":"REST"},{"floor":32,"key":"REST"},{"floor":40,"key":"REST"},{"floor":44,"key":"RECALL"},{"floor":49,"key":"REST"},{"data":"Consume","floor":52,"key":"SMITH"}],"neow_cost":"NONE","seed_source_timestamp":5938412176539,"circlet_count":0,"master_deck":["Zap","Dualcast","Cold Snap","Undo","Defragment+1","Machine Learning+1","Doom and Gloom+1","Ball Lightning+1","Rainbow+1","Coolheaded","Meteor Strike+1","Gash+1","Consume+1","Compile Driver+1","White Noise","Compile Driver+1","Reprogram","Cold Snap+1","Gash+1","Defragment","Turbo","Cold Snap+1","Stack+1","Chill+1","Conserve Battery+1","Bite+1","Bite+1","Bite+1","Bite+1","Blizzard+1","Gash+1","Creative AI","Double Energy+1","Parasite"],"relics":["Cracked Core","NeowsBlessing","Molten Egg 2","DataDisk","Pandora\u0027s Box","Nloth\u0027s Gift","Shuriken","Inserter","Pear","Ginger","Ice Cream","Kunai","Incense Burner"],"potions_floor_usage":[16,33,37,50],"damage_taken":[{"damage":0,"enemies":"Jaw Worm","floor":1,"turns":1},{"damage":0,"enemies":"Small Slimes","floor":3,"turns":1},{"damage":0,"enemies":"Gremlin Nob","floor":6,"turns":1},{"damage":0,"enemies":"Cultist","floor":7,"turns":3},{"damage":0,"enemies":"Exordium Wildlife","floor":8,"turns":3},{"damage":5,"enemies":"3 Sentries","floor":12,"turns":7},{"damage":2,"enemies":"Looter","floor":13,"turns":2},{"damage":4,"enemies":"3 Louse","floor":14,"turns":2},{"damage":13,"enemies":"Hexaghost","floor":16,"turns":8},{"damage":7,"enemies":"Chosen","floor":18,"turns":4},{"damage":20,"enemies":"2 Thieves","floor":20,"turns":3},{"damage":24,"enemies":"Shelled Parasite and Fungi","floor":22,"turns":6},{"damage":5,"enemies":"Centurion and Healer","floor":23,"turns":7},{"damage":12,"enemies":"Snecko","floor":27,"turns":3},{"damage":2,"enemies":"Snake Plant","floor":29,"turns":5},{"damage":22,"enemies":"Shelled Parasite and Fungi","floor":31,"turns":4},{"damage":37,"enemies":"Automaton","floor":33,"turns":10},{"damage":0,"enemies":"3 Shapes","floor":35,"turns":6},{"damage":47,"enemies":"2 Orb Walkers","floor":37,"turns":6},{"damage":8,"enemies":"3 Darklings","floor":39,"turns":6},{"damage":20,"enemies":"Sphere and 2 Shapes","floor":41,"turns":7},{"damage":8,"enemies":"4 Shapes","floor":46,"turns":4},{"damage":25,"enemies":"Mind Bloom Boss Battle","floor":47,"turns":10},{"damage":6,"enemies":"Writhing Mass","floor":48,"turns":8},{"damage":43,"enemies":"Awakened One","floor":50,"turns":13},{"damage":59,"enemies":"Shield and Spear","floor":54,"turns":8},{"damage":55,"enemies":"The Heart","floor":55,"turns":2}],"seed_played":"-8551536568266900286","potions_obtained":[{"floor":1,"key":"SpeedPotion"},{"floor":7,"key":"SpeedPotion"},{"floor":8,"key":"Strength Potion"},{"floor":14,"key":"LiquidBronze"},{"floor":16,"key":"SpeedPotion"},{"floor":35,"key":"PowerPotion"},{"floor":37,"key":"Dexterity Potion"},{"floor":39,"key":"FocusPotion"}],"is_trial":false,"path_per_floor":["?","?","M","?","?","M","?","?","?","?","?"],"character_chosen":"DEFECT","items_purchased":["Defragment","Defragment","Turbo","Cold Snap+1","Blizzard+1","FocusPotion","Pear","Kunai"],"campfire_rested":5,"item_purchase_floors":[4,19,19,19,30,30,36,53],"current_hp_per_floor":[75,75,75,75,75,75,75,75,75,75,75,70,70,68,68,57,75,68,68,50,50,28,25,47,47,47,44,66,67,67,54,75,50,75,75,85,41,41,48,73,62,62,62,62,62,63,62,68,81,55,81,81,81,31,0],"gold":42,"neow_bonus":"THREE_ENEMY_KILL","is_prod":false,"is_daily":false,"chose_seed":false,"campfire_upgraded":3,"win_rate":0,"timestamp":1557450094,"path_taken":["M","?","M","$","?","E","M","?","T","?","R","E","M","M","R","BOSS","M","$","M","?","?","M","R","?","T","M","R","M","$","M","R","BOSS","M","$","?","$","M","R","M","?","T","R","?","M","?","M","R","BOSS","R","$","E","BOSS"],"build_version":"2019-01-23","purchased_purges":0,"victory":false,"max_hp_per_floor":[75,75,75,75,75,75,75,75,75,75,75,75,75,75,75,75,75,75,75,75,75,75,75,75,75,75,75,75,75,75,75,75,75,75,75,85,85,85,85,85,85,81,81,81,81,81,81,81,81,81,81,81,81,81,81],"card_choices":[{"not_picked":["Hologram","Lockon"],"picked":"Cold Snap","floor":1},{"not_picked":["Compile Driver","Leap"],"picked":"Undo","floor":3},{"not_picked":["Gash","Auto Shields"],"picked":"Machine Learning","floor":6},{"not_picked":["Turbo","Steam"],"picked":"Doom and Gloom+1","floor":7},{"not_picked":["Compile Driver+1","Coolheaded"],"picked":"Ball Lightning+1","floor":8},{"not_picked":["Compile Driver+1","Conserve Battery"],"picked":"Rainbow","floor":12},{"not_picked":["Auto Shields","Genetic Algorithm","Stack"],"picked":"SKIP","floor":13},{"not_picked":["Consume","Steam"],"picked":"Coolheaded","floor":14},{"not_picked":["Machine Learning","Multi-Cast"],"picked":"Meteor Strike+1","floor":16},{"not_picked":["Cold Snap+1","Hello World"],"picked":"Gash+1","floor":18},{"not_picked":["Go for the Eyes+1","Sunder+1"],"picked":"Stack+1","floor":20},{"not_picked":["Scrape+1","Biased Cognition"],"picked":"Chill+1","floor":22},{"not_picked":["Cold Snap+1","Hologram"],"picked":"Conserve Battery+1","floor":23},{"not_picked":["Streamline+1","Go for the Eyes+1","Reprogram"],"picked":"SKIP","floor":27},{"not_picked":["Compile Driver+1","Leap","Doom and Gloom+1"],"picked":"SKIP","floor":29},{"not_picked":["Rebound+1","Turbo+1"],"picked":"Gash+1","floor":31},{"not_picked":["Hyperbeam+1","Buffer"],"picked":"Creative AI","floor":33},{"not_picked":["Ball Lightning+1","FTL+1"],"picked":"Double Energy+1","floor":35},{"not_picked":["Compile Driver+1","Conserve Battery","Go for the Eyes+1"],"picked":"SKIP","floor":39},{"not_picked":["Self Repair","Barrage+1","Rebound+1"],"picked":"SKIP","floor":41},{"not_picked":["All For One+1","Compile Driver+1","Self Repair"],"picked":"SKIP","floor":46},{"not_picked":["Barrage+1","Melter+1","Hologram"],"picked":"SKIP","floor":48},{"not_picked":["Biased Cognition","Reboot","Auto Shields+1"],"picked":"SKIP","floor":54}],"player_experience":511926,"relics_obtained":[{"floor":6,"key":"Molten Egg 2"},{"floor":9,"key":"DataDisk"},{"floor":12,"key":"Bottled Flame"},{"floor":26,"key":"Shuriken"},{"floor":37,"key":"Ginger"},{"floor":47,"key":"Ice Cream"},{"floor":54,"key":"Incense Burner"}],"event_choices":[{"cards_removed":["Strike_B"],"damage_healed":0,"gold_gain":0,"player_choice":"Card Removal","damage_taken":0,"max_hp_gain":0,"max_hp_loss":0,"event_name":"The Cleric","floor":2,"gold_loss":50},{"damage_healed":0,"gold_gain":0,"player_choice":"Grow","damage_taken":0,"max_hp_gain":0,"max_hp_loss":0,"event_name":"Living Wall","floor":5,"gold_loss":0,"cards_upgraded":["Defragment"]},{"damage_healed":0,"gold_gain":0,"player_choice":"Searched \u00271\u0027 times","damage_taken":0,"relics_obtained":["Blood Vial"],"max_hp_gain":0,"max_hp_loss":0,"event_name":"Dead Adventurer","floor":10,"gold_loss":0},{"damage_healed":0,"gold_gain":0,"player_choice":"Traded Relic","damage_taken":0,"relics_obtained":["Nloth\u0027s Gift"],"max_hp_gain":0,"max_hp_loss":0,"event_name":"N\u0027loth","floor":21,"relics_lost":["Bottled Flame"],"gold_loss":0},{"damage_healed":0,"gold_gain":0,"player_choice":"Became a vampire (Vial)","damage_taken":0,"max_hp_gain":0,"max_hp_loss":0,"event_name":"Vampires","floor":25,"relics_lost":["Blood Vial"],"gold_loss":0,"cards_obtained":["Bite","Bite","Bite","Bite","Bite"]},{"damage_healed":0,"gold_gain":0,"player_choice":"Fight","damage_taken":0,"max_hp_gain":0,"max_hp_loss":0,"event_name":"Mysterious Sphere","floor":37,"gold_loss":0},{"damage_healed":0,"gold_gain":0,"player_choice":"Max HP","damage_taken":0,"max_hp_gain":0,"max_hp_loss":4,"event_name":"Winding Halls","floor":42,"gold_loss":0},{"cards_removed":["Bite"],"damage_healed":0,"gold_gain":0,"player_choice":"Removed Attack","damage_taken":0,"max_hp_gain":0,"max_hp_loss":0,"event_name":"Falling","floor":45,"gold_loss":0},{"damage_healed":0,"gold_gain":0,"player_choice":"Fight","damage_taken":0,"max_hp_gain":0,"max_hp_loss":0,"event_name":"MindBloom","floor":47,"gold_loss":0}],"is_beta":false,"boss_relics":[{"not_picked":["Lizard Tail","FrozenCore"],"picked":"Pandora\u0027s Box"},{"not_picked":["Runic Pyramid","Nuclear Battery"],"picked":"Inserter"}],"items_purged_floors":[],"is_endless":false,"potions_floor_spawned":[1,7,8,14,16,22,23,31,35,37,39],"killed_by":"The Heart","ascension_level":0}