{"gold_per_floor":[115,115,65,65,85,129,143,183,257,277,277,298,183,216,216,347,347,367,390,390,403,403,442,442,442,442,457,496,514,231,267,267,267],"floor_reached":33,"playtime":4712,"items_purged":["Defend_G"],"score":494,"play_id":"3a865a28-f92b-4ee9-b3f5-944e76e6f3ea","local_time":"20190520130337","is_ascension_mode":true,"campfire_choices":[{"data":"Glass Knife","floor":11.0,"key":"SMITH"},{"floor":15.0,"key":"REST"},{"floor":25.0,"key":"REST"},{"data":"Infinite Blades","floor":32.0,"key":"SMITH"}],"neow_cost":"NONE","seed_source_timestamp":114784012579013,"circlet_count":0,"master_deck":["Defend_G","Defend_G","Defend_G","Defend_G","Strike_G","Strike_G","Strike_G","Survivor","Neutralize","Glass Knife+1","Deadly Poison","Grand Finale","Sucker Punch","Poisoned Stab","Bouncing Flask","Crippling Poison","Bane","Well Laid Plans","Deadly Poison","Corpse Explosion","Blur","Infinite Blades+1","Ghostly","Ghostly","Ghostly","Ghostly","Ghostly","Backflip","Accuracy","Dodge and Roll+1"],"special_seed":0,"relics":["Ring of the Snake","Golden Idol","Mango","Bag of Marbles","Mummified Hand","Omamori","Cursed Key","Enchiridion","Tingsha","Letter Opener","Gambling Chip","Pear","Happy Flower"],"potions_floor_usage":[],"damage_taken":[{"damage":0.0,"enemies":"Jaw Worm","floor":1.0,"turns":3.0},{"damage":0.0,"enemies":"2 Louse","floor":5.0,"turns":3.0},{"damage":27.0,"enemies":"Lagavulin","floor":6.0,"turns":7.0},{"damage":0.0,"enemies":"Small Slimes","floor":7.0,"turns":2.0},{"damage":3.0,"enemies":"Gremlin Nob","floor":8.0,"turns":4.0},{"damage":0.0,"enemies":"2 Fungi Beasts","floor":10.0,"turns":3.0},{"damage":4.0,"enemies":"Large Slime","floor":12.0,"turns":4.0},{"damage":9.0,"enemies":"3 Sentries","floor":14.0,"turns":5.0},{"damage":16.0,"enemies":"Hexaghost","floor":16.0,"turns":8.0},{"damage":15.0,"enemies":"Shell Parasite","floor":18.0,"turns":4.0},{"damage":0.0,"enemies":"3 Byrds","floor":19.0,"turns":3.0},{"damage":19.0,"enemies":"Cultist and Chosen","floor":21.0,"turns":5.0},{"damage":37.0,"enemies":"Gremlin Leader","floor":23.0,"turns":5.0},{"damage":2.0,"enemies":"Centurion and Healer","floor":27.0,"turns":4.0},{"damage":0.0,"enemies":"Book of Stabbing","floor":28.0,"turns":4.0},{"damage":2.0,"enemies":"3 Cultists","floor":29.0,"turns":4.0},{"damage":0.0,"enemies":"Slavers","floor":31.0,"turns":4.0},{"damage":26,"enemies":"Champ","floor":33,"turns":10}],"seed_played":"-7415758005969302006","potions_obtained":[{"floor":6.0,"key":"EssenceOfSteel"},{"floor":8.0,"key":"FearPotion"},{"floor":10.0,"key":"Dexterity Potion"},{"floor":14.0,"key":"Dexterity Potion"},{"floor":19.0,"key":"LiquidBronze"},{"floor":23.0,"key":"Poison Potion"},{"floor":29.0,"key":"PowerPotion"}],"is_trial":false,"path_per_floor":["M","?","?","?","M","E","M","E","T","M","R","M","$","E","R","B",null,"M","M","?","M","?","E","?","R","T","M","E","M","$","E","R","B"],"character_chosen":"THE_SILENT","items_purchased":["Well Laid Plans","Accuracy","Pear"],"campfire_rested":2,"item_purchase_floors":[13,30,30],"current_hp_per_floor":[70,70,70,65,65,52,52,49,49,49,49,45,45,36,59,43,70,55,55,79,60,44,7,7,18,18,16,16,14,24,24,24,0],"gold":267,"neow_bonus":"ONE_RANDOM_RARE_CARD","is_prod":false,"is_daily":false,"chose_seed":false,"campfire_upgraded":2,"win_rate":0,"timestamp":1558337617,"path_taken":["M","?","?","?","M","E","?","E","T","M","R","M","$","E","R","BOSS","M","M","?","M","?","E","?","R","T","M","E","M","$","E","R","BOSS"],"build_version":"2019-01-23","purchased_purges":1,"victory":false,"max_hp_per_floor":[70,70,70,65,65,79,79,79,79,79,79,79,79,79,79,79,79,79,79,79,79,79,79,39,39,39,39,39,39,49,49,49,49],"card_choices":[{"not_picked":["Blade Dance","Calculated Gamble"],"picked":"Deadly Poison","floor":1.0},{"not_picked":["Acrobatics","Deflect"],"picked":"Sucker Punch","floor":5.0},{"not_picked":["Flechettes","Prepared"],"picked":"Poisoned Stab","floor":6.0},{"not_picked":["Dagger Spray","Flying Knee"],"picked":"Bouncing Flask","floor":7.0},{"not_picked":["Deadly Poison","Flying Knee"],"picked":"Crippling Poison","floor":8.0},{"not_picked":["Dodge and Roll","Deflect","Distraction"],"picked":"SKIP","floor":10.0},{"not_picked":["Eviscerate","Outmaneuver"],"picked":"Bane","floor":12.0},{"not_picked":["Quick Slash","Dodge and Roll"],"picked":"Deadly Poison","floor":14.0},{"not_picked":["Venomology","A Thousand Cuts"],"picked":"Corpse Explosion","floor":16.0},{"not_picked":["Sucker Punch","Dodge and Roll"],"picked":"Blur","floor":18.0},{"not_picked":["Flechettes","Dodge and Roll","Choke+1"],"picked":"SKIP","floor":19.0},{"not_picked":["Accuracy+1","Outmaneuver+1","Sucker Punch"],"picked":"SKIP","floor":21.0},{"not_picked":["Underhanded Strike","Die Die Die"],"picked":"Infinite Blades","floor":23.0},{"not_picked":["Sucker Punch","Deflect","Flechettes"],"picked":"SKIP","floor":27.0},{"not_picked":["Finisher","Sucker Punch","Calculated Gamble"],"picked":"SKIP","floor":28.0},{"not_picked":["Caltrops+1","Prepared"],"picked":"Backflip","floor":29.0},{"not_picked":["Dagger Throw","Bane+1"],"picked":"Dodge and Roll+1","floor":31.0}],"player_experience":545066,"relics_obtained":[{"floor":6.0,"key":"Mango"},{"floor":8.0,"key":"Bag of Marbles"},{"floor":9.0,"key":"Mummified Hand"},{"floor":14.0,"key":"Omamori"},{"floor":22.0,"key":"Enchiridion"},{"floor":23.0,"key":"Tingsha"},{"floor":26.0,"key":"Letter Opener"},{"floor":28.0,"key":"Gambling Chip"},{"floor":31.0,"key":"Happy Flower"}],"event_choices":[{"damage_healed":0.0,"max_hp_gain":0.0,"max_hp_loss":0.0,"gold_gain":0.0,"cards_transformed":["Strike_G"],"event_name":"Living Wall","player_choice":"Change","floor":2.0,"gold_loss":0.0,"damage_taken":0.0,"cards_obtained":["Grand Finale"]},{"cards_removed":["Strike_G"],"damage_healed":0.0,"max_hp_gain":0.0,"max_hp_loss":0.0,"gold_gain":0.0,"event_name":"The Cleric","player_choice":"Card Removal","floor":3.0,"gold_loss":50.0,"damage_taken":0.0},{"damage_healed":0.0,"max_hp_gain":0.0,"max_hp_loss":5.0,"gold_gain":0.0,"event_name":"Golden Idol","player_choice":"Lose Max HP","floor":4.0,"gold_loss":0.0,"damage_taken":0.0,"relics_obtained":["Golden Idol"]},{"damage_healed":26.0,"max_hp_gain":0.0,"max_hp_loss":0.0,"gold_gain":0.0,"event_name":"The Library","player_choice":"Heal","floor":20.0,"gold_loss":0.0,"damage_taken":0.0},{"damage_healed":0.0,"max_hp_gain":0.0,"max_hp_loss":0.0,"gold_gain":0.0,"event_name":"Cursed Tome","player_choice":"Obtained Book","floor":22.0,"gold_loss":0.0,"damage_taken":16.0},{"damage_healed":0.0,"max_hp_gain":0.0,"max_hp_loss":40.0,"gold_gain":0.0,"event_name":"Ghosts","player_choice":"Became a Ghost","floor":24.0,"gold_loss":0.0,"damage_taken":0.0,"cards_obtained":["Ghostly","Ghostly","Ghostly","Ghostly","Ghostly"]}],"is_beta":false,"boss_relics":[{"not_picked":["HoveringKite","Pandora\u0027s Box"],"picked":"Cursed Key"}],"items_purged_floors":[13],"is_endless":false,"potions_floor_spawned":[6,8,10,14,19,23,29],"killed_by":"Champ","ascension_level":5}