{"gold_per_floor":[116,135,135,135,8,8,335,335,358,378,303,303,333,345,345,449,449,459,469,68,85,101,101,156,156,224,224,242,258,158,174,174,278,278,298,312,312,312,74,74,94,122,122,122,140,160,179,194,194,194],"floor_reached":50,"playtime":4450,"items_purged":["Strike_B","Loop+1"],"score":531,"play_id":"ac1fdec0-5f6e-4255-8254-56ee981dafdd","local_time":"20190321231848","is_ascension_mode":false,"campfire_choices":[{"data":"Scrape","floor":6.0,"key":"SMITH"},{"data":"Beam Cell","floor":8.0,"key":"SMITH"},{"data":"Zap","floor":15.0,"key":"SMITH"},{"data":"Dualcast","floor":23.0,"key":"SMITH"},{"data":"Conserve Battery","floor":25.0,"key":"SMITH"},{"floor":27.0,"key":"RECALL"},{"data":"White Noise","floor":32.0,"key":"SMITH"},{"floor":40.0,"key":"REST"},{"data":"Echo Form","floor":44.0,"key":"SMITH"},{"floor":49,"key":"REST"}],"neow_cost":"NONE","seed_source_timestamp":0,"circlet_count":0,"master_deck":["Defend_B","Defend_B","Zap+1","Dualcast+1","Leap","Gash","Coolheaded","Scrape+1","Beam Cell+1","Steam","Genetic Algorithm+1","Rebound","Echo Form+1","Fusion+1","FTL+1","Gash","Scrape+1","All For One","Conserve Battery+1","Gash","Leap+1","Recycle+1","Scrape","White Noise+1","Beam Cell+1","Chill","Chill+1","White Noise","Redo+1","Go for the Eyes+1"],"special_seed":0,"relics":["Cracked Core","Old Coin","Pen Nib","Astrolabe","Shuriken","Tiny Chest","Letter Opener","Philosopher\u0027s Stone","Gambling Chip","Ornamental Fan","Boot","Mercury Hourglass"],"potions_floor_usage":[48,50],"damage_taken":[{"damage":4.0,"enemies":"2 Louse","floor":1.0,"turns":2.0},{"damage":2.0,"enemies":"Jaw Worm","floor":2.0,"turns":3.0},{"damage":4.0,"enemies":"Gremlin Nob","floor":7.0,"turns":3.0},{"damage":0.0,"enemies":"Small Slimes","floor":10.0,"turns":2.0},{"damage":14.0,"enemies":"3 Sentries","floor":13.0,"turns":7.0},{"damage":3.0,"enemies":"Exordium Thugs","floor":14.0,"turns":3.0},{"damage":44.0,"enemies":"Hexaghost","floor":16.0,"turns":8.0},{"damage":0.0,"enemies":"Chosen","floor":18.0,"turns":3.0},{"damage":10.0,"enemies":"2 Thieves","floor":19.0,"turns":3.0},{"damage":0.0,"enemies":"Snecko","floor":21.0,"turns":3.0},{"damage":10.0,"enemies":"Cultist and Chosen","floor":22.0,"turns":4.0},{"damage":10.0,"enemies":"Book of Stabbing","floor":24.0,"turns":3.0},{"damage":0.0,"enemies":"Centurion and Healer","floor":28.0,"turns":2.0},{"damage":0.0,"enemies":"Snecko","floor":29.0,"turns":3.0},{"damage":0.0,"enemies":"Cultist and Chosen","floor":31.0,"turns":5.0},{"damage":14.0,"enemies":"Automaton","floor":33.0,"turns":6.0},{"damage":20.0,"enemies":"3 Shapes","floor":35.0,"turns":4.0},{"damage":20.0,"enemies":"3 Darklings","floor":36.0,"turns":4.0},{"damage":0.0,"enemies":"Sphere and 2 Shapes","floor":41.0,"turns":3.0},{"damage":13.0,"enemies":"Nemesis","floor":42.0,"turns":5.0},{"damage":0.0,"enemies":"4 Shapes","floor":45.0,"turns":5.0},{"damage":0.0,"enemies":"3 Darklings","floor":46.0,"turns":3.0},{"damage":41.0,"enemies":"Spire Growth","floor":47.0,"turns":5.0},{"damage":0,"enemies":"Transient","floor":48,"turns":5},{"damage":48,"enemies":"Time Eater","floor":50,"turns":6}],"seed_played":"-3715775987782046219","potions_obtained":[{"floor":1.0,"key":"AttackPotion"},{"floor":2.0,"key":"Strength Potion"},{"floor":7.0,"key":"PowerPotion"},{"floor":14.0,"key":"Ancient Potion"},{"floor":24.0,"key":"FearPotion"},{"floor":42.0,"key":"Strength Potion"},{"floor":48,"key":"Swift Potion"}],"is_trial":false,"path_per_floor":["M","M","?","?","$","R","E","R","T","M","$","?","E","M","R","B",null,"M","M","$","M","M","R","E","R","T","R","M","M","$","M","R","B",null,"M","M","T","?","$","R","M","E","T","R","M","M","M","M","R","B"],"character_chosen":"DEFECT","items_purchased":["Scrape","Beam Cell","All For One","Shuriken","Ornamental Fan"],"campfire_rested":2,"item_purchase_floors":[5,5,20,20,39],"current_hp_per_floor":[71,69,69,74,74,74,70,70,70,70,70,70,56,53,53,9,80,80,70,70,70,60,60,50,50,50,50,50,50,50,50,50,36,80,60,40,40,40,40,64,64,51,51,51,51,51,10,10,34,0],"gold":194,"neow_bonus":"TRANSFORM_CARD","is_prod":false,"is_daily":false,"chose_seed":false,"campfire_upgraded":7,"win_rate":0,"timestamp":1553228328,"path_taken":["M","M","?","?","?","R","E","R","T","?","$","?","E","M","R","BOSS","M","M","$","M","M","R","E","R","T","R","M","M","$","M","R","BOSS","M","M","?","?","$","R","M","E","T","R","?","M","M","M","R","BOSS"],"build_version":"2019-01-23","purchased_purges":2,"victory":false,"max_hp_per_floor":[75,75,75,80,80,80,80,80,80,80,80,80,80,80,80,80,80,80,80,80,80,80,80,80,80,80,80,80,80,80,80,80,80,80,80,80,80,80,80,80,80,80,80,80,80,80,80,80,80,80],"card_choices":[{"not_picked":["Heatsinks","Tempest"],"picked":"Gash","floor":1.0},{"not_picked":["Melter","Steam"],"picked":"Coolheaded","floor":2.0},{"not_picked":["Hyperbeam","Ball Lightning"],"picked":"Steam","floor":7.0},{"not_picked":["Darkness","Lockon"],"picked":"Genetic Algorithm","floor":10.0},{"not_picked":["Defragment","Barrage"],"picked":"Rebound","floor":13.0},{"not_picked":["Force Field","Sweeping Beam","Ball Lightning"],"picked":"SKIP","floor":14.0},{"not_picked":["Creative AI","Machine Learning"],"picked":"Echo Form","floor":16.0},{"not_picked":["Hologram","Turbo+1"],"picked":"Gash","floor":18.0},{"not_picked":["White Noise","Rebound+1"],"picked":"Scrape+1","floor":19.0},{"not_picked":["Turbo+1","Cold Snap"],"picked":"Conserve Battery","floor":21.0},{"not_picked":["Coolheaded","Rip and Tear"],"picked":"Gash","floor":22.0},{"not_picked":["Blizzard","Ball Lightning"],"picked":"Leap+1","floor":24.0},{"not_picked":["Auto Shields","Rebound"],"picked":"Recycle","floor":28.0},{"not_picked":["Cold Snap+1","Steam"],"picked":"Scrape","floor":29.0},{"not_picked":["Beam Cell","Compile Driver"],"picked":"White Noise","floor":31.0},{"not_picked":["Ball Lightning+1","Leap"],"picked":"Beam Cell+1","floor":35.0},{"not_picked":["Sweeping Beam+1","Hello World+1"],"picked":"Chill","floor":36.0},{"not_picked":["Turbo","Aggregate+1","Conserve Battery"],"picked":"SKIP","floor":41.0},{"not_picked":["Stack+1","Force Field"],"picked":"Chill+1","floor":42.0},{"not_picked":["Turbo+1","Compile Driver"],"picked":"White Noise","floor":45.0},{"not_picked":["Barrage+1","Hello World+1"],"picked":"Redo+1","floor":46.0},{"not_picked":["Fusion","Sweeping Beam"],"picked":"Go for the Eyes+1","floor":47.0},{"not_picked":["Blizzard","Ball Lightning","Force Field"],"picked":"SKIP","floor":48}],"player_experience":223841,"relics_obtained":[{"floor":7.0,"key":"Old Coin"},{"floor":13.0,"key":"Pen Nib"},{"floor":24.0,"key":"Tiny Chest"},{"floor":26.0,"key":"Letter Opener"},{"floor":37.0,"key":"Gambling Chip"},{"floor":42.0,"key":"Boot"},{"floor":43.0,"key":"Mercury Hourglass"}],"event_choices":[{"cards_removed":["Defend_B"],"damage_healed":0.0,"max_hp_gain":0.0,"max_hp_loss":0.0,"gold_gain":0.0,"event_name":"Living Wall","player_choice":"Forget","floor":3.0,"gold_loss":0.0,"damage_taken":0.0},{"damage_healed":0.0,"max_hp_gain":5.0,"max_hp_loss":0.0,"gold_gain":0.0,"event_name":"Big Fish","player_choice":"Donut","floor":4.0,"gold_loss":0.0,"damage_taken":0.0},{"damage_healed":0.0,"max_hp_gain":0.0,"max_hp_loss":0.0,"gold_gain":0.0,"event_name":"Accursed Blacksmith","player_choice":"Forge","floor":12.0,"gold_loss":0.0,"damage_taken":0.0,"cards_upgraded":["Genetic Algorithm"]},{"damage_healed":0.0,"max_hp_gain":0.0,"max_hp_loss":0.0,"gold_gain":0.0,"event_name":"Upgrade Shrine","player_choice":"Upgraded","floor":38.0,"gold_loss":0.0,"damage_taken":0.0,"cards_upgraded":["Recycle"]}],"is_beta":false,"boss_relics":[{"not_picked":["Calling Bell","Black Star"],"picked":"Astrolabe"},{"not_picked":["Tiny House","Lizard Tail"],"picked":"Philosopher\u0027s Stone"}],"items_purged_floors":[11,30],"is_endless":false,"potions_floor_spawned":[1,2,7,14,19,24,31,33,42,47,48],"killed_by":"Time Eater","ascension_level":0}