{"gold_per_floor":[116,133,151,166,146,146,161,181,208,208],"floor_reached":10,"playtime":206,"items_purged":[],"score":118,"play_id":"cc0ee98e-3753-4b18-b619-86bcc341f87d","local_time":"20190424152032","is_ascension_mode":true,"campfire_choices":[{"data":"Uppercut","floor":6,"key":"SMITH"}],"neow_cost":"PERCENT_DAMAGE","seed_source_timestamp":949668669016029,"circlet_count":0,"master_deck":["AscendersBane","Strike_R","Strike_R","Strike_R","Strike_R","Defend_R","Defend_R","Defend_R","Bash","Juggernaut","Uppercut+1","Flex","Sword Boomerang","Shrug It Off","Body Slam"],"relics":["Burning Blood","Vajra"],"potions_floor_usage":[],"damage_taken":[{"damage":4,"enemies":"Cultist","floor":1,"turns":3},{"damage":9,"enemies":"Jaw Worm","floor":2,"turns":2},{"damage":7,"enemies":"Small Slimes","floor":3,"turns":4},{"damage":20,"enemies":"Blue Slaver","floor":4,"turns":4},{"damage":29,"enemies":"Exordium Wildlife","floor":7,"turns":4},{"damage":1,"enemies":"2 Fungi Beasts","floor":8,"turns":4},{"damage":21,"enemies":"3 Louse","floor":10,"turns":2}],"seed_played":"-7666158710220460792","potions_obtained":[{"floor":1,"key":"SkillPotion"},{"floor":2,"key":"AttackPotion"}],"is_trial":false,"path_per_floor":["M","M","M","M","?","R","M","M","T","M"],"character_chosen":"IRONCLAD","items_purchased":[],"campfire_rested":0,"item_purchase_floors":[],"current_hp_per_floor":[52,49,48,34,34,34,11,16,16,0],"gold":208,"neow_bonus":"TRANSFORM_TWO_CARDS","is_prod":false,"is_daily":false,"chose_seed":false,"campfire_upgraded":1,"win_rate":0,"timestamp":1556086832,"path_taken":["M","M","?","M","?","R","M","M","T","M"],"build_version":"2019-01-23","purchased_purges":0,"victory":false,"max_hp_per_floor":[75,75,75,75,75,75,75,75,75,75],"card_choices":[{"not_picked":["Heavy Blade","Carnage"],"picked":"Flex","floor":1},{"not_picked":["Warcry","Clash","Thunderclap"],"picked":"SKIP","floor":2},{"not_picked":["Twin Strike","Havoc"],"picked":"Sword Boomerang","floor":3},{"not_picked":["Pommel Strike","Wild Strike","Clash"],"picked":"SKIP","floor":4},{"not_picked":["Anger","Rupture"],"picked":"Shrug It Off","floor":7},{"not_picked":["Perfected Strike","Searing Blow"],"picked":"Body Slam","floor":8}],"player_experience":458629,"relics_obtained":[{"floor":9,"key":"Vajra"}],"event_choices":[{"damage_healed":0,"gold_gain":0,"player_choice":"Bought 1 Potion","damage_taken":0,"max_hp_gain":0,"max_hp_loss":0,"event_name":"The Woman in Blue","floor":5,"gold_loss":0}],"is_beta":false,"boss_relics":[],"items_purged_floors":[],"is_endless":false,"potions_floor_spawned":[1,2],"killed_by":"3 Louse","ascension_level":18}