{"gold_per_floor":[110,42,217,236,259,259,289,289,289,42,68,86,86,86,86,165,165,175,194,210,125,50,78,78,94,94,193,193],"floor_reached":28,"playtime":1053,"items_purged":["Doubt"],"score":457,"play_id":"ff7d6793-d4aa-4415-ada3-9417313c5ae0","local_time":"20190604193503","is_ascension_mode":true,"campfire_choices":[{"data":"Bash","floor":6.0,"key":"SMITH"},{"data":"Feel No Pain","floor":8.0,"key":"SMITH"},{"data":"Inflame","floor":13.0,"key":"SMITH"},{"data":"Pommel Strike","floor":15.0,"key":"SMITH"},{"floor":24,"key":"REST"}],"neow_cost":"NONE","seed_source_timestamp":193288189090259,"circlet_count":0,"master_deck":["AscendersBane","Strike_R","Strike_R","Strike_R","Strike_R","Strike_R","Defend_R","Defend_R","Defend_R","Defend_R","Bash+1","Pommel Strike+1","Feel No Pain+1","Clothesline+1","Cleave+1","Inflame+1","Immolate+1","Pummel+1","Ghostly Armor","Shrug It Off","Fiend Fire+1","Shrug It Off","Pummel+1"],"special_seed":0,"relics":["Burning Blood","NeowsBlessing","Pen Nib","Molten Egg 2","Mercury Hourglass","Shuriken","Dream Catcher","Mark of Pain","Turnip","Blood Vial","Charon\u0027s Ashes"],"potions_floor_usage":[23],"damage_taken":[{"damage":0.0,"enemies":"Jaw Worm","floor":1.0,"turns":1.0},{"damage":0.0,"enemies":"2 Louse","floor":4.0,"turns":2.0},{"damage":0.0,"enemies":"Gremlin Nob","floor":7.0,"turns":1.0},{"damage":28.0,"enemies":"3 Sentries","floor":11.0,"turns":5.0},{"damage":0.0,"enemies":"Cultist","floor":12.0,"turns":3.0},{"damage":20.0,"enemies":"Slime Boss","floor":16.0,"turns":8.0},{"damage":21.0,"enemies":"3 Byrds","floor":18.0,"turns":4.0},{"damage":1.0,"enemies":"Spheric Guardian","floor":19.0,"turns":3.0},{"damage":24.0,"enemies":"Snake Plant","floor":20.0,"turns":3.0},{"damage":18,"enemies":"Gremlin Leader","floor":23,"turns":3},{"damage":8,"enemies":"Snecko","floor":25,"turns":4},{"damage":53,"enemies":"Book of Stabbing","floor":28,"turns":5}],"seed_played":"7118467938406258795","potions_obtained":[{"floor":7.0,"key":"Dexterity Potion"},{"floor":11.0,"key":"AttackPotion"},{"floor":14.0,"key":"PowerPotion"},{"floor":16.0,"key":"Poison Potion"},{"floor":18.0,"key":"EssenceOfSteel"},{"floor":23,"key":"SmokeBomb"}],"is_trial":false,"path_per_floor":["M","$","?","M","T","R","E","R","T","$","E","M","R","?","R","B",null,"M","M","M","?","$","E","R","M","T","?","E"],"character_chosen":"IRONCLAD","items_purchased":["Feel No Pain","Shuriken"],"campfire_rested":1,"item_purchase_floors":[2,10],"current_hp_per_floor":[74,74,74,75,75,75,75,75,75,75,53,59,59,59,59,45,68,53,58,40,40,40,28,50,50,50,50,0],"gold":193,"neow_bonus":"THREE_ENEMY_KILL","is_prod":false,"is_daily":false,"chose_seed":false,"campfire_upgraded":4,"win_rate":0,"timestamp":1559657103,"path_taken":["M","$","?","M","?","R","E","R","T","?","E","M","R","?","R","BOSS","M","?","M","?","$","E","R","M","T","?","E"],"build_version":"2019-01-23","purchased_purges":1,"victory":false,"max_hp_per_floor":[75,75,75,75,75,75,75,75,75,75,75,75,75,75,75,75,75,75,75,75,75,75,75,75,75,75,75,75],"card_choices":[{"not_picked":["Clash","Sentinel"],"picked":"Pommel Strike","floor":1.0},{"not_picked":["Iron Wave","Dual Wield","Blood for Blood"],"picked":"SKIP","floor":4.0},{"not_picked":["Thunderclap","Hemokinesis"],"picked":"Clothesline","floor":7.0},{"not_picked":["Clash+1","Evolve"],"picked":"Cleave+1","floor":11.0},{"not_picked":["Rupture","Rampage+1"],"picked":"Inflame","floor":12.0},{"not_picked":["Bludgeon+1","Double Tap"],"picked":"Immolate+1","floor":16.0},{"not_picked":["Carnage+1","Twin Strike+1"],"picked":"Pummel+1","floor":18.0},{"not_picked":["Clothesline+1","Reckless Charge+1"],"picked":"Ghostly Armor","floor":19.0},{"not_picked":["Rampage+1","Havoc"],"picked":"Shrug It Off","floor":20.0},{"not_picked":["Pommel Strike+1","Clash+1"],"picked":"Fiend Fire+1","floor":23},{"not_picked":["Wild Strike+1","Reckless Charge+1"],"picked":"Shrug It Off","floor":24},{"not_picked":["Twin Strike+1","Sever Soul+1"],"picked":"Pummel+1","floor":25}],"player_experience":1193715,"relics_obtained":[{"floor":5.0,"key":"Pen Nib"},{"floor":7.0,"key":"Molten Egg 2"},{"floor":9.0,"key":"Mercury Hourglass"},{"floor":11.0,"key":"Dream Catcher"},{"floor":23,"key":"Blood Vial"},{"floor":26,"key":"Charon\u0027s Ashes"}],"event_choices":[{"damage_healed":0.0,"max_hp_gain":0.0,"max_hp_loss":0.0,"gold_gain":175.0,"event_name":"Liars Game","player_choice":"AGREE","floor":3.0,"gold_loss":0.0,"damage_taken":0.0,"cards_obtained":["Doubt"]},{"damage_healed":0.0,"max_hp_gain":0.0,"max_hp_loss":0.0,"gold_gain":0.0,"event_name":"Lab","player_choice":"Got Potions","floor":14.0,"gold_loss":0.0,"damage_taken":0.0},{"damage_healed":0.0,"max_hp_gain":0.0,"max_hp_loss":0.0,"gold_gain":0.0,"event_name":"Addict","player_choice":"Obtained Relic","floor":21.0,"gold_loss":85.0,"damage_taken":0.0,"relics_obtained":["Turnip"]},{"damage_healed":0,"gold_gain":99,"player_choice":"Stole From Cult","damage_taken":0,"max_hp_gain":0,"max_hp_loss":0,"event_name":"Nest","floor":27,"gold_loss":0}],"is_beta":false,"boss_relics":[{"not_picked":["Eternal Feather","White Beast Statue"],"picked":"Mark of Pain"}],"items_purged_floors":[22],"is_endless":false,"potions_floor_spawned":[7,11,16,18,23,25],"killed_by":"Book of Stabbing","ascension_level":14}