{"path_per_floor":["M","?","?","?","?","E","R","T","T","M","E","R","$","E","R","B",null,"M","$","M","$","M","E","M","R","T","?","M","M","?","?","R","B",null,"M","$","M","?","?","R","$","M","T","E","?","R","M","M","R"],"character_chosen":"THE_SILENT","items_purchased":["Footwork","Backflip","Snake Skull","Escape Plan","Finesse"],"gold_per_floor":[116,116,66,66,66,101,101,151,221,231,263,263,17,43,43,141,171,189,114,98,23,42,75,95,95,121,121,136,146,146,146,146,249,249,261,68,81,126,126,126,1,19,319,350,0,0,11,28,28],"floor_reached":50,"campfire_rested":5,"playtime":5320,"current_hp_per_floor":[70,70,70,70,75,50,74,74,74,82,69,69,69,69,69,58,87,79,79,59,59,55,47,15,44,44,28,18,3,3,3,32,7,97,58,58,49,34,87,87,87,65,65,40,40,66,66,61,87],"items_purged":["Strike_G","Strike_G","Defend_G"],"gold":28,"play_id":"f9808cba-1cd6-4b66-95cd-922503beb7f1","is_prod":false,"is_daily":false,"is_ascension_mode":false,"campfire_upgraded":3,"path_taken":["M","?","?","?","?","E","R","?","T","M","E","R","$","E","R","BOSS","M","$","M","$","M","E","M","R","T","?","?","M","?","?","R","BOSS","M","$","M","?","?","R","$","M","T","E","?","R","M","?","R","BOSS"],"build_version":"2018-02-01-PROD3","purchased_purges":3,"victory":false,"master_deck":["Defend_G","Defend_G","Defend_G","Defend_G","Strike_G+1","Strike_G+1","Survivor","Neutralize","Infinite Blades+1","Terror+1","Noxious Fumes+1","Backstab","Footwork","Backflip","Well Laid Plans","Caltrops","Blur","Blur","Escape Plan","Dodge and Roll+1","Envenom+1","Backstab","Backflip","Escape Plan","Prepared","Finesse"],"max_hp_per_floor":[70,70,70,70,75,82,82,82,82,82,82,82,82,82,82,82,87,87,87,87,87,87,97,97,97,97,97,97,97,97,97,97,97,97,97,97,97,97,87,87,87,87,87,87,87,87,87,87,87],"relics":["Ring of the Snake","Strawberry","Bronze Scales","Matryoshka","Whetstone","Snake Skull","Sundial","Tiny House","Pear","Darkstone Periapt","Bag of Preparation","Enchiridion","The Specimen","Calipers","Ancient Tea Set","Old Coin","Pen Nib","Red Mask"],"card_choices":[{"not_picked":["PiercingWail","Dagger Throw"],"picked":"Infinite Blades"},{"not_picked":["Predator","Acrobatics"],"picked":"Terror"},{"not_picked":["Flying Knee","Blur"],"picked":"Noxious Fumes"},{"not_picked":["Prepared","Sucker Punch"],"picked":"Backstab"},{"not_picked":["Dodge and Roll","Leg Sweep"],"picked":"Well Laid Plans"},{"not_picked":["Skewer","Deflect"],"picked":"Caltrops"},{"not_picked":["Dagger Spray","Deflect"],"picked":"Blur"},{"not_picked":["Venomology","Eviscerate"],"picked":"Blur"},{"not_picked":["Calculated Gamble","Acrobatics"],"picked":"Dodge and Roll"},{"not_picked":["Dagger Spray","Poisoned Stab"],"picked":"Envenom"},{"not_picked":["Dodge and Roll","Bouncing Flask"],"picked":"Backstab"},{"not_picked":["Deadly Poison","Prepared"],"picked":"Backflip"},{"not_picked":["Deadly Poison","Flechettes"],"picked":"Prepared"}],"player_experience":1658,"potions_floor_usage":[6,6,10,11,16,24,24,28,33,50],"damage_taken":[{"damage":0,"enemies":"Cultist","floor":1,"turns":4},{"damage":32,"enemies":"Lagavulin","floor":6,"turns":15},{"damage":4,"enemies":"Blue Slaver","floor":10,"turns":4},{"damage":19,"enemies":"Gremlin Nob","floor":11,"turns":5},{"damage":0,"enemies":"3 Sentries","floor":14,"turns":6},{"damage":26,"enemies":"Hexaghost","floor":16,"turns":8},{"damage":8,"enemies":"Chosen","floor":18,"turns":5},{"damage":20,"enemies":"2 Thieves","floor":20,"turns":4},{"damage":4,"enemies":"Centurion and Healer","floor":22,"turns":8},{"damage":18,"enemies":"Book of Stabbing","floor":23,"turns":8},{"damage":32,"enemies":"Cultist and Chosen","floor":24,"turns":7},{"damage":10,"enemies":"3 Cultists","floor":28,"turns":6},{"damage":15,"enemies":"Slaver and Parasite","floor":29,"turns":6},{"damage":25,"enemies":"Champ","floor":33,"turns":16},{"damage":39,"enemies":"3 Darklings","floor":35,"turns":6},{"damage":9,"enemies":"Orb Walker","floor":37,"turns":6},{"damage":15,"enemies":"Mysterious Sphere","floor":38,"turns":7},{"damage":22,"enemies":"3 Darklings","floor":42,"turns":4},{"damage":25,"enemies":"Giant Head","floor":44,"turns":11},{"damage":0,"enemies":"Sphere and 2 Shapes","floor":47,"turns":7},{"damage":5,"enemies":"4 Shapes","floor":48,"turns":5},{"damage":97,"enemies":"Awakened One","floor":50,"turns":5}],"event_choices":[{"event_name":"Upgrade Shrine","player_choice":"Upgraded","floor":2,"damage_taken":0},{"event_name":"The Cleric","player_choice":"Card Removal","floor":3,"damage_taken":0},{"event_name":"The Lab","player_choice":"Got Potions","floor":4,"damage_taken":0},{"event_name":"Big Fish","player_choice":"Donut","floor":5,"damage_taken":0},{"event_name":"Cursed Tome","player_choice":"Obtained Book","floor":27,"damage_taken":0},{"event_name":"Duplicator","player_choice":"One dupe","floor":30,"damage_taken":0},{"event_name":"The Mausoleum","player_choice":"No","floor":31,"damage_taken":0},{"event_name":"Mysterious Sphere","player_choice":"Fight","floor":38,"damage_taken":0},{"event_name":"The Moai Head","player_choice":"Heal","floor":39,"damage_taken":0},{"event_name":"Tomb of Lord Red Mask","player_choice":"Paid","floor":45,"damage_taken":0}],"boss_relics":[{"not_picked":["Philosopher\u0027s Stone","Eternal Feather"],"picked":"Tiny House"},{"not_picked":["Orrery","Cursed Key"],"picked":"The Specimen"}],"potions_floor_spawned":[6,10,16,18,20,28,35,38,42,48],"seed_played":"2620815868868398774","killed_by":"Awakened One","ascension_level":0,"is_trial":false}