{"gold_per_floor":[15,34,50,225,300,326,326,336,360,360,377,377,393,403,403,403],"floor_reached":16,"playtime":874,"items_purged":[],"score":155,"play_id":"12331fa1-0a32-49cf-a761-9f2e1d03b89d","local_time":"20190520162449","is_ascension_mode":true,"campfire_choices":[{"floor":7,"key":"REST"},{"data":"Dagger Spray","floor":10,"key":"SMITH"},{"data":"Malaise","floor":12,"key":"SMITH"},{"data":"Noxious Fumes","floor":15,"key":"SMITH"}],"neow_cost":"NO_GOLD","seed_source_timestamp":131349659139016,"circlet_count":0,"master_deck":["Defend_G","Defend_G","Defend_G","Defend_G","Defend_G","Strike_G","Strike_G","Strike_G","Strike_G","Strike_G","Survivor","Neutralize","Backflip","Backflip","Terror","Doubt","Dagger Spray+1","Leg Sweep","Malaise+1","Leg Sweep","Noxious Fumes+1"],"special_seed":0,"relics":["Ring of the Snake","Centennial Puzzle","Ancient Tea Set"],"potions_floor_usage":[6,8,11,16,16],"damage_taken":[{"damage":2.0,"enemies":"Cultist","floor":1.0,"turns":6.0},{"damage":0.0,"enemies":"Small Slimes","floor":2.0,"turns":5.0},{"damage":0.0,"enemies":"2 Louse","floor":3.0,"turns":5.0},{"damage":33,"enemies":"Gremlin Nob","floor":6,"turns":5},{"damage":1,"enemies":"Lots of Slimes","floor":8,"turns":2},{"damage":3,"enemies":"Exordium Thugs","floor":11,"turns":4},{"damage":4,"enemies":"Exordium Wildlife","floor":13,"turns":4},{"damage":6,"enemies":"Large Slime","floor":14,"turns":10},{"damage":61,"enemies":"Slime Boss","floor":16,"turns":10}],"seed_played":"-1709573929927382874","potions_obtained":[{"floor":3.0,"key":"Strength Potion"},{"floor":6,"key":"Explosive Potion"},{"floor":8,"key":"Poison Potion"},{"floor":11,"key":"Fruit Juice"},{"floor":14,"key":"Dexterity Potion"}],"is_trial":false,"path_per_floor":["M","M","M","?","?","E","R","M","T","R","M","R","M","M","R","B"],"character_chosen":"THE_SILENT","items_purchased":[],"campfire_rested":1,"item_purchase_floors":[],"current_hp_per_floor":[82,82,82,82,71,38,63,62,62,62,64,64,60,54,54,0],"gold":403,"neow_bonus":"TWENTY_PERCENT_HP_BONUS","is_prod":false,"is_daily":false,"chose_seed":false,"campfire_upgraded":3,"win_rate":0,"timestamp":1558349689,"path_taken":["M","?","M","?","?","E","R","M","T","R","M","R","M","M","R","BOSS"],"build_version":"2019-01-23","purchased_purges":0,"victory":false,"max_hp_per_floor":[84,84,84,84,84,84,84,84,84,84,89,89,89,89,89,89],"card_choices":[{"not_picked":["Poisoned Stab","Backstab"],"picked":"Backflip","floor":1.0},{"not_picked":["Skewer","PiercingWail"],"picked":"Backflip","floor":2.0},{"not_picked":["Deadly Poison","Deflect"],"picked":"Terror","floor":3.0},{"not_picked":["Outmaneuver","Finisher"],"picked":"Dagger Spray","floor":6},{"not_picked":["Calculated Gamble","Prepared"],"picked":"Leg Sweep","floor":8},{"not_picked":["Flying Knee","Underhanded Strike"],"picked":"Malaise","floor":11},{"not_picked":["Dagger Spray","Underhanded Strike"],"picked":"Leg Sweep","floor":13},{"not_picked":["Concentrate","Leg Sweep"],"picked":"Noxious Fumes","floor":14}],"player_experience":555094,"relics_obtained":[{"floor":6,"key":"Centennial Puzzle"},{"floor":9,"key":"Ancient Tea Set"}],"event_choices":[{"damage_healed":0.0,"max_hp_gain":0.0,"max_hp_loss":0.0,"gold_gain":175.0,"event_name":"Liars Game","player_choice":"AGREE","floor":4.0,"gold_loss":0.0,"damage_taken":0.0,"cards_obtained":["Doubt"]},{"damage_healed":0.0,"max_hp_gain":0.0,"max_hp_loss":0.0,"gold_gain":75.0,"event_name":"World of Goop","player_choice":"Gather Gold","floor":5.0,"gold_loss":0.0,"damage_taken":11.0}],"is_beta":false,"boss_relics":[],"items_purged_floors":[],"is_endless":false,"potions_floor_spawned":[3,6,8,11,14],"killed_by":"Slime Boss","ascension_level":5}