{"gold_per_floor":[109,109,109,109,34,34,59,59,59,75,91,103,137,4,4,75,75,85,85,35,47,58,58,83,83,110,126,126,126,161,161,161,238,238,251,43,58,113,39,39,39],"floor_reached":41,"playtime":1772,"items_purged":[],"score":836,"play_id":"0ead8964-06c2-4da7-97c5-5327bed90865","local_time":"20190424232258","is_ascension_mode":true,"campfire_choices":[{"data":"Sword Boomerang","floor":6.0,"key":"SMITH"},{"data":"Blood for Blood","floor":8.0,"key":"SMITH"},{"data":"Disarm","floor":15.0,"key":"SMITH"},{"data":"Demon Form","floor":23.0,"key":"SMITH"},{"data":"Shockwave","floor":25.0,"key":"SMITH"},{"data":"Metallicize","floor":28.0,"key":"SMITH"},{"data":"Exhume","floor":32.0,"key":"SMITH"},{"floor":40.0,"key":"REST"}],"neow_cost":"NONE","seed_source_timestamp":0,"circlet_count":0,"master_deck":["AscendersBane","Defend_R","Defend_R","Defend_R+1","Defend_R","Bash","Sword Boomerang+1","Blood for Blood+1","Twin Strike","True Grit+1","Metallicize+1","Shockwave+1","Demon Form+1","Disarm+1","Reaper+1","Shrug It Off","Exhume+1","Thunderclap","Offering+1","Inflame+1","Evolve","Power Through+1","True Grit+1","Bandage Up"],"special_seed":0,"relics":["Burning Blood","NeowsBlessing","Bag of Preparation","The Courier","Pear","Velvet Choker","Red Mask","Oddly Smooth Stone","Paper Frog","Empty Cage","War Paint","Incense Burner"],"potions_floor_usage":[],"damage_taken":[{"damage":0.0,"enemies":"Small Slimes","floor":1.0,"turns":1.0},{"damage":0.0,"enemies":"3 Sentries","floor":7.0,"turns":2.0},{"damage":0.0,"enemies":"2 Louse","floor":10.0,"turns":1.0},{"damage":29.0,"enemies":"Jaw Worm","floor":11.0,"turns":4.0},{"damage":9.0,"enemies":"2 Fungi Beasts","floor":12.0,"turns":3.0},{"damage":31.0,"enemies":"Lagavulin","floor":13.0,"turns":8.0},{"damage":23.0,"enemies":"The Guardian","floor":16.0,"turns":9.0},{"damage":36.0,"enemies":"3 Byrds","floor":18.0,"turns":6.0},{"damage":12.0,"enemies":"Shell Parasite","floor":21.0,"turns":4.0},{"damage":21.0,"enemies":"Centurion and Healer","floor":22.0,"turns":5.0},{"damage":43.0,"enemies":"Masked Bandits","floor":24.0,"turns":5.0},{"damage":46.0,"enemies":"3 Cultists","floor":27.0,"turns":5.0},{"damage":13.0,"enemies":"Book of Stabbing","floor":30.0,"turns":5.0},{"damage":70.0,"enemies":"Collector","floor":33.0,"turns":8.0},{"damage":32.0,"enemies":"3 Darklings","floor":35.0,"turns":5.0},{"damage":58.0,"enemies":"3 Shapes","floor":37.0,"turns":5.0},{"damage":118.0,"enemies":"2 Orb Walkers","floor":38.0,"turns":5.0},{"damage":58,"enemies":"Reptomancer","floor":41,"turns":2}],"seed_played":"-5487377507375834138","potions_obtained":[{"floor":1.0,"key":"Fire Potion"},{"floor":11.0,"key":"SteroidPotion"},{"floor":22.0,"key":"BloodPotion"},{"floor":27.0,"key":"Energy Potion"},{"floor":38.0,"key":"GamblersBrew"}],"is_trial":false,"path_per_floor":["M","?","?","?","?","R","E","R","T","M","M","M","E","$","R","B",null,"M","?","?","M","M","R","?","R","T","M","R","?","E","?","R","B",null,"M","$","M","?","$","R","E"],"character_chosen":"IRONCLAD","items_purchased":["Demon Form","Disarm","Evolve","War Paint","Bandage Up"],"campfire_rested":1,"item_purchase_floors":[14,14,36,36,39],"current_hp_per_floor":[74,74,67,72,72,72,78,78,78,80,57,54,39,39,39,22,73,49,49,49,52,58,58,31,31,31,36,36,54,68,68,68,90,90,90,90,82,26,26,53,0],"gold":39,"neow_bonus":"THREE_ENEMY_KILL","is_prod":false,"is_daily":false,"chose_seed":false,"campfire_upgraded":7,"win_rate":0,"timestamp":1556115778,"path_taken":["M","?","?","?","?","R","E","R","T","M","M","?","E","$","R","BOSS","M","?","?","M","?","R","?","R","T","M","R","?","E","?","R","BOSS","M","?","M","?","$","R","E"],"build_version":"2019-01-23","purchased_purges":0,"victory":false,"max_hp_per_floor":[75,75,75,80,80,80,80,80,80,80,80,80,90,90,90,90,90,90,90,90,90,90,90,90,90,90,90,90,90,90,90,90,90,90,90,90,90,90,90,90,90],"card_choices":[{"not_picked":["Sentinel","Clash"],"picked":"Sword Boomerang","floor":1.0},{"not_picked":["Intimidate","Evolve"],"picked":"Blood for Blood","floor":7.0},{"not_picked":["Armaments","Sentinel"],"picked":"Twin Strike","floor":10.0},{"not_picked":["Wild Strike","Feel No Pain"],"picked":"True Grit","floor":11.0},{"not_picked":["Flex","Warcry"],"picked":"Metallicize","floor":12.0},{"not_picked":["Twin Strike","Burning Pact"],"picked":"Shockwave","floor":13.0},{"not_picked":["Juggernaut","Exhume"],"picked":"Reaper","floor":16.0},{"not_picked":["Flex+1","Havoc+1","Intimidate"],"picked":"SKIP","floor":18.0},{"not_picked":["Rage","Heavy Blade+1","Thunderclap"],"picked":"SKIP","floor":21.0},{"not_picked":["Rage","Heavy Blade+1","Thunderclap"],"picked":"SKIP","floor":21.0},{"not_picked":["Rage","True Grit","Carnage"],"picked":"SKIP","floor":22.0},{"not_picked":["Rage","True Grit","Carnage"],"picked":"SKIP","floor":22.0},{"not_picked":["Hemokinesis+1","Burning Pact"],"picked":"Shrug It Off","floor":24.0},{"not_picked":["Iron Wave","Warcry","Shockwave"],"picked":"SKIP","floor":27.0},{"not_picked":["Pommel Strike","Hemokinesis"],"picked":"Exhume","floor":30.0},{"not_picked":["Barricade","Double Tap"],"picked":"Offering","floor":33.0},{"not_picked":["Clothesline","Carnage+1"],"picked":"Inflame+1","floor":35.0},{"not_picked":["Hemokinesis","Shrug It Off"],"picked":"Power Through+1","floor":37.0},{"not_picked":["Armaments","Anger+1"],"picked":"True Grit+1","floor":38.0}],"player_experience":458835,"relics_obtained":[{"floor":7.0,"key":"Bag of Preparation"},{"floor":9.0,"key":"The Courier"},{"floor":13.0,"key":"Pear"},{"floor":24.0,"key":"Red Mask"},{"floor":26.0,"key":"Oddly Smooth Stone"},{"floor":30.0,"key":"Paper Frog"},{"floor":38.0,"key":"Incense Burner"}],"event_choices":[{"damage_healed":0.0,"max_hp_gain":0.0,"max_hp_loss":0.0,"gold_gain":0.0,"event_name":"Liars Game","player_choice":"Ignored","floor":2.0,"gold_loss":0.0,"damage_taken":0.0},{"cards_removed":["Strike_R"],"damage_healed":0.0,"max_hp_gain":0.0,"max_hp_loss":0.0,"gold_gain":0.0,"event_name":"Golden Wing","player_choice":"Card Removal","floor":3.0,"gold_loss":0.0,"damage_taken":7.0},{"damage_healed":0.0,"max_hp_gain":5.0,"max_hp_loss":0.0,"gold_gain":0.0,"event_name":"Big Fish","player_choice":"Donut","floor":4.0,"gold_loss":0.0,"damage_taken":0.0},{"cards_removed":["Strike_R"],"damage_healed":0.0,"max_hp_gain":0.0,"max_hp_loss":0.0,"gold_gain":0.0,"event_name":"The Cleric","player_choice":"Card Removal","floor":5.0,"gold_loss":75.0,"damage_taken":0.0},{"damage_healed":0.0,"max_hp_gain":0.0,"max_hp_loss":0.0,"gold_gain":0.0,"event_name":"Ghosts","player_choice":"Ignored","floor":19.0,"gold_loss":0.0,"damage_taken":0.0},{"damage_healed":0.0,"max_hp_gain":0.0,"max_hp_loss":0.0,"gold_gain":0.0,"event_name":"Designer","player_choice":"Upgraded Two","floor":20.0,"gold_loss":50.0,"damage_taken":0.0,"cards_upgraded":["True Grit","Reaper"]},{"damage_healed":0.0,"max_hp_gain":0.0,"max_hp_loss":0.0,"gold_gain":0.0,"event_name":"Masked Bandits","player_choice":"Fought Bandits","floor":24.0,"gold_loss":0.0,"damage_taken":0.0},{"damage_healed":18.0,"max_hp_gain":0.0,"max_hp_loss":0.0,"gold_gain":0.0,"event_name":"The Library","player_choice":"Heal","floor":29.0,"gold_loss":0.0,"damage_taken":0.0},{"damage_healed":0.0,"max_hp_gain":0.0,"max_hp_loss":0.0,"gold_gain":0.0,"cards_transformed":["Strike_R"],"event_name":"Transmorgrifier","player_choice":"Transformed","floor":31.0,"gold_loss":0.0,"damage_taken":0.0,"cards_obtained":["Thunderclap"]},{"damage_healed":0.0,"max_hp_gain":0.0,"max_hp_loss":0.0,"gold_gain":0.0,"event_name":"Mysterious Sphere","player_choice":"Fight","floor":38.0,"gold_loss":0.0,"damage_taken":0.0}],"is_beta":false,"boss_relics":[{"not_picked":["Fusion Hammer","Orrery"],"picked":"Velvet Choker"},{"not_picked":["Philosopher\u0027s Stone","White Beast Statue"],"picked":"Empty Cage"}],"items_purged_floors":[],"is_endless":false,"potions_floor_spawned":[1,11,13,22,27,38],"killed_by":"Reptomancer","ascension_level":18}