{"gold_per_floor":[117,117,117,117,130,171,171,24,24,24,60,78,102,115,115,244,244,258,258,258,3,27,27,70,85,85,85,85,103,103,103,103,228,228,244,264,139,153,3,3,3,23,49,49,174,507,123,141,141,141],"floor_reached":50,"playtime":3300,"items_purged":["Strike_R","Strike_R","Defend_R","Defend_R","Anger+1"],"score":518,"play_id":"7c94d9c4-fdfe-46f1-a25d-d5452492c290","local_time":"20190601210248","is_ascension_mode":false,"campfire_choices":[{"data":"Bash","floor":10,"key":"SMITH"},{"data":"Uppercut","floor":15,"key":"SMITH"},{"data":"Pommel Strike","floor":23,"key":"SMITH"},{"data":"Demon Form","floor":27,"key":"SMITH"},{"floor":30,"key":"RECALL"},{"floor":32,"key":"REST"},{"data":"Iron Wave","floor":40,"key":"SMITH"},{"floor":49,"key":"REST"}],"neow_cost":"NONE","seed_source_timestamp":2279155884251002,"circlet_count":0,"master_deck":["Defend_R","Bash+1","Burning Pact","Sever Soul","Iron Wave+1","Shrug It Off","Demon Form+1","Intimidate+1","Cleave+1","Pommel Strike+1","Battle Trance+1"],"relics":["Burning Blood","NeowsBlessing","Meat on the Bone","Sundial","Bottled Flame","Gremlin Horn","Astrolabe","Bag of Marbles","Matryoshka","Toxic Egg 2","Molten Egg 2","Eternal Feather","Shuriken","Du-Vu Doll","ClockworkSouvenir"],"potions_floor_usage":[25,48],"damage_taken":[{"damage":0,"enemies":"Jaw Worm","floor":1,"turns":1},{"damage":0,"enemies":"Small Slimes","floor":5,"turns":1},{"damage":0,"enemies":"3 Sentries","floor":6,"turns":1},{"damage":40,"enemies":"Lagavulin","floor":11,"turns":5},{"damage":6,"enemies":"2 Louse","floor":12,"turns":2},{"damage":2,"enemies":"2 Fungi Beasts","floor":13,"turns":4},{"damage":2,"enemies":"Large Slime","floor":14,"turns":5},{"damage":28,"enemies":"The Guardian","floor":16,"turns":14},{"damage":21,"enemies":"Spheric Guardian","floor":18,"turns":4},{"damage":14,"enemies":"2 Thieves","floor":22,"turns":3},{"damage":23,"enemies":"Gremlin Leader","floor":24,"turns":6},{"damage":8,"enemies":"Snecko","floor":25,"turns":4},{"damage":30,"enemies":"Sentry and Sphere","floor":29,"turns":5},{"damage":35,"enemies":"Collector","floor":33,"turns":7},{"damage":4,"enemies":"3 Shapes","floor":35,"turns":6},{"damage":16,"enemies":"3 Darklings","floor":36,"turns":4},{"damage":31,"enemies":"Spire Growth","floor":38,"turns":4},{"damage":28,"enemies":"Sphere and 2 Shapes","floor":42,"turns":6},{"damage":3,"enemies":"Mind Bloom Boss Battle","floor":45,"turns":8},{"damage":25,"enemies":"Jaw Worm Horde","floor":48,"turns":3},{"damage":76,"enemies":"Time Eater","floor":50,"turns":7}],"seed_played":"-916706849906874687","potions_obtained":[{"floor":11,"key":"SpeedPotion"},{"floor":12,"key":"Explosive Potion"},{"floor":13,"key":"Swift Potion"},{"floor":16,"key":"Explosive Potion"},{"floor":29,"key":"Dexterity Potion"}],"is_trial":false,"path_per_floor":["M","?","T","?","M","E","?","$","T","R","E","M","M","M","R","B",null,"M","?","?","$","M","R","E","M","T","R","$","M","R","$","R","B",null,"M","M","$","M","$","R","?","M","T","?","?","?","$","M","R","B"],"character_chosen":"IRONCLAD","items_purchased":["Sever Soul","Bag of Marbles","ClockworkSouvenir"],"campfire_rested":2,"item_purchase_floors":[8,21,47],"current_hp_per_floor":[80,60,60,65,71,77,70,70,70,70,48,60,64,68,68,58,85,70,70,70,70,62,62,57,55,55,55,55,43,43,43,68,51,85,85,75,75,50,50,56,56,46,46,46,49,49,49,42,72,0],"gold":141,"neow_bonus":"THREE_ENEMY_KILL","is_prod":false,"is_daily":false,"chose_seed":false,"campfire_upgraded":5,"win_rate":0,"timestamp":1559437368,"path_taken":["M","?","?","?","M","E","?","$","T","R","E","M","M","?","R","BOSS","M","?","?","$","M","R","E","M","T","R","$","M","R","$","R","BOSS","M","M","$","M","$","R","?","M","T","?","?","?","$","M","R","BOSS"],"build_version":"2019-01-23","purchased_purges":5,"victory":false,"max_hp_per_floor":[80,80,80,85,85,85,85,85,85,85,85,85,85,85,85,85,85,85,85,85,85,85,85,85,85,85,85,85,85,85,85,85,85,85,85,85,85,85,85,85,85,85,85,81,81,81,81,81,81,81],"card_choices":[{"not_picked":["Perfected Strike","Heavy Blade","Clash"],"picked":"SKIP","floor":1},{"not_picked":["Metallicize","Sword Boomerang"],"picked":"Burning Pact","floor":5},{"not_picked":["Barricade","Twin Strike","Corruption"],"picked":"SKIP","floor":6},{"not_picked":["Armaments","Dual Wield"],"picked":"Iron Wave","floor":11},{"not_picked":["Intimidate","Fire Breathing"],"picked":"Shrug It Off","floor":12},{"not_picked":["Entrench","Flame Barrier","Disarm"],"picked":"SKIP","floor":13},{"not_picked":["Reckless Charge","Cleave"],"picked":"Uppercut","floor":14},{"not_picked":["Berserk","Juggernaut"],"picked":"Demon Form","floor":16},{"not_picked":["Sword Boomerang","Disarm"],"picked":"Pommel Strike","floor":18},{"not_picked":["Corruption","Havoc+1","Cleave+1"],"picked":"SKIP","floor":22},{"not_picked":["True Grit","Armaments","Body Slam+1"],"picked":"SKIP","floor":24},{"not_picked":["Pommel Strike+1","Sentinel","Flame Barrier"],"picked":"SKIP","floor":25},{"not_picked":["Flex+1","Clothesline+1"],"picked":"Battle Trance+1","floor":29},{"not_picked":["Corruption","Sever Soul+1","Flame Barrier+1"],"picked":"SKIP","floor":35},{"not_picked":["True Grit+1","Body Slam+1","Clash+1"],"picked":"SKIP","floor":36},{"not_picked":["Thunderclap+1","Warcry+1","Iron Wave+1"],"picked":"SKIP","floor":38},{"not_picked":["Twin Strike+1","Anger+1","Combust+1"],"picked":"SKIP","floor":42},{"not_picked":["Shockwave+1","Headbutt+1","Flex+1"],"picked":"SKIP","floor":48}],"player_experience":366392,"relics_obtained":[{"floor":3,"key":"Meat on the Bone"},{"floor":6,"key":"Sundial"},{"floor":9,"key":"Bottled Flame"},{"floor":11,"key":"Gremlin Horn"},{"floor":24,"key":"Matryoshka"},{"floor":26,"key":"Toxic Egg 2"},{"floor":26,"key":"Molten Egg 2"},{"floor":43,"key":"Shuriken"},{"floor":45,"key":"Du-Vu Doll"}],"event_choices":[{"damage_healed":0,"gold_gain":0,"player_choice":"Take Damage","damage_taken":20,"relics_obtained":["Golden Idol"],"max_hp_gain":0,"max_hp_loss":0,"event_name":"Golden Idol","floor":2,"gold_loss":0},{"damage_healed":0,"gold_gain":0,"player_choice":"Donut","damage_taken":0,"max_hp_gain":5,"max_hp_loss":0,"event_name":"Big Fish","floor":4,"gold_loss":0},{"cards_removed":["Defend_R"],"damage_healed":0,"gold_gain":0,"player_choice":"Card Removal","damage_taken":7,"max_hp_gain":0,"max_hp_loss":0,"event_name":"Golden Wing","floor":7,"gold_loss":0},{"damage_healed":0,"gold_gain":0,"player_choice":"Ignored","damage_taken":0,"max_hp_gain":0,"max_hp_loss":0,"event_name":"Vampires","floor":20,"gold_loss":0},{"cards_removed":["Uppercut"],"damage_healed":0,"gold_gain":0,"player_choice":"Removed Attack","damage_taken":0,"max_hp_gain":0,"max_hp_loss":0,"event_name":"Falling","floor":41,"gold_loss":0},{"damage_healed":0,"gold_gain":0,"player_choice":"Max HP","damage_taken":0,"max_hp_gain":0,"max_hp_loss":4,"event_name":"Winding Halls","floor":44,"gold_loss":0},{"damage_healed":0,"gold_gain":0,"player_choice":"Fight","damage_taken":0,"max_hp_gain":0,"max_hp_loss":0,"event_name":"MindBloom","floor":45,"gold_loss":0},{"damage_healed":0,"gold_gain":333,"player_choice":"Gave Idol","damage_taken":0,"max_hp_gain":0,"max_hp_loss":0,"event_name":"The Moai Head","floor":46,"relics_lost":["Golden Idol"],"gold_loss":0}],"is_beta":false,"boss_relics":[{"not_picked":["Fusion Hammer","Orrery"],"picked":"Astrolabe"},{"not_picked":["Black Star","White Beast Statue"],"picked":"Eternal Feather"}],"items_purged_floors":[8,21,37,39,47],"is_endless":false,"potions_floor_spawned":[11,12,13,16,18,29,35,36,42],"killed_by":"Time Eater","ascension_level":0}