{"gold_per_floor":[113,113,113,130,305,334,334,353,410,429,439,471,490,510,510,605,605,624,624,74,88,0,0,31,31,31,31,50,62,62],"floor_reached":30,"playtime":2069,"items_purged":["Doubt"],"score":344,"play_id":"eb643d2a-6c52-4226-8e7f-9687fe386edd","local_time":"20190406155328","is_ascension_mode":true,"campfire_choices":[{"data":"Regret","floor":7.0,"key":"PURGE"},{"data":"Rainbow","floor":15.0,"key":"SMITH"},{"floor":23.0,"key":"REST"},{"floor":25.0,"key":"REST"},{"data":"Apotheosis","floor":27.0,"key":"SMITH"}],"neow_cost":"NONE","seed_source_timestamp":0,"circlet_count":0,"master_deck":["Strike_B","Strike_B","Strike_B","Strike_B","Defend_B","Defend_B","Defend_B","Defend_B","Zap","Dualcast","Ball Lightning","Cold Snap","Glacier","Rainbow+1","Skim","Conserve Battery","Chill","Conserve Battery","Echo Form","Fusion","RitualDagger","Apotheosis+1","Turbo","Darkness","Meteor Strike"],"special_seed":0,"relics":["Cracked Core","NeowsBlessing","Bag of Marbles","Peace Pipe","Ancient Tea Set","Tiny Chest","Blood Vial","Nuclear Battery","Bottled Flame","Kunai"],"potions_floor_usage":[],"damage_taken":[{"damage":0.0,"enemies":"Jaw Worm","floor":1.0,"turns":1.0},{"damage":0.0,"enemies":"Small Slimes","floor":4.0,"turns":1.0},{"damage":0.0,"enemies":"Gremlin Nob","floor":6.0,"turns":1.0},{"damage":0.0,"enemies":"Cultist","floor":8.0,"turns":2.0},{"damage":20.0,"enemies":"Large Slime","floor":10.0,"turns":6.0},{"damage":0.0,"enemies":"3 Louse","floor":11.0,"turns":2.0},{"damage":5.0,"enemies":"3 Sentries","floor":12.0,"turns":6.0},{"damage":4.0,"enemies":"Red Slaver","floor":13.0,"turns":3.0},{"damage":3.0,"enemies":"Exordium Thugs","floor":14.0,"turns":5.0},{"damage":19.0,"enemies":"The Guardian","floor":16.0,"turns":11.0},{"damage":13.0,"enemies":"Shell Parasite","floor":18.0,"turns":9.0},{"damage":18.0,"enemies":"Spheric Guardian","floor":21.0,"turns":6.0},{"damage":27.0,"enemies":"Book of Stabbing","floor":24.0,"turns":7.0},{"damage":2.0,"enemies":"Snecko","floor":28.0,"turns":4.0},{"damage":43.0,"enemies":"Cultist and Chosen","floor":29.0,"turns":8.0},{"damage":0,"enemies":"Centurion and Healer","floor":30,"turns":1}],"seed_played":"6747231756286679087","potions_obtained":[{"floor":1.0,"key":"SkillPotion"},{"floor":6.0,"key":"Dexterity Potion"},{"floor":11.0,"key":"Regen Potion"},{"floor":13.0,"key":"SkillPotion"},{"floor":14.0,"key":"AttackPotion"},{"floor":18.0,"key":"FearPotion"},{"floor":28.0,"key":"SteroidPotion"}],"is_trial":false,"path_per_floor":["?","T","?","?","?"],"character_chosen":"DEFECT","items_purchased":["Apotheosis","Bottled Flame","Turbo"],"campfire_rested":2,"item_purchase_floors":[20,20,20],"current_hp_per_floor":[75,75,75,75,75,75,75,75,75,55,55,50,48,47,47,30,75,62,56,56,40,40,62,37,59,59,59,59,18,20],"gold":62,"neow_bonus":"THREE_ENEMY_KILL","is_prod":false,"is_daily":false,"chose_seed":false,"campfire_upgraded":2,"win_rate":0,"timestamp":1554580408,"path_taken":["M","?","?","M","?","E","R","M","T","M","M","E","M","M","R","BOSS","M","?","$","M","?","R","E","R","T","R","M","M","M"],"build_version":"2019-01-23","purchased_purges":1,"victory":false,"max_hp_per_floor":[75,75,75,75,75,75,75,75,75,75,75,75,75,75,75,75,75,75,75,75,75,75,75,75,75,75,75,75,75,75],"card_choices":[{"not_picked":["Streamline","Steam"],"picked":"Ball Lightning","floor":1.0},{"not_picked":["Gash","Barrage"],"picked":"Cold Snap","floor":4.0},{"not_picked":["Stack","Genetic Algorithm"],"picked":"Glacier","floor":6.0},{"not_picked":["Compile Driver","Cold Snap"],"picked":"Rainbow","floor":8.0},{"not_picked":["Gash","Go for the Eyes"],"picked":"Skim","floor":10.0},{"not_picked":["Coolheaded","Sweeping Beam"],"picked":"Conserve Battery","floor":11.0},{"not_picked":["Sweeping Beam","Storm"],"picked":"Chill","floor":12.0},{"not_picked":["Go for the Eyes","Core Surge"],"picked":"Conserve Battery","floor":13.0},{"not_picked":["Skim","Barrage","Compile Driver"],"picked":"SKIP","floor":14.0},{"not_picked":["Amplify","Buffer"],"picked":"Echo Form","floor":16.0},{"not_picked":["Leap","Lockon"],"picked":"Fusion","floor":18.0},{"not_picked":["Barrage","Hologram+1"],"picked":"Darkness","floor":21.0},{"not_picked":["Turbo","Leap+1"],"picked":"Meteor Strike","floor":24.0},{"not_picked":["Rebound+1","Stack+1","Storm"],"picked":"SKIP","floor":28.0},{"not_picked":["Force Field","Compile Driver","Ball Lightning"],"picked":"SKIP","floor":29.0}],"player_experience":362550,"relics_obtained":[{"floor":3.0,"key":"Peace Pipe"},{"floor":6.0,"key":"Ancient Tea Set"},{"floor":9.0,"key":"Tiny Chest"},{"floor":12.0,"key":"Blood Vial"},{"floor":24.0,"key":"Kunai"}],"event_choices":[{"damage_healed":0.0,"max_hp_gain":0.0,"max_hp_loss":0.0,"gold_gain":0.0,"event_name":"Big Fish","player_choice":"Box","floor":2.0,"gold_loss":0.0,"damage_taken":0.0,"relics_obtained":["Bag of Marbles"],"cards_obtained":["Regret"]},{"damage_healed":0.0,"max_hp_gain":0.0,"max_hp_loss":0.0,"gold_gain":175.0,"event_name":"Liars Game","player_choice":"AGREE","floor":5.0,"gold_loss":0.0,"damage_taken":0.0,"cards_obtained":["Doubt"]},{"damage_healed":0.0,"max_hp_gain":0.0,"max_hp_loss":0.0,"gold_gain":0.0,"event_name":"Nest","player_choice":"Joined the Cult","floor":19.0,"gold_loss":0.0,"damage_taken":6.0,"cards_obtained":["RitualDagger"]},{"damage_healed":0.0,"max_hp_gain":0.0,"max_hp_loss":0.0,"gold_gain":0.0,"event_name":"Masked Bandits","player_choice":"Paid Fearfully","floor":22.0,"gold_loss":88.0,"damage_taken":0.0}],"is_beta":false,"boss_relics":[{"not_picked":["Ectoplasm","Orrery"],"picked":"Nuclear Battery"}],"items_purged_floors":[20],"is_endless":false,"potions_floor_spawned":[1,6,11,13,14,18,28],"killed_by":"Centurion and Healer","ascension_level":4}