{"gold_per_floor":[217,234,114,134,147,203,203,215,215,243,260,278,32,32,32,32],"floor_reached":16,"playtime":2927,"items_purged":["Defend_B"],"score":143,"play_id":"09ca7b3a-f63e-4c7d-aa82-ff71e283e8c9","local_time":"20190601235520","is_ascension_mode":true,"campfire_choices":[{"floor":7,"key":"REST"},{"floor":15,"key":"REST"}],"neow_cost":"NONE","seed_source_timestamp":2289881957193190,"circlet_count":0,"master_deck":["Strike_B","Strike_B","Strike_B","Strike_B","Defend_B","Defend_B","Defend_B","Zap","Dualcast","Conserve Battery","Sweeping Beam","Coolheaded","Streamline","Sunder","Defragment","Reinforced Body","Ball Lightning","Loop","Gash"],"relics":["Cracked Core","Tiny Chest","Matryoshka","Gremlin Horn","Oddly Smooth Stone","Golden Idol"],"potions_floor_usage":[6,10,12,16],"damage_taken":[{"damage":1,"enemies":"Cultist","floor":1,"turns":3},{"damage":3,"enemies":"2 Louse","floor":2,"turns":2},{"damage":0,"enemies":"Jaw Worm","floor":4,"turns":3},{"damage":18,"enemies":"Gremlin Gang","floor":5,"turns":3},{"damage":8,"enemies":"Gremlin Nob","floor":6,"turns":3},{"damage":6,"enemies":"Red Slaver","floor":8,"turns":4},{"damage":56,"enemies":"Lagavulin","floor":10,"turns":7},{"damage":0,"enemies":"3 Louse","floor":11,"turns":2},{"damage":3,"enemies":"Blue Slaver","floor":12,"turns":3},{"damage":26,"enemies":"The Guardian","floor":16,"turns":5}],"seed_played":"6309161503228797257","potions_obtained":[{"floor":2,"key":"Ancient Potion"},{"floor":5,"key":"FearPotion"},{"floor":10,"key":"Fire Potion"},{"floor":11,"key":"SkillPotion"}],"is_trial":false,"path_per_floor":["M","M","$","M","M","E","R","M","T","E","M","M","$","?","R","B"],"character_chosen":"DEFECT","items_purchased":["Coolheaded","Oddly Smooth Stone","Loop","Gash"],"campfire_rested":2,"item_purchase_floors":[3,13,13,13],"current_hp_per_floor":[74,71,71,71,53,45,67,61,61,5,5,2,2,2,22,0],"gold":32,"neow_bonus":"HUNDRED_GOLD","is_prod":false,"is_daily":false,"chose_seed":false,"campfire_upgraded":0,"win_rate":0,"timestamp":1559447720,"path_taken":["M","M","$","?","M","E","R","M","T","E","M","M","$","?","R","BOSS"],"build_version":"2019-01-23","purchased_purges":1,"victory":false,"max_hp_per_floor":[75,75,75,75,75,75,75,75,75,75,75,75,75,69,69,69],"card_choices":[{"not_picked":["Compile Driver","Steam"],"picked":"Conserve Battery","floor":1},{"not_picked":["Static Discharge","Capacitor"],"picked":"Sweeping Beam","floor":2},{"not_picked":["Barrage","Seek"],"picked":"Streamline","floor":4},{"not_picked":["Chill","Chaos","Streamline"],"picked":"SKIP","floor":5},{"not_picked":["Redo","Streamline"],"picked":"Sunder","floor":6},{"not_picked":["Lockon","Glacier"],"picked":"Defragment","floor":8},{"not_picked":["Force Field","Undo","Hello World"],"picked":"SKIP","floor":10},{"not_picked":["Compile Driver","Hologram"],"picked":"Reinforced Body","floor":11},{"not_picked":["Leap","Redo"],"picked":"Ball Lightning","floor":12}],"player_experience":374718,"relics_obtained":[{"floor":6,"key":"Tiny Chest"},{"floor":9,"key":"Matryoshka"},{"floor":10,"key":"Gremlin Horn"}],"event_choices":[{"damage_healed":0,"gold_gain":0,"player_choice":"Lose Max HP","damage_taken":0,"relics_obtained":["Golden Idol"],"max_hp_gain":0,"max_hp_loss":6,"event_name":"Golden Idol","floor":14,"gold_loss":0}],"is_beta":false,"boss_relics":[],"items_purged_floors":[3],"is_endless":false,"potions_floor_spawned":[2,5,10,11],"killed_by":"The Guardian","ascension_level":5}