{"gold_per_floor":[312,48,60,71,89,89,14,14,14,14,45,58,68,88,88,162,162,176,176,176,190,115,115,129,129,207,4,32,48,68,82,82,154,154,167,167,179,179,194,220,220,57,83,96,114,114,114,159,159,159],"floor_reached":51,"playtime":1496,"items_purged":["Strike_R"],"score":1434,"play_id":"4d3fff33-283f-4d3a-a7cf-e414bc3f1762","local_time":"20190425002307","is_ascension_mode":true,"campfire_choices":[{"data":"Inflame","floor":6.0,"key":"SMITH"},{"data":"Bash","floor":8.0,"key":"SMITH"},{"data":"Pommel Strike","floor":10.0,"key":"SMITH"},{"data":"Shockwave","floor":15.0,"key":"SMITH"},{"data":"Power Through","floor":23.0,"key":"SMITH"},{"floor":25.0,"key":"REST"},{"floor":32.0,"key":"REST"},{"floor":41.0,"key":"REST"},{"data":"Body Slam","floor":47.0,"key":"SMITH"},{"data":"Second Wind","floor":49.0,"key":"SMITH"}],"neow_cost":"NO_GOLD","seed_source_timestamp":980722502332406,"circlet_count":0,"master_deck":["AscendersBane","Strike_R","Strike_R","Defend_R","Defend_R","Defend_R","Defend_R","Bash+1","Inflame+1","Wild Strike","Pommel Strike+1","Cleave","Shockwave+1","Carnage","Shrug It Off","Offering","Second Wind+1","Power Through+1","Feel No Pain","Evolve","Sword Boomerang+1","Limit Break+1","Barricade","Disarm","Body Slam+1","Doubt"],"special_seed":0,"relics":["Burning Blood","Old Coin","Mummified Hand","Paper Frog","Blue Candle","Sozu","Matryoshka","Tiny Chest","Centennial Puzzle","Oddly Smooth Stone","Red Skull","Busted Crown","Question Card","Mercury Hourglass","Regal Pillow","Ginger"],"potions_floor_usage":[],"damage_taken":[{"damage":15.0,"enemies":"Small Slimes","floor":1.0,"turns":4.0},{"damage":9.0,"enemies":"2 Louse","floor":3.0,"turns":3.0},{"damage":2.0,"enemies":"Jaw Worm","floor":4.0,"turns":3.0},{"damage":21.0,"enemies":"Blue Slaver","floor":5.0,"turns":3.0},{"damage":8.0,"enemies":"Gremlin Nob","floor":11.0,"turns":3.0},{"damage":13.0,"enemies":"Exordium Wildlife","floor":12.0,"turns":3.0},{"damage":14.0,"enemies":"Lots of Slimes","floor":13.0,"turns":3.0},{"damage":0.0,"enemies":"2 Fungi Beasts","floor":14.0,"turns":2.0},{"damage":27.0,"enemies":"Slime Boss","floor":16.0,"turns":8.0},{"damage":12.0,"enemies":"2 Thieves","floor":18.0,"turns":2.0},{"damage":12.0,"enemies":"3 Byrds","floor":21.0,"turns":4.0},{"damage":21.0,"enemies":"Centurion and Healer","floor":24.0,"turns":4.0},{"damage":22.0,"enemies":"Slavers","floor":28.0,"turns":5.0},{"damage":15.0,"enemies":"Snake Plant","floor":29.0,"turns":3.0},{"damage":25.0,"enemies":"Shelled Parasite and Fungi","floor":30.0,"turns":4.0},{"damage":8.0,"enemies":"Centurion and Healer","floor":31.0,"turns":4.0},{"damage":15.0,"enemies":"Collector","floor":33.0,"turns":6.0},{"damage":16.0,"enemies":"Orb Walker","floor":35.0,"turns":3.0},{"damage":17.0,"enemies":"3 Darklings","floor":37.0,"turns":3.0},{"damage":14.0,"enemies":"Writhing Mass","floor":39.0,"turns":7.0},{"damage":6.0,"enemies":"Giant Head","floor":40.0,"turns":4.0},{"damage":29.0,"enemies":"Maw","floor":44.0,"turns":7.0},{"damage":8.0,"enemies":"Sphere and 2 Shapes","floor":45.0,"turns":5.0},{"damage":6.0,"enemies":"2 Orb Walkers","floor":48.0,"turns":4.0},{"damage":60,"enemies":"Awakened One","floor":50,"turns":10}],"seed_played":"-5923385532446161987","potions_obtained":[{"floor":11.0,"key":"SkillPotion"},{"floor":12.0,"key":"Explosive Potion"},{"floor":16.0,"key":"Energy Potion"}],"is_trial":false,"path_per_floor":["M","$","M","M","M","R","?","R","T","R","E","M","M","M","R","B",null,"M","?","T","M","?","R","M","R","T","$","E","M","M","M","R","B",null,"M","?","M","?","M","E","R","$","T","M","M","?","R","?","R","B",null],"character_chosen":"IRONCLAD","items_purchased":["Mummified Hand","Feel No Pain","Oddly Smooth Stone","Disarm"],"campfire_rested":3,"item_purchase_floors":[2,27,27,42],"current_hp_per_floor":[59,59,56,60,45,45,45,45,45,45,43,36,28,34,34,13,60,54,54,54,48,48,48,33,55,55,55,39,30,11,9,31,22,62,52,52,41,41,33,33,54,54,54,31,29,71,71,71,71,17],"gold":159,"neow_bonus":"ONE_RARE_RELIC","is_prod":false,"is_daily":false,"chose_seed":false,"campfire_upgraded":7,"win_rate":0,"timestamp":1556119387,"path_taken":["M","$","M","M","M","R","?","R","T","R","E","M","M","M","R","BOSS","M","?","?","M","?","R","?","R","T","$","E","M","?","M","R","BOSS","M","?","?","?","M","E","R","$","T","M","M","?","R","?","R","BOSS"],"build_version":"2019-01-23","purchased_purges":1,"victory":true,"max_hp_per_floor":[75,75,75,75,75,75,75,75,75,75,75,75,75,75,75,75,75,75,75,75,75,75,75,75,75,75,75,75,75,75,75,75,75,75,75,75,75,71,71,71,71,71,71,71,71,71,71,71,71,71],"card_choices":[{"not_picked":["Thunderclap","Havoc"],"picked":"Inflame","floor":1.0},{"not_picked":["Second Wind","Rampage"],"picked":"Wild Strike","floor":3.0},{"not_picked":["Anger","Clothesline"],"picked":"Pommel Strike","floor":4.0},{"not_picked":["Thunderclap","Perfected Strike"],"picked":"Cleave","floor":5.0},{"not_picked":["Reckless Charge","Berserk"],"picked":"Shockwave","floor":11.0},{"not_picked":["Havoc","Intimidate"],"picked":"Carnage","floor":12.0},{"not_picked":["Twin Strike","Rage"],"picked":"Shrug It Off","floor":13.0},{"not_picked":["Pommel Strike","Dual Wield","Warcry"],"picked":"SKIP","floor":14.0},{"not_picked":["Berserk","Bludgeon"],"picked":"Offering","floor":16.0},{"not_picked":["Warcry+1","Rampage"],"picked":"Second Wind","floor":18.0},{"not_picked":["Anger","Entrench","Fire Breathing"],"picked":"SKIP","floor":21.0},{"not_picked":["Clothesline","Headbutt","Wild Strike"],"picked":"SKIP","floor":24.0},{"not_picked":["Clothesline","Body Slam"],"picked":"Evolve","floor":28.0},{"not_picked":["Searing Blow","Battle Trance"],"picked":"Sword Boomerang+1","floor":29.0},{"not_picked":["Clothesline","Blood for Blood"],"picked":"Limit Break","floor":30.0},{"not_picked":["Body Slam","Wild Strike","Thunderclap"],"picked":"SKIP","floor":31.0},{"not_picked":["Demon Form","Limit Break"],"picked":"Barricade","floor":33.0},{"not_picked":["Havoc+1"],"picked":"SKIP","floor":35.0},{"not_picked":["Wild Strike+1"],"picked":"SKIP","floor":37.0},{"not_picked":["Wild Strike"],"picked":"SKIP","floor":39.0},{"not_picked":["Reckless Charge"],"picked":"SKIP","floor":40.0},{"not_picked":["Reckless Charge"],"picked":"Body Slam","floor":44.0},{"not_picked":["Shockwave","Thunderclap"],"picked":"SKIP","floor":45.0}],"player_experience":462008,"relics_obtained":[{"floor":9.0,"key":"Paper Frog"},{"floor":11.0,"key":"Blue Candle"},{"floor":20.0,"key":"Matryoshka"},{"floor":26.0,"key":"Tiny Chest"},{"floor":26.0,"key":"Centennial Puzzle"},{"floor":28.0,"key":"Red Skull"},{"floor":40.0,"key":"Question Card"},{"floor":43.0,"key":"Mercury Hourglass"},{"floor":43.0,"key":"Regal Pillow"},{"floor":48.0,"key":"Ginger"}],"event_choices":[{"cards_removed":["Strike_R"],"damage_healed":0.0,"max_hp_gain":0.0,"max_hp_loss":0.0,"gold_gain":0.0,"event_name":"The Cleric","player_choice":"Card Removal","floor":7.0,"gold_loss":75.0,"damage_taken":0.0},{"damage_healed":0.0,"max_hp_gain":0.0,"max_hp_loss":0.0,"gold_gain":0.0,"event_name":"The Library","player_choice":"Read","floor":19.0,"gold_loss":0.0,"damage_taken":0.0,"cards_obtained":["Power Through"]},{"cards_removed":["Strike_R"],"damage_healed":0.0,"max_hp_gain":0.0,"max_hp_loss":0.0,"gold_gain":0.0,"event_name":"Beggar","player_choice":"Gave Gold","floor":22.0,"gold_loss":75.0,"damage_taken":0.0},{"damage_healed":0.0,"max_hp_gain":0.0,"max_hp_loss":0.0,"gold_gain":0.0,"event_name":"Upgrade Shrine","player_choice":"Upgraded","floor":36.0,"gold_loss":0.0,"damage_taken":0.0,"cards_upgraded":["Limit Break"]},{"damage_healed":0.0,"max_hp_gain":0.0,"max_hp_loss":4.0,"gold_gain":0.0,"event_name":"Winding Halls","player_choice":"Max HP","floor":38.0,"gold_loss":0.0,"damage_taken":0.0},{"damage_healed":42.0,"max_hp_gain":0.0,"max_hp_loss":0.0,"gold_gain":0.0,"event_name":"MindBloom","player_choice":"Heal","floor":46.0,"gold_loss":0.0,"damage_taken":0.0,"cards_obtained":["Doubt"]},{"damage_healed":0.0,"max_hp_gain":0.0,"max_hp_loss":0.0,"gold_gain":0.0,"event_name":"Mysterious Sphere","player_choice":"Fight","floor":48.0,"gold_loss":0.0,"damage_taken":0.0}],"is_beta":false,"boss_relics":[{"not_picked":["White Beast Statue","Runic Pyramid"],"picked":"Sozu"},{"not_picked":["Calling Bell","Orrery"],"picked":"Busted Crown"}],"items_purged_floors":[42],"is_endless":false,"potions_floor_spawned":[11,12,13,16,28,29,30,33,39,40],"ascension_level":18}