{"gold_per_floor":[112,126,76,95,112,112,112,129,156,156,176,176,202,202,202,277,277,287,94,108,207,207,207,232,246,269,269,281,281,314,333,333,405,405,416,516,211,231,245,245,264,264,264,290,290,290,308,333,333,333,333,333,153,185,185],"floor_reached":56,"playtime":2755,"items_purged":["Strike_R","Strike_R","Bash"],"score":1970,"play_id":"7795d265-f34d-40a5-a734-35980b4175cc","local_time":"20190406224602","is_ascension_mode":true,"campfire_choices":[{"data":"Sword Boomerang","floor":6.0,"key":"SMITH"},{"data":"True Grit","floor":10.0,"key":"SMITH"},{"data":"Evolve","floor":12.0,"key":"SMITH"},{"data":"Battle Trance","floor":15.0,"key":"SMITH"},{"data":"Disarm","floor":23.0,"key":"SMITH"},{"data":"Flex","floor":27.0,"key":"SMITH"},{"data":"Second Wind","floor":29.0,"key":"SMITH"},{"data":"Flex","floor":32.0,"key":"SMITH"},{"data":"Feel No Pain","floor":40.0,"key":"SMITH"},{"data":"Barricade","floor":45.0,"key":"SMITH"},{"floor":49.0,"key":"RECALL"},{"data":"Power Through","floor":52.0,"key":"SMITH"}],"neow_cost":"NONE","seed_source_timestamp":0,"circlet_count":0,"master_deck":["AscendersBane","Strike_R","Defend_R","Defend_R","Defend_R","Defend_R","Battle Trance+1","True Grit+1","Sword Boomerang+1","Evolve+1","Flex+1","Disarm+1","Pommel Strike+1","Reaper","Second Wind+1","Flex+1","Battle Trance","Feel No Pain+1","Barricade+1","Ghostly Armor","Body Slam+1","Power Through+1","Offering","Juggernaut","Body Slam+1","Shrug It Off","Offering"],"special_seed":0,"relics":["Burning Blood","PreservedInsect","Boot","Ancient Tea Set","Mark of Pain","Pear","Bronze Scales","Orrery","Peace Pipe","The Courier","Molten Egg 2","Red Skull"],"potions_floor_usage":[54,55],"damage_taken":[{"damage":6.0,"enemies":"Cultist","floor":1.0,"turns":4.0},{"damage":7.0,"enemies":"Small Slimes","floor":2.0,"turns":4.0},{"damage":1.0,"enemies":"2 Louse","floor":4.0,"turns":3.0},{"damage":41.0,"enemies":"Exordium Thugs","floor":5.0,"turns":6.0},{"damage":10.0,"enemies":"Looter","floor":8.0,"turns":4.0},{"damage":5.0,"enemies":"2 Fungi Beasts","floor":11.0,"turns":4.0},{"damage":11.0,"enemies":"3 Sentries","floor":13.0,"turns":6.0},{"damage":33.0,"enemies":"Slime Boss","floor":16.0,"turns":8.0},{"damage":10.0,"enemies":"Spheric Guardian","floor":18.0,"turns":5.0},{"damage":1.0,"enemies":"3 Byrds","floor":20.0,"turns":5.0},{"damage":61.0,"enemies":"Slavers","floor":24.0,"turns":5.0},{"damage":11.0,"enemies":"Snake Plant","floor":25.0,"turns":4.0},{"damage":1.0,"enemies":"Chosen and Byrds","floor":28.0,"turns":4.0},{"damage":4.0,"enemies":"Gremlin Leader","floor":30.0,"turns":5.0},{"damage":16.0,"enemies":"Centurion and Healer","floor":31.0,"turns":6.0},{"damage":61.0,"enemies":"Automaton","floor":33.0,"turns":8.0},{"damage":4.0,"enemies":"3 Shapes","floor":35.0,"turns":9.0},{"damage":32.0,"enemies":"Mind Bloom Boss Battle","floor":36.0,"turns":8.0},{"damage":51.0,"enemies":"3 Darklings","floor":38.0,"turns":7.0},{"damage":14.0,"enemies":"Transient","floor":39.0,"turns":5.0},{"damage":18.0,"enemies":"Writhing Mass","floor":41.0,"turns":6.0},{"damage":6.0,"enemies":"Reptomancer","floor":44.0,"turns":4.0},{"damage":26.0,"enemies":"3 Darklings","floor":47.0,"turns":4.0},{"damage":12.0,"enemies":"Nemesis","floor":48.0,"turns":7.0},{"damage":28.0,"enemies":"Awakened One","floor":50.0,"turns":6.0},{"damage":71,"enemies":"Shield and Spear","floor":54,"turns":6},{"damage":14,"enemies":"The Heart","floor":55,"turns":7}],"seed_played":"-4111582269291469622","potions_obtained":[{"floor":4.0,"key":"Dexterity Potion"},{"floor":5.0,"key":"Block Potion"},{"floor":13.0,"key":"SteroidPotion"},{"floor":18.0,"key":"GamblersBrew"},{"floor":39.0,"key":"Dexterity Potion"},{"floor":44.0,"key":"BloodPotion"},{"floor":48.0,"key":"Energy Potion"}],"is_trial":false,"path_per_floor":["M","M","?","M","M","R","?","M","T","R","M","R","E","?","R","B",null,"M","$","M","?","?","R","E","M","T","R","M","R","E","M","R","B",null,"M","?","$","M","M","R","M","?","T","E","R","?","M","E","R","B",null,"R","$","E","B",null],"character_chosen":"IRONCLAD","items_purchased":["Flex","Battle Trance","Offering","Block Potion","PowerPotion","Dexterity Potion"],"campfire_rested":0,"item_purchase_floors":[19,19,37,37,53,53],"current_hp_per_floor":[68,67,67,72,37,37,37,33,33,33,34,34,29,85,85,58,78,74,74,85,85,85,85,40,35,35,35,50,50,67,87,87,40,81,95,74,74,44,41,41,29,83,83,83,83,83,73,72,72,65,79,79,79,24,24],"gold":185,"neow_bonus":"TRANSFORM_CARD","is_prod":false,"is_daily":false,"chose_seed":false,"campfire_upgraded":11,"win_rate":0,"timestamp":1554558362,"path_taken":["M","M","?","M","M","R","?","M","T","R","?","R","E","?","R","BOSS","M","$","M","?","?","R","E","M","T","R","M","R","E","M","R","BOSS","M","?","$","M","M","R","M","?","T","E","R","?","M","E","R","BOSS","R","$","E","BOSS"],"build_version":"2019-01-23","purchased_purges":3,"victory":true,"max_hp_per_floor":[75,75,75,75,75,75,75,75,75,75,75,75,75,85,85,85,85,85,85,85,85,85,85,95,95,95,95,95,95,95,95,95,95,95,95,95,95,95,95,95,95,83,83,83,83,83,83,83,83,83,83,83,83,83,83],"card_choices":[{"not_picked":["Heavy Blade","Warcry"],"picked":"True Grit","floor":1.0},{"not_picked":["Double Tap","Shockwave"],"picked":"Sword Boomerang","floor":2.0},{"not_picked":["Thunderclap","Clash"],"picked":"Evolve","floor":4.0},{"not_picked":["Clash","Heavy Blade"],"picked":"Flex","floor":5.0},{"not_picked":["Clothesline","Clash"],"picked":"Disarm","floor":8.0},{"not_picked":["Fire Breathing","Brutality"],"picked":"Pommel Strike","floor":11.0},{"not_picked":["Pommel Strike","Exhume","Heavy Blade"],"picked":"SKIP","floor":13.0},{"not_picked":["Pommel Strike","Heavy Blade"],"picked":"Exhume","floor":13.0},{"not_picked":["Dark Embrace","Feed"],"picked":"Reaper","floor":16.0},{"not_picked":["True Grit","Anger"],"picked":"Second Wind","floor":18.0},{"not_picked":["Flex","Evolve","Clash"],"picked":"SKIP","floor":20.0},{"not_picked":["Cleave","Dark Embrace","Reckless Charge"],"picked":"SKIP","floor":24.0},{"not_picked":["Clash","Pommel Strike","Corruption"],"picked":"SKIP","floor":25.0},{"not_picked":["Headbutt","Havoc","Disarm"],"picked":"SKIP","floor":28.0},{"not_picked":["Headbutt","Havoc","Disarm"],"picked":"SKIP","floor":28.0},{"not_picked":["True Grit","Cleave"],"picked":"Feel No Pain","floor":30.0},{"not_picked":["Clash+1","Iron Wave","Pommel Strike"],"picked":"SKIP","floor":31.0},{"not_picked":["Dark Embrace","Exhume"],"picked":"Barricade","floor":33.0},{"not_picked":["Warcry","Perfected Strike"],"picked":"Ghostly Armor","floor":34.0},{"not_picked":["Thunderclap","Armaments"],"picked":"Body Slam+1","floor":34.0},{"not_picked":["Ghostly Armor","Flame Barrier"],"picked":"Power Through","floor":35.0},{"not_picked":["Headbutt","Seeing Red"],"picked":"Juggernaut","floor":38.0},{"not_picked":["Combust","Pommel Strike"],"picked":"Body Slam+1","floor":39.0},{"not_picked":["Armaments","Intimidate+1","Body Slam"],"picked":"SKIP","floor":41.0},{"not_picked":["Clash","Sword Boomerang"],"picked":"Shrug It Off","floor":44.0},{"not_picked":["Clothesline","Dropkick+1","Warcry"],"picked":"SKIP","floor":47.0},{"not_picked":["Rampage","Clothesline","Twin Strike"],"picked":"SKIP","floor":48.0},{"not_picked":["Shrug It Off+1","Clothesline+1","Battle Trance"],"picked":"SKIP","floor":54}],"player_experience":426837,"relics_obtained":[{"floor":9.0,"key":"Boot"},{"floor":13.0,"key":"Ancient Tea Set"},{"floor":24.0,"key":"Pear"},{"floor":26.0,"key":"Bronze Scales"},{"floor":36.0,"key":"Peace Pipe"},{"floor":44.0,"key":"The Courier"},{"floor":48.0,"key":"Molten Egg 2"},{"floor":54,"key":"Red Skull"}],"event_choices":[{"cards_removed":["Strike_R"],"damage_healed":0.0,"max_hp_gain":0.0,"max_hp_loss":0.0,"gold_gain":0.0,"event_name":"The Cleric","player_choice":"Card Removal","floor":3.0,"gold_loss":50.0,"damage_taken":0.0},{"damage_healed":0.0,"max_hp_gain":0.0,"max_hp_loss":0.0,"gold_gain":0.0,"event_name":"WeMeetAgain","player_choice":"Gave Potion","floor":7.0,"gold_loss":0.0,"damage_taken":0.0,"relics_obtained":["PreservedInsect"]},{"cards_removed":["Exhume"],"damage_healed":46.0,"max_hp_gain":10.0,"max_hp_loss":0.0,"gold_gain":0.0,"event_name":"Bonfire Elementals","player_choice":"Offered Rare","floor":14.0,"gold_loss":0.0,"damage_taken":0.0},{"damage_healed":0.0,"max_hp_gain":0.0,"max_hp_loss":0.0,"gold_gain":99.0,"event_name":"Nest","player_choice":"Stole From Cult","floor":21.0,"gold_loss":0.0,"damage_taken":0.0},{"damage_healed":0.0,"max_hp_gain":0.0,"max_hp_loss":0.0,"gold_gain":0.0,"event_name":"Accursed Blacksmith","player_choice":"Forge","floor":22.0,"gold_loss":0.0,"damage_taken":0.0,"cards_upgraded":["Pommel Strike"]},{"damage_healed":0.0,"max_hp_gain":0.0,"max_hp_loss":0.0,"gold_gain":0.0,"event_name":"MindBloom","player_choice":"Fight","floor":36.0,"gold_loss":0.0,"damage_taken":0.0},{"damage_healed":83.0,"max_hp_gain":0.0,"max_hp_loss":12.0,"gold_gain":0.0,"event_name":"The Moai Head","player_choice":"Heal","floor":42.0,"gold_loss":0.0,"damage_taken":0.0},{"damage_healed":0.0,"max_hp_gain":0.0,"max_hp_loss":0.0,"gold_gain":0.0,"event_name":"Duplicator","player_choice":"Copied","floor":46.0,"gold_loss":0.0,"damage_taken":0.0,"cards_obtained":["Offering"]}],"is_beta":false,"boss_relics":[{"not_picked":["Astrolabe","Sozu"],"picked":"Mark of Pain"},{"not_picked":["Runic Dome","Empty Cage"],"picked":"Orrery"}],"items_purged_floors":[19,37,53],"is_endless":false,"potions_floor_spawned":[4,5,13,16,18,20,30,35,39,44,47,48],"ascension_level":14}