{"gold_per_floor":[109,127,145,45,45,45,55,55,55,72,83,116,191,201,201,299,299,319,319,137,137,148,180,180,207,232,331,331,347,347,357,357,459,459,469,369,387,169,169,169,200,200,200,200,200,215,229,249,249,249,249,249,109,140,140],"floor_reached":56,"playtime":3808,"items_purged":["Strike_R","Strike_R","Writhe","Strike_R","Bash"],"score":1167,"play_id":"6aa13c70-b8cb-43c4-9392-b982cdd3437b","local_time":"20190603223354","is_ascension_mode":false,"campfire_choices":[{"data":"True Grit","floor":6,"key":"SMITH"},{"data":"Flame Barrier","floor":8,"key":"SMITH"},{"data":"Flame Barrier","floor":15,"key":"SMITH"},{"data":"Juggernaut","floor":24,"key":"SMITH"},{"data":"Flame Barrier","floor":28,"key":"SMITH"},{"data":"Shrug It Off","floor":30,"key":"SMITH"},{"floor":32,"key":"RECALL"},{"data":"Barricade","floor":40,"key":"SMITH"},{"data":"Flame Barrier","floor":42,"key":"SMITH"},{"data":"Shrug It Off","floor":45,"key":"SMITH"},{"data":"Offering","floor":49,"key":"SMITH"},{"data":"Defend_R","floor":52,"key":"SMITH"}],"neow_cost":"NONE","seed_source_timestamp":340112661223400,"circlet_count":0,"master_deck":["Defend_R+1","Defend_R","Defend_R","Defend_R","True Grit+1","Shrug It Off+1","Flame Barrier+1","Offering+1","Flame Barrier+1","Juggernaut+1","Flame Barrier+1","Shrug It Off+1","Disarm+1","Barricade+1","True Grit+1","Evolve+1","Flame Barrier+1","Shrug It Off+1"],"relics":["Burning Blood","Pantograph","The Courier","Cursed Key","MawBank","Omamori","Shuriken","Juzu Bracelet","Velvet Choker","Happy Flower","Molten Egg 2","StoneCalendar"],"potions_floor_usage":[12,12,16,23,25,25,33,41,54],"damage_taken":[{"damage":6,"enemies":"Cultist","floor":1,"turns":4},{"damage":5,"enemies":"2 Louse","floor":2,"turns":3},{"damage":0,"enemies":"Jaw Worm","floor":3,"turns":3},{"damage":8,"enemies":"3 Louse","floor":7,"turns":5},{"damage":0,"enemies":"2 Fungi Beasts","floor":10,"turns":6},{"damage":19,"enemies":"Exordium Wildlife","floor":11,"turns":9},{"damage":33,"enemies":"Lagavulin","floor":12,"turns":10},{"damage":6,"enemies":"3 Louse","floor":14,"turns":4},{"damage":33,"enemies":"Slime Boss","floor":16,"turns":12},{"damage":0,"enemies":"3 Byrds","floor":18,"turns":1},{"damage":8,"enemies":"Spheric Guardian","floor":22,"turns":5},{"damage":47,"enemies":"Gremlin Leader","floor":23,"turns":7},{"damage":17,"enemies":"Slavers","floor":25,"turns":4},{"damage":2,"enemies":"Shelled Parasite and Fungi","floor":29,"turns":6},{"damage":15,"enemies":"Sentry and Sphere","floor":31,"turns":7},{"damage":46,"enemies":"Collector","floor":33,"turns":20},{"damage":6,"enemies":"3 Shapes","floor":35,"turns":6},{"damage":9,"enemies":"Orb Walker","floor":37,"turns":5},{"damage":16,"enemies":"Nemesis","floor":41,"turns":13},{"damage":6,"enemies":"Sphere and 2 Shapes","floor":46,"turns":6},{"damage":6,"enemies":"Jaw Worm Horde","floor":47,"turns":6},{"damage":10,"enemies":"Transient","floor":48,"turns":5},{"damage":2,"enemies":"Time Eater","floor":50,"turns":18},{"damage":36,"enemies":"Shield and Spear","floor":54,"turns":11},{"damage":77,"enemies":"The Heart","floor":55,"turns":12}],"seed_played":"-3412810871068370438","potions_obtained":[{"floor":2,"key":"AttackPotion"},{"floor":10,"key":"EntropicBrew"},{"floor":14,"key":"AttackPotion"},{"floor":23,"key":"SkillPotion"},{"floor":25,"key":"EssenceOfSteel"},{"floor":31,"key":"AttackPotion"},{"floor":35,"key":"Poison Potion"},{"floor":37,"key":"Block Potion"}],"is_trial":false,"path_per_floor":["M","M","M","$","$","R","M","R","T","M","M","E","?","M","R","B",null,"M","?","$","?","M","E","R","E","T","?","R","M","R","M","R","B",null,"M","$","M","$","?","R","E","R","T","?","R","M","M","M","R","B",null,"R","$","E","B",null],"character_chosen":"IRONCLAD","items_purchased":["Shrug It Off","Omamori","Flame Barrier","Shrug It Off"],"campfire_rested":0,"item_purchase_floors":[4,20,38,38],"current_hp_per_floor":[88,88,88,88,88,88,86,86,86,88,75,48,37,37,37,35,88,88,88,88,88,86,45,45,34,34,34,34,38,38,29,29,14,88,88,88,85,85,85,85,75,75,75,75,75,75,75,71,71,88,88,88,88,58,12],"gold":140,"neow_bonus":"TEN_PERCENT_HP_BONUS","is_prod":false,"is_daily":false,"chose_seed":false,"campfire_upgraded":11,"win_rate":0,"timestamp":1559619234,"path_taken":["M","?","?","?","$","R","M","R","T","M","M","E","?","M","R","BOSS","M","?","$","?","M","E","R","E","T","?","R","M","R","M","R","BOSS","M","$","M","$","?","R","E","R","T","?","R","M","M","M","R","BOSS","R","$","E","BOSS"],"build_version":"2019-01-23","purchased_purges":5,"victory":true,"max_hp_per_floor":[88,88,88,88,88,88,88,88,88,88,88,88,88,88,88,88,88,88,88,88,88,88,88,88,88,88,88,88,88,88,88,88,88,88,88,88,88,88,88,88,88,88,88,88,88,88,88,88,88,88,88,88,88,88,88],"card_choices":[{"not_picked":["Wild Strike","Anger","Perfected Strike"],"picked":"SKIP","floor":1},{"not_picked":["Armaments","Sword Boomerang"],"picked":"True Grit","floor":2},{"not_picked":["Sword Boomerang","Armaments","Combust"],"picked":"SKIP","floor":3},{"not_picked":["Heavy Blade","Sword Boomerang"],"picked":"Flame Barrier","floor":7},{"not_picked":["Intimidate","Wild Strike","Havoc"],"picked":"SKIP","floor":10},{"not_picked":["Headbutt","Uppercut"],"picked":"Offering","floor":11},{"not_picked":["Wild Strike","Iron Wave"],"picked":"Flame Barrier","floor":12},{"not_picked":["Twin Strike","Anger","Uppercut"],"picked":"SKIP","floor":14},{"not_picked":["Demon Form","Fiend Fire"],"picked":"Juggernaut","floor":16},{"not_picked":["Cleave","Thunderclap"],"picked":"Flame Barrier","floor":18},{"not_picked":["Pommel Strike","Twin Strike","Armaments"],"picked":"SKIP","floor":22},{"not_picked":["Twin Strike","Battle Trance+1"],"picked":"Shrug It Off+1","floor":23},{"not_picked":["Thunderclap+1","Clash+1","Hemokinesis"],"picked":"SKIP","floor":25},{"not_picked":["Heavy Blade+1","Hemokinesis+1","Perfected Strike"],"picked":"SKIP","floor":29},{"not_picked":["Dropkick","Iron Wave+1"],"picked":"Disarm+1","floor":31},{"not_picked":["Bludgeon","Brutality"],"picked":"Barricade","floor":33},{"not_picked":["Havoc+1","Heavy Blade"],"picked":"True Grit+1","floor":35},{"not_picked":["Havoc+1","Rage"],"picked":"Evolve+1","floor":37},{"not_picked":["Carnage+1","Feed","Twin Strike"],"picked":"SKIP","floor":41},{"not_picked":["Carnage+1","Inflame","Flex"],"picked":"SKIP","floor":46},{"not_picked":["Inflame","Sword Boomerang+1","Clothesline+1"],"picked":"SKIP","floor":47},{"not_picked":["Warcry","Iron Wave+1","Spot Weakness"],"picked":"SKIP","floor":48},{"not_picked":["Clash+1","Rupture+1","Wild Strike+1"],"picked":"SKIP","floor":54}],"player_experience":326368,"relics_obtained":[{"floor":9,"key":"Pantograph"},{"floor":12,"key":"The Courier"},{"floor":23,"key":"Shuriken"},{"floor":25,"key":"Juzu Bracelet"},{"floor":41,"key":"Happy Flower"},{"floor":43,"key":"Molten Egg 2"},{"floor":54,"key":"StoneCalendar"}],"event_choices":[{"damage_healed":0,"gold_gain":75,"player_choice":"Gather Gold","damage_taken":11,"max_hp_gain":0,"max_hp_loss":0,"event_name":"World of Goop","floor":13,"gold_loss":0},{"damage_healed":0,"gold_gain":0,"player_choice":"Opened","damage_taken":0,"relics_obtained":["MawBank"],"max_hp_gain":0,"max_hp_loss":0,"event_name":"The Mausoleum","floor":19,"gold_loss":0,"cards_obtained":["Writhe"]},{"cards_removed":["Strike_R"],"damage_healed":0,"gold_gain":0,"player_choice":"Elegance","damage_taken":0,"max_hp_gain":0,"max_hp_loss":0,"event_name":"Back to Basics","floor":21,"gold_loss":0},{"damage_healed":0,"gold_gain":99,"player_choice":"Stole From Cult","damage_taken":0,"max_hp_gain":0,"max_hp_loss":0,"event_name":"Nest","floor":27,"gold_loss":0},{"cards_removed":["Strike_R"],"damage_healed":0,"gold_gain":0,"player_choice":"Removed Attack","damage_taken":0,"max_hp_gain":0,"max_hp_loss":0,"event_name":"Falling","floor":39,"gold_loss":0},{"damage_healed":0,"gold_gain":0,"player_choice":"Ignored","damage_taken":0,"max_hp_gain":0,"max_hp_loss":0,"event_name":"Tomb of Lord Red Mask","floor":44,"gold_loss":0}],"is_beta":false,"boss_relics":[{"not_picked":["Eternal Feather","Black Blood"],"picked":"Cursed Key"},{"not_picked":["Orrery","Calling Bell"],"picked":"Velvet Choker"}],"items_purged_floors":[4,20,36,38,53],"is_endless":false,"potions_floor_spawned":[2,10,14,23,25,31,35,37],"ascension_level":0}