{"gold_per_floor":[110,110,127,127,147,175,175,192,492,525,525],"floor_reached":11,"playtime":1024,"items_purged":[],"score":133,"play_id":"feccd4af-2422-47cb-8001-7ae77cf2bb20","local_time":"20190531080141","is_ascension_mode":true,"campfire_choices":[{"data":"Uppercut","floor":7,"key":"SMITH"}],"neow_cost":"PERCENT_DAMAGE","seed_source_timestamp":1051429466618157,"circlet_count":0,"master_deck":["AscendersBane","Strike_R","Strike_R","Strike_R","Defend_R","Defend_R","Defend_R","Defend_R","Bash","Carnage","Uppercut+1","Uppercut","Spot Weakness","Exhume"],"special_seed":0,"relics":["Burning Blood","Turnip","Mercury Hourglass","Old Coin","Ice Cream"],"potions_floor_usage":[11],"damage_taken":[{"damage":7.0,"enemies":"Small Slimes","floor":1.0,"turns":4.0},{"damage":1.0,"enemies":"Cultist","floor":3.0,"turns":4.0},{"damage":2.0,"enemies":"Jaw Worm","floor":5.0,"turns":4.0},{"damage":20.0,"enemies":"3 Sentries","floor":6.0,"turns":14.0},{"damage":17,"enemies":"Lots of Slimes","floor":8,"turns":4},{"damage":26,"enemies":"Gremlin Nob","floor":10,"turns":4},{"damage":16,"enemies":"Exordium Thugs","floor":11,"turns":4}],"seed_played":"747096742630752800","potions_obtained":[{"floor":3.0,"key":"PowerPotion"},{"floor":10,"key":"Dexterity Potion"}],"is_trial":false,"path_per_floor":["M","?","M","?","M","E","R","M","T","E","M"],"character_chosen":"IRONCLAD","items_purchased":[],"campfire_rested":0,"item_purchase_floors":[],"current_hp_per_floor":[50,50,55,55,59,45,45,34,34,14,0],"gold":525,"neow_bonus":"ONE_RARE_RELIC","is_prod":false,"is_daily":false,"chose_seed":false,"campfire_upgraded":1,"win_rate":0,"timestamp":1559269901,"path_taken":["M","?","?","?","?","E","R","M","T","E","M"],"build_version":"2019-01-23","purchased_purges":0,"victory":false,"max_hp_per_floor":[80,80,80,80,80,80,80,80,80,80,80],"card_choices":[{"not_picked":["Iron Wave","Rupture"],"picked":"Carnage","floor":1.0},{"not_picked":["Pommel Strike","Clash","Thunderclap"],"picked":"SKIP","floor":3.0},{"not_picked":["Warcry","Shrug It Off"],"picked":"Uppercut","floor":5.0},{"not_picked":["Flex","Havoc"],"picked":"Uppercut","floor":6},{"not_picked":["Hemokinesis","Havoc"],"picked":"Spot Weakness","floor":8},{"not_picked":["Wild Strike","Power Through"],"picked":"Exhume","floor":10}],"player_experience":993717,"relics_obtained":[{"floor":6,"key":"Mercury Hourglass"},{"floor":9,"key":"Old Coin"},{"floor":10,"key":"Ice Cream"}],"event_choices":[{"cards_removed":["Strike_R"],"damage_healed":0.0,"max_hp_gain":0.0,"max_hp_loss":0.0,"gold_gain":0.0,"event_name":"Purifier","player_choice":"Purged","floor":2.0,"gold_loss":0.0,"damage_taken":0.0},{"cards_removed":["Strike_R"],"damage_healed":0.0,"max_hp_gain":0.0,"max_hp_loss":0.0,"gold_gain":0.0,"event_name":"Bonfire Elementals","player_choice":"Offered Basic","floor":4.0,"gold_loss":0.0,"damage_taken":0.0}],"is_beta":false,"boss_relics":[],"items_purged_floors":[],"is_endless":false,"potions_floor_spawned":[3,10],"killed_by":"Exordium Thugs","ascension_level":12}