{"gold_per_floor":[118,129,144,158,158,191,241,279,356,60,60,78,78,91,91,214,214,228,248,272,296,14,14,57,72,126,126,170,170,194,219,219,339,339,353,686,705,60,76,76,96,129,129,0,28,70,100,14,14,14],"floor_reached":51,"playtime":3893,"items_purged":["Strike_R"],"score":813,"play_id":"711047d4-2622-485e-a501-75587a771aa4","local_time":"20190224194730","is_ascension_mode":false,"campfire_choices":[{"floor":11,"key":"REST"},{"data":"Demon Form","floor":13,"key":"SMITH"},{"data":"Flame Barrier","floor":15,"key":"SMITH"},{"floor":23,"key":"REST"},{"floor":27,"key":"REST"},{"floor":29,"key":"REST"},{"floor":32,"key":"REST"},{"data":"Limit Break","floor":40,"key":"SMITH"},{"floor":49,"key":"REST"}],"neow_cost":"NONE","seed_source_timestamp":1029078879435932,"circlet_count":0,"master_deck":["Strike_R","Strike_R","Strike_R","Strike_R","Defend_R","Defend_R","Defend_R","Defend_R","Bash","Warcry","Heavy Blade","Heavy Blade","Demon Form+1","Flame Barrier+1","Sentinel","Cleave","Spot Weakness","Infernal Blade","Immolate","Iron Wave","Flex+1","Heavy Blade+1","Shrug It Off","Carnage","Violence","True Grit","Juggernaut","Sentinel","Feel No Pain","Body Slam+1","Heavy Blade","Heavy Blade","Heavy Blade","Heavy Blade","Limit Break+1","Body Slam+1","Shrug It Off","Bandage Up","Parasite","Burning Pact+1","Armaments","Double Tap","Shame","Inflame+1","Metallicize","Cleave+1","Heavy Blade"],"relics":["Burning Blood","Sundial","Red Skull","Dream Catcher","Matryoshka","Incense Burner","Velvet Choker","Bottled Flame","Anchor","Regal Pillow","Bird Faced Urn","Cursed Key","Lee\u0027s Waffle","FossilizedHelix","Ancient Tea Set","MawBank","Paper Frog","Red Mask","Kunai"],"potions_floor_usage":[6,28,46,50],"damage_taken":[{"damage":10,"enemies":"Small Slimes","floor":1,"turns":4},{"damage":11,"enemies":"Jaw Worm","floor":2,"turns":5},{"damage":10,"enemies":"Cultist","floor":3,"turns":4},{"damage":10,"enemies":"Exordium Wildlife","floor":4,"turns":4},{"damage":21,"enemies":"3 Sentries","floor":6,"turns":6},{"damage":13,"enemies":"Lagavulin","floor":8,"turns":5},{"damage":6,"enemies":"2 Fungi Beasts","floor":12,"turns":3},{"damage":12,"enemies":"Gremlin Gang","floor":14,"turns":4},{"damage":34,"enemies":"Hexaghost","floor":16,"turns":7},{"damage":25,"enemies":"Shell Parasite","floor":18,"turns":5},{"damage":20,"enemies":"Spheric Guardian","floor":19,"turns":4},{"damage":32,"enemies":"Centurion and Healer","floor":20,"turns":6},{"damage":0,"enemies":"Snake Plant","floor":21,"turns":2},{"damage":20,"enemies":"Slavers","floor":24,"turns":5},{"damage":19,"enemies":"Shelled Parasite and Fungi","floor":25,"turns":3},{"damage":53,"enemies":"Gremlin Leader","floor":28,"turns":7},{"damage":12,"enemies":"Snecko","floor":30,"turns":6},{"damage":14,"enemies":"Snake Plant","floor":31,"turns":3},{"damage":25,"enemies":"Champ","floor":33,"turns":8},{"damage":45,"enemies":"3 Darklings","floor":35,"turns":4},{"damage":8,"enemies":"Orb Walker","floor":37,"turns":3},{"damage":37,"enemies":"Writhing Mass","floor":39,"turns":7},{"damage":0,"enemies":"Sphere and 2 Shapes","floor":41,"turns":7},{"damage":49,"enemies":"Reptomancer","floor":42,"turns":5},{"damage":0,"enemies":"4 Shapes","floor":45,"turns":2},{"damage":47,"enemies":"Nemesis","floor":46,"turns":7},{"damage":0,"enemies":"Transient","floor":47,"turns":5},{"damage":68,"enemies":"Donu and Deca","floor":50,"turns":8}],"seed_played":"-8474266973770239521","potions_obtained":[{"floor":1,"key":"AttackPotion"},{"floor":4,"key":"LiquidBronze"},{"floor":14,"key":"GamblersBrew"},{"floor":18,"key":"SpeedPotion"},{"floor":24,"key":"Regen Potion"},{"floor":30,"key":"FearPotion"},{"floor":46,"key":"Ancient Potion"}],"is_trial":false,"path_per_floor":["?","T","?","?"],"character_chosen":"IRONCLAD","items_purchased":["Incense Burner","Shrug It Off","Carnage","Violence","Lee\u0027s Waffle","Shrug It Off","FossilizedHelix","Bandage Up","Heavy Blade"],"campfire_rested":6,"item_purchase_floors":[10,22,22,22,38,38,38,38,48],"current_hp_per_floor":[84,79,75,71,71,56,56,49,49,49,73,73,73,67,67,39,81,62,48,22,28,28,52,38,25,25,64,22,61,57,51,81,63,81,44,44,44,88,63,63,79,40,40,40,46,17,27,27,68,20],"gold":14,"neow_bonus":"TEN_PERCENT_HP_BONUS","is_prod":false,"is_daily":false,"chose_seed":false,"campfire_upgraded":3,"win_rate":0,"timestamp":1551055650,"path_taken":["M","M","M","M","?","E","?","E","T","$","R","M","R","M","R","BOSS","M","M","M","M","$","R","E","M","T","R","E","R","M","M","R","BOSS","M","?","M","$","M","R","M","E","T","?","M","E","M","$","R","BOSS"],"build_version":"2019-01-23","purchased_purges":1,"victory":true,"max_hp_per_floor":[88,88,88,88,81,81,81,81,81,81,81,81,81,81,81,81,81,81,81,81,81,81,81,81,81,81,81,81,81,81,81,81,81,81,81,81,81,88,88,88,88,88,88,88,88,88,88,88,88,88],"card_choices":[{"not_picked":["True Grit","Havoc"],"picked":"Warcry","floor":1},{"not_picked":["Body Slam","Sentinel"],"picked":"Heavy Blade","floor":2},{"not_picked":["True Grit","Cleave"],"picked":"Heavy Blade","floor":3},{"not_picked":["Flame Barrier","Cleave"],"picked":"Demon Form","floor":4},{"not_picked":["Rampage","Intimidate"],"picked":"Flame Barrier","floor":6},{"not_picked":["Perfected Strike","Wild Strike"],"picked":"Sentinel","floor":8},{"not_picked":["Warcry","Thunderclap"],"picked":"Cleave","floor":11},{"not_picked":["Feel No Pain","Clash"],"picked":"Spot Weakness","floor":12},{"not_picked":["Warcry","Intimidate"],"picked":"Infernal Blade","floor":14},{"not_picked":["Demon Form","Fiend Fire"],"picked":"Immolate","floor":16},{"not_picked":["Reckless Charge","Sword Boomerang+1","Thunderclap"],"picked":"SKIP","floor":18},{"not_picked":["Twin Strike","Sword Boomerang"],"picked":"Iron Wave","floor":19},{"not_picked":["Havoc","Reckless Charge"],"picked":"Flex+1","floor":20},{"not_picked":["Flex+1","Anger"],"picked":"Heavy Blade+1","floor":21},{"not_picked":["Feel No Pain","Havoc"],"picked":"True Grit","floor":23},{"not_picked":["Perfected Strike","Shockwave+1"],"picked":"Juggernaut","floor":24},{"not_picked":["Entrench+1","Cleave+1"],"picked":"Sentinel","floor":25},{"not_picked":["Body Slam","Pummel"],"picked":"Feel No Pain","floor":27},{"not_picked":["Thunderclap","Havoc"],"picked":"Body Slam+1","floor":28},{"not_picked":["True Grit","Havoc+1"],"picked":"Heavy Blade","floor":29},{"not_picked":["Shockwave+1","Thunderclap"],"picked":"Heavy Blade","floor":30},{"not_picked":["Exhume","Warcry"],"picked":"Heavy Blade","floor":31},{"not_picked":["Twin Strike","Fire Breathing"],"picked":"Heavy Blade","floor":32},{"not_picked":["Brutality","Juggernaut"],"picked":"Limit Break","floor":33},{"not_picked":["Disarm","Wild Strike+1"],"picked":"Body Slam+1","floor":35},{"not_picked":["Wild Strike+1","Rupture","Anger"],"picked":"SKIP","floor":37},{"not_picked":["Fire Breathing","Entrench"],"picked":"Burning Pact+1","floor":39},{"not_picked":["Iron Wave+1","Warcry"],"picked":"Armaments","floor":41},{"not_picked":["Clothesline+1","Second Wind+1"],"picked":"Double Tap","floor":42},{"not_picked":["Carnage+1","Heavy Blade"],"picked":"Inflame+1","floor":45},{"not_picked":["Flex+1","Headbutt"],"picked":"Metallicize","floor":46},{"not_picked":["Anger+1","Body Slam"],"picked":"Cleave+1","floor":47}],"player_experience":200201,"relics_obtained":[{"floor":6,"key":"Sundial"},{"floor":7,"key":"Red Skull"},{"floor":8,"key":"Dream Catcher"},{"floor":9,"key":"Matryoshka"},{"floor":24,"key":"Bottled Flame"},{"floor":26,"key":"Anchor"},{"floor":26,"key":"Regal Pillow"},{"floor":28,"key":"Bird Faced Urn"},{"floor":42,"key":"Ancient Tea Set"},{"floor":43,"key":"MawBank"},{"floor":43,"key":"Paper Frog"},{"floor":46,"key":"Kunai"}],"event_choices":[{"damage_healed":0,"gold_gain":0,"player_choice":"Lose Max HP","damage_taken":0,"relics_obtained":["Golden Idol"],"max_hp_gain":0,"max_hp_loss":7,"event_name":"Golden Idol","floor":5,"gold_loss":0},{"damage_healed":0,"gold_gain":333,"player_choice":"Gave Idol","damage_taken":0,"max_hp_gain":0,"max_hp_loss":0,"event_name":"The Moai Head","floor":36,"relics_lost":["Golden Idol"],"gold_loss":0},{"damage_healed":0,"gold_gain":0,"player_choice":"Paid","damage_taken":0,"relics_obtained":["Red Mask"],"max_hp_gain":0,"max_hp_loss":0,"event_name":"Tomb of Lord Red Mask","floor":44,"gold_loss":141}],"is_beta":false,"boss_relics":[{"not_picked":["Tiny House","Runic Cube"],"picked":"Velvet Choker"},{"not_picked":["Empty Cage","Pandora\u0027s Box"],"picked":"Cursed Key"}],"items_purged_floors":[48],"is_endless":false,"potions_floor_spawned":[1,4,14,18,24,30,31,33,39,41,46],"ascension_level":0}