{"gold_per_floor":[113,126,137,137,148,148,174,174,174,174,174,194,194,208,208,208],"floor_reached":16,"playtime":337,"items_purged":[],"score":168,"play_id":"5fcf4a27-97b8-4e94-8417-bff8b94d7c79","local_time":"20190406002204","is_ascension_mode":true,"campfire_choices":[{"data":"Body Slam","floor":6,"key":"SMITH"},{"data":"True Grit","floor":8,"key":"SMITH"},{"data":"Entrench","floor":10,"key":"SMITH"},{"floor":13,"key":"REST"},{"data":"Bash","floor":15,"key":"SMITH"}],"neow_cost":"NONE","seed_source_timestamp":1559365770640361,"circlet_count":0,"master_deck":["AscendersBane","Strike_R","Strike_R","Strike_R","Strike_R","Strike_R","Defend_R","Defend_R","Defend_R","Defend_R","Bash+1","Body Slam+1","Entrench+1","Disarm","Flash of Steel","Shrug It Off","Power Through+1","Warcry+1","True Grit+1","Inflame"],"special_seed":0,"relics":["Burning Blood","NeowsBlessing","Centennial Puzzle","Paper Frog"],"potions_floor_usage":[16],"damage_taken":[{"damage":0.0,"enemies":"Cultist","floor":1.0,"turns":1.0},{"damage":0.0,"enemies":"Small Slimes","floor":2.0,"turns":1.0},{"damage":0.0,"enemies":"2 Louse","floor":3.0,"turns":1.0},{"damage":22,"enemies":"Looter","floor":5,"turns":4},{"damage":45,"enemies":"3 Sentries","floor":7,"turns":12},{"damage":7,"enemies":"2 Fungi Beasts","floor":12,"turns":5},{"damage":5,"enemies":"Exordium Wildlife","floor":14,"turns":5},{"damage":40,"enemies":"Slime Boss","floor":16,"turns":6}],"seed_played":"3974836915158935898","potions_obtained":[{"floor":1.0,"key":"EssenceOfSteel"},{"floor":2.0,"key":"Regen Potion"}],"is_trial":false,"path_per_floor":["M","M","M","?","M","R","E","R","T","R","?","M","R","M","R","B"],"character_chosen":"IRONCLAD","items_purchased":[],"campfire_rested":1,"item_purchase_floors":[],"current_hp_per_floor":[78,80,80,80,64,64,25,25,25,25,9,8,32,33,33,0],"gold":208,"neow_bonus":"THREE_ENEMY_KILL","is_prod":false,"is_daily":false,"chose_seed":false,"campfire_upgraded":4,"win_rate":0,"timestamp":1554477724,"path_taken":["M","M","?","?","?","R","E","R","T","R","?","M","R","M","R","BOSS"],"build_version":"2019-01-23","purchased_purges":0,"victory":false,"max_hp_per_floor":[80,80,80,80,80,80,80,80,80,80,80,80,80,80,80,80],"card_choices":[{"not_picked":["Corruption","Metallicize"],"picked":"Body Slam","floor":1.0},{"not_picked":["Hemokinesis","Heavy Blade"],"picked":"Entrench","floor":2.0},{"not_picked":["Body Slam","Bloodletting"],"picked":"Disarm","floor":3.0},{"not_picked":["Pommel Strike","Blood for Blood"],"picked":"Warcry","floor":5},{"not_picked":["Burning Pact","Feed"],"picked":"True Grit","floor":7},{"not_picked":["Clash","Thunderclap","True Grit"],"picked":"SKIP","floor":12},{"not_picked":["Blood for Blood","Clash"],"picked":"Inflame","floor":14}],"player_experience":421159,"relics_obtained":[{"floor":7,"key":"Centennial Puzzle"},{"floor":9,"key":"Paper Frog"}],"event_choices":[{"damage_healed":0,"gold_gain":0,"player_choice":"3 cards matched","damage_taken":0,"max_hp_gain":0,"max_hp_loss":0,"event_name":"Match and Keep!","floor":4,"gold_loss":0,"cards_obtained":["Flash of Steel","Shrug It Off","Power Through"]},{"damage_healed":0,"gold_gain":0,"player_choice":"Entered Light","damage_taken":16,"max_hp_gain":0,"max_hp_loss":0,"event_name":"Shining Light","floor":11,"gold_loss":0,"cards_upgraded":["Warcry","Power Through"]}],"is_beta":false,"boss_relics":[],"items_purged_floors":[],"is_endless":false,"potions_floor_spawned":[1,2,5,14],"killed_by":"Slime Boss","ascension_level":13}