{"gold_per_floor":[363,383,81,81,93,120,130,130,154,172,188,188,217,230,230,329,329,349,448,548,63,75,107,47,81,107,119,40,40,71,71],"floor_reached":31,"playtime":6494,"items_purged":["Writhe","Strike_G"],"score":554,"play_id":"72b4749d-5e23-45f8-83a6-15981a3ced31","local_time":"20190527141600","is_ascension_mode":true,"campfire_choices":[{"data":"Crippling Poison","floor":12.0,"key":"SMITH"},{"data":"Footwork","floor":15.0,"key":"SMITH"},{"data":"After Image","floor":27,"key":"SMITH"}],"neow_cost":"CURSE","seed_source_timestamp":722318312182059,"circlet_count":0,"master_deck":["Defend_G","Defend_G","Defend_G","Defend_G","Defend_G","Survivor","Neutralize","Bouncing Flask","Backflip","Well Laid Plans","Crippling Poison+1","Leg Sweep","Deadly Poison","Footwork+1","Footwork","After Image+1","Backstab","Noxious Fumes","Noxious Fumes","All Out Attack+1","Dagger Spray","Underhanded Strike","Noxious Fumes","A Thousand Cuts","Blur","Bouncing Flask"],"special_seed":0,"relics":["Ring of the Snake","TwistedFunnel","Pear","Blue Candle","Ancient Tea Set","Letter Opener","Coffee Dripper","Prayer Wheel","Bottled Tornado","Matryoshka","Lantern","Orichalcum","Boot","MawBank","Ginger"],"potions_floor_usage":[23,23,25,30,31],"damage_taken":[{"damage":0.0,"enemies":"Cultist","floor":1.0,"turns":6.0},{"damage":3.0,"enemies":"Jaw Worm","floor":2.0,"turns":4.0},{"damage":0.0,"enemies":"Small Slimes","floor":5.0,"turns":3.0},{"damage":18.0,"enemies":"Gremlin Nob","floor":6.0,"turns":3.0},{"damage":9.0,"enemies":"Exordium Thugs","floor":7.0,"turns":4.0},{"damage":0.0,"enemies":"Exordium Wildlife","floor":10.0,"turns":5.0},{"damage":8.0,"enemies":"Looter","floor":11.0,"turns":3.0},{"damage":7.0,"enemies":"Lagavulin","floor":13.0,"turns":5.0},{"damage":0.0,"enemies":"2 Fungi Beasts","floor":14.0,"turns":2.0},{"damage":0.0,"enemies":"The Guardian","floor":16.0,"turns":8.0},{"damage":0.0,"enemies":"Chosen","floor":18.0,"turns":5.0},{"damage":0.0,"enemies":"Colosseum Slavers","floor":20.0,"turns":5.0},{"damage":1.0,"enemies":"Colosseum Nobs","floor":20.0,"turns":6.0},{"damage":9.0,"enemies":"3 Byrds","floor":22.0,"turns":4.0},{"damage":28,"enemies":"Book of Stabbing","floor":23,"turns":5},{"damage":18,"enemies":"Slavers","floor":25,"turns":5},{"damage":9,"enemies":"Gremlin Leader","floor":30,"turns":5},{"damage":12,"enemies":"Centurion and Healer","floor":31,"turns":5}],"seed_played":"4274946232312007590","potions_obtained":[{"floor":1.0,"key":"FearPotion"},{"floor":10.0,"key":"SkillPotion"},{"floor":14.0,"key":"GhostInAJar"},{"floor":16.0,"key":"GhostInAJar"},{"floor":20.0,"key":"EssenceOfSteel"},{"floor":22.0,"key":"FearPotion"},{"floor":23,"key":"AttackPotion"},{"floor":25,"key":"Dexterity Potion"}],"is_trial":false,"path_per_floor":["M","M","$","?","M","E","M","T","T","M","M","R","E","M","R","B",null,"M","?","?","$","M","E","?","E","T","R","$","?","E","M"],"character_chosen":"THE_SILENT","items_purchased":["Well Laid Plans","TwistedFunnel","Noxious Fumes","Matryoshka","Swift Potion","Noxious Fumes","SkillPotion"],"campfire_rested":0,"item_purchase_floors":[3,3,21,21,21,28,28],"current_hp_per_floor":[63,60,60,65,65,57,48,48,48,48,40,40,33,33,33,33,72,72,72,71,71,62,34,34,16,16,16,16,16,7,0],"gold":71,"neow_bonus":"TWO_FIFTY_GOLD","is_prod":false,"is_daily":false,"chose_seed":false,"campfire_upgraded":3,"win_rate":0,"timestamp":1558946760,"path_taken":["M","?","$","?","M","E","M","?","T","?","?","R","E","M","R","BOSS","M","?","?","$","?","E","?","E","T","R","?","?","E","M"],"build_version":"2019-01-23","purchased_purges":2,"victory":false,"max_hp_per_floor":[70,70,70,75,75,85,85,85,85,85,85,85,85,85,85,85,85,85,85,85,85,85,85,85,85,85,85,85,85,85,85],"card_choices":[{"not_picked":["Dagger Spray","Outmaneuver"],"picked":"Bouncing Flask","floor":1.0},{"not_picked":["Quick Slash","Slice"],"picked":"Backflip","floor":2.0},{"not_picked":["Outmaneuver","Deflect","Slice"],"picked":"SKIP","floor":5.0},{"not_picked":["Backflip","Heel Hook"],"picked":"Crippling Poison","floor":6.0},{"not_picked":["Blade Dance","Predator"],"picked":"Leg Sweep","floor":7.0},{"not_picked":["Backflip","Outmaneuver"],"picked":"Deadly Poison","floor":10.0},{"not_picked":["Backflip","Outmaneuver","Slice"],"picked":"SKIP","floor":11.0},{"not_picked":["Skewer","Blur"],"picked":"Footwork","floor":13.0},{"not_picked":["Deadly Poison","Terror"],"picked":"Footwork","floor":14.0},{"not_picked":["Tools of the Trade","Grand Finale"],"picked":"After Image","floor":16.0},{"not_picked":["Prepared+1","Tactician"],"picked":"Backstab","floor":18.0},{"not_picked":["Flying Knee","Expertise"],"picked":"Noxious Fumes","floor":20.0},{"not_picked":["Cloak And Dagger","Underhanded Strike"],"picked":"All Out Attack+1","floor":22.0},{"not_picked":["Accuracy","Slice","Sucker Punch"],"picked":"SKIP","floor":22.0},{"not_picked":["Caltrops","Dagger Throw","Quick Slash"],"picked":"SKIP","floor":23},{"not_picked":["Deflect","Expertise","Blade Dance"],"picked":"SKIP","floor":25},{"not_picked":["Venomology","Poisoned Stab"],"picked":"Bouncing Flask","floor":30}],"player_experience":832285,"relics_obtained":[{"floor":6.0,"key":"Pear"},{"floor":8.0,"key":"Blue Candle"},{"floor":9.0,"key":"Ancient Tea Set"},{"floor":13.0,"key":"Letter Opener"},{"floor":20.0,"key":"Prayer Wheel"},{"floor":20.0,"key":"Bottled Tornado"},{"floor":23,"key":"Lantern"},{"floor":25,"key":"Orichalcum"},{"floor":26,"key":"Boot"},{"floor":26,"key":"MawBank"},{"floor":30,"key":"Ginger"}],"event_choices":[{"damage_healed":0.0,"max_hp_gain":5.0,"max_hp_loss":0.0,"gold_gain":0.0,"event_name":"Big Fish","player_choice":"Donut","floor":4.0,"gold_loss":0.0,"damage_taken":0.0},{"damage_healed":0.0,"max_hp_gain":0.0,"max_hp_loss":0.0,"gold_gain":99.0,"event_name":"Nest","player_choice":"Stole From Cult","floor":19.0,"gold_loss":0.0,"damage_taken":0.0},{"damage_healed":0.0,"max_hp_gain":0.0,"max_hp_loss":0.0,"gold_gain":0.0,"event_name":"Colosseum","player_choice":"Fight","floor":20.0,"gold_loss":0.0,"damage_taken":0.0},{"damage_healed":0.0,"max_hp_gain":0.0,"max_hp_loss":0.0,"gold_gain":0.0,"event_name":"Colosseum","player_choice":"Fought Nobs","floor":20.0,"gold_loss":0.0,"damage_taken":0.0},{"damage_healed":0,"gold_gain":0,"cards_transformed":["Strike_G","Strike_G"],"player_choice":"Transformed Cards","damage_taken":0,"max_hp_gain":0,"max_hp_loss":0,"event_name":"Designer","floor":24,"gold_loss":60,"cards_obtained":["Dagger Spray","Underhanded Strike"]},{"damage_healed":0,"gold_gain":0,"cards_transformed":["Strike_G","Strike_G"],"player_choice":"Became Test Subject","damage_taken":0,"max_hp_gain":0,"max_hp_loss":0,"event_name":"Drug Dealer","floor":29,"gold_loss":0,"cards_obtained":["A Thousand Cuts","Blur"]}],"is_beta":false,"boss_relics":[{"not_picked":["Astrolabe","Velvet Choker"],"picked":"Coffee Dripper"}],"items_purged_floors":[3,21],"is_endless":false,"potions_floor_spawned":[1,10,14,16,20,22,23,25],"killed_by":"Centurion and Healer","ascension_level":8}