{"gold_per_floor":[110,285,297,316,326,326,346,365,389,40,40,40,60,83,83,211,211,227,227,240,52,72,72,72],"floor_reached":24,"playtime":1786,"items_purged":["Doubt","Crippling Poison"],"score":192,"play_id":"8fc24023-d4e2-4cb0-9416-a56e60fbbe1b","local_time":"20190502190948","is_ascension_mode":false,"campfire_choices":[{"floor":12,"key":"REST"},{"floor":15,"key":"REST"},{"data":"Infinite Blades","floor":23,"key":"SMITH"}],"neow_cost":"NONE","seed_source_timestamp":1702330558687,"circlet_count":0,"master_deck":["Defend_G+1","Defend_G","Defend_G+1","Defend_G","Defend_G","Strike_G","Strike_G","Strike_G+1","Survivor","Neutralize+1","Skewer+1","Accuracy","Blade Dance+1","Acrobatics","Infinite Blades+1","Flying Knee","Phantasmal Killer","Unload","All Out Attack+1","Accuracy","Footwork","Flying Knee"],"relics":["Empty Cage","Whetstone","Membership Card","Oddly Smooth Stone","Golden Idol","WristBlade","War Paint"],"potions_floor_usage":[8,8,16,18,18],"damage_taken":[{"damage":0,"enemies":"2 Louse","floor":1,"turns":3},{"damage":2,"enemies":"Small Slimes","floor":3,"turns":4},{"damage":3,"enemies":"Jaw Worm","floor":4,"turns":6},{"damage":8,"enemies":"Lots of Slimes","floor":5,"turns":4},{"damage":4,"enemies":"Gremlin Gang","floor":7,"turns":6},{"damage":7,"enemies":"Blue Slaver","floor":8,"turns":2},{"damage":16,"enemies":"Exordium Thugs","floor":13,"turns":4},{"damage":0,"enemies":"3 Louse","floor":14,"turns":5},{"damage":1,"enemies":"Slime Boss","floor":16,"turns":7},{"damage":2,"enemies":"3 Byrds","floor":18,"turns":4},{"damage":1,"enemies":"Chosen","floor":20,"turns":3},{"damage":1,"enemies":"Snecko","floor":22,"turns":4},{"damage":51,"enemies":"Slavers","floor":24,"turns":5}],"seed_played":"663872777868701840","potions_obtained":[{"floor":4,"key":"Swift Potion"},{"floor":5,"key":"AttackPotion"},{"floor":7,"key":"SkillPotion"},{"floor":13,"key":"LiquidBronze"},{"floor":14,"key":"Fire Potion"},{"floor":16,"key":"Block Potion"},{"floor":18,"key":"GamblersBrew"}],"is_trial":false,"path_per_floor":["?","?","?","?"],"character_chosen":"THE_SILENT","items_purchased":["Membership Card","Oddly Smooth Stone","Flying Knee","Footwork","War Paint","Flying Knee"],"campfire_rested":2,"item_purchase_floors":[10,10,10,21,21,21],"current_hp_per_floor":[70,70,68,65,57,43,39,32,32,32,32,51,35,35,54,53,65,63,63,62,62,61,61,10],"gold":72,"neow_bonus":"BOSS_RELIC","is_prod":false,"is_daily":false,"chose_seed":false,"campfire_upgraded":1,"win_rate":0,"timestamp":1556838588,"path_taken":["M","?","M","M","M","?","M","M","T","$","?","R","M","M","R","BOSS","M","?","M","$","M","R","E"],"build_version":"2019-01-23","purchased_purges":2,"victory":false,"max_hp_per_floor":[70,70,70,70,70,70,70,70,70,70,65,65,65,65,65,65,65,65,65,65,65,65,65,65],"card_choices":[{"not_picked":["Deadly Poison","Slice"],"picked":"Skewer","floor":1},{"not_picked":["Setup","Dagger Throw"],"picked":"Crippling Poison","floor":3},{"not_picked":["Slice","Bane"],"picked":"Accuracy","floor":4},{"not_picked":["Prepared","Quick Slash"],"picked":"Blade Dance","floor":5},{"not_picked":["Leg Sweep","Flying Knee"],"picked":"Acrobatics","floor":7},{"not_picked":["Riddle With Holes","Dagger Spray"],"picked":"Infinite Blades","floor":8},{"not_picked":["Acrobatics","Sucker Punch","Underhanded Strike"],"picked":"SKIP","floor":13},{"not_picked":["Skewer","Outmaneuver"],"picked":"Phantasmal Killer","floor":14},{"not_picked":["Envenom","Glass Knife"],"picked":"Unload","floor":16},{"not_picked":["Setup","Underhanded Strike"],"picked":"All Out Attack+1","floor":18},{"not_picked":["Bouncing Flask","Crippling Poison","Poisoned Stab"],"picked":"SKIP","floor":20},{"not_picked":["Bouncing Flask","Crippling Poison","Poisoned Stab"],"picked":"SKIP","floor":20},{"not_picked":["Dodge and Roll+1","Dagger Throw+1","Deflect"],"picked":"SKIP","floor":22}],"player_experience":456679,"relics_obtained":[{"floor":9,"key":"Whetstone"}],"event_choices":[{"damage_healed":0,"gold_gain":175,"player_choice":"AGREE","damage_taken":0,"max_hp_gain":0,"max_hp_loss":0,"event_name":"Liars Game","floor":2,"gold_loss":0,"cards_obtained":["Doubt"]},{"damage_healed":0,"gold_gain":0,"player_choice":"Entered Light","damage_taken":14,"max_hp_gain":0,"max_hp_loss":0,"event_name":"Shining Light","floor":6,"gold_loss":0,"cards_upgraded":["Skewer","Blade Dance"]},{"damage_healed":0,"gold_gain":0,"player_choice":"Lose Max HP","damage_taken":0,"relics_obtained":["Golden Idol"],"max_hp_gain":0,"max_hp_loss":5,"event_name":"Golden Idol","floor":11,"gold_loss":0},{"damage_healed":0,"gold_gain":0,"player_choice":"Read","damage_taken":0,"max_hp_gain":0,"max_hp_loss":0,"event_name":"The Library","floor":19,"gold_loss":0,"cards_obtained":["Accuracy"]}],"is_beta":false,"boss_relics":[{"not_picked":["Lizard Tail","Busted Crown"],"picked":"WristBlade"}],"items_purged_floors":[10,21],"is_endless":false,"potions_floor_spawned":[4,5,7,13,14,16,18],"killed_by":"Slavers","ascension_level":0}