{"gold_per_floor":[112,72,22,122,141,174,174,185,208,238,277,289,336,359,371,478,490,514,526,551,563,595,637,749,761,773,816,828,874,886,912,924,936],"floor_reached":33,"playtime":3350,"items_purged":[],"score":587,"play_id":"f765bf5e-15e3-4f4f-8833-7c0cbc4428a0","local_time":"20190525101926","is_ascension_mode":true,"campfire_choices":[{"data":"Static Discharge","floor":7.0,"key":"SMITH"},{"data":"White Noise","floor":15.0,"key":"SMITH"},{"floor":25.0,"key":"REST"},{"data":"Sunder","floor":28,"key":"SMITH"},{"data":"Coolheaded","floor":32,"key":"SMITH"}],"neow_cost":"NONE","seed_source_timestamp":538947507987232,"circlet_count":0,"master_deck":["Strike_B","Strike_B","Strike_B","Defend_B","Defend_B","Defend_B","Defend_B","Zap","Dualcast","Doom and Gloom","Static Discharge+1","Sunder","Chill","Ball Lightning","Barrage","White Noise+1","Multi-Cast","Chaos+1","Necronomicurse","Ball Lightning+1","Sunder+1","Capacitor","Cold Snap+1","Pain","Coolheaded+1"],"special_seed":0,"relics":["Cracked Core","NeowsBlessing","Juzu Bracelet","MawBank","Centennial Puzzle","Happy Flower","Cursed Key","Necronomicon","CultistMask","Lantern","Dead Branch","Singing Bowl","Regal Pillow","Strawberry","Pantograph"],"potions_floor_usage":[27,31],"damage_taken":[{"damage":0.0,"enemies":"Jaw Worm","floor":1.0,"turns":1.0},{"damage":0.0,"enemies":"Small Slimes","floor":5.0,"turns":1.0},{"damage":0.0,"enemies":"Lagavulin","floor":6.0,"turns":2.0},{"damage":6.0,"enemies":"Cultist","floor":8.0,"turns":3.0},{"damage":0.0,"enemies":"3 Louse","floor":10.0,"turns":4.0},{"damage":0.0,"enemies":"3 Sentries","floor":11.0,"turns":3.0},{"damage":13.0,"enemies":"Gremlin Nob","floor":13.0,"turns":3.0},{"damage":5.0,"enemies":"Looter","floor":14.0,"turns":3.0},{"damage":25.0,"enemies":"Hexaghost","floor":16.0,"turns":4.0},{"damage":22.0,"enemies":"2 Thieves","floor":18.0,"turns":3.0},{"damage":9.0,"enemies":"Shell Parasite","floor":20.0,"turns":2.0},{"damage":0.0,"enemies":"Snake Plant","floor":22.0,"turns":2.0},{"damage":18.0,"enemies":"Gremlin Leader","floor":23.0,"turns":4.0},{"damage":0.0,"enemies":"Colosseum Slavers","floor":24.0,"turns":2.0},{"damage":0.0,"enemies":"Colosseum Nobs","floor":24.0,"turns":3.0},{"damage":2,"enemies":"Slavers","floor":27,"turns":4},{"damage":22,"enemies":"Book of Stabbing","floor":29,"turns":3},{"damage":1,"enemies":"Shelled Parasite and Fungi","floor":31,"turns":3},{"damage":73,"enemies":"Automaton","floor":33,"turns":6}],"seed_played":"-6515089904556857296","potions_obtained":[{"floor":5.0,"key":"PowerPotion"},{"floor":8.0,"key":"Energy Potion"},{"floor":10.0,"key":"SteroidPotion"},{"floor":14.0,"key":"Poison Potion"},{"floor":18.0,"key":"LiquidBronze"},{"floor":20.0,"key":"Fire Potion"},{"floor":23.0,"key":"EntropicBrew"},{"floor":24.0,"key":"SkillPotion"},{"floor":29,"key":"Fire Potion"}],"is_trial":false,"path_per_floor":["M","$","?","?","M","E","R","M","T","M","E","?","E","M","R","B",null,"M","?","M","?","M","E","?","R","T","E","R","E","?","M","R","B"],"character_chosen":"DEFECT","items_purchased":["Doom and Gloom"],"campfire_rested":1,"item_purchase_floors":[2],"current_hp_per_floor":[68,68,68,68,68,68,68,62,62,62,62,67,54,49,49,24,66,44,28,19,19,19,1,1,25,25,32,32,10,10,11,11,0],"gold":936,"neow_bonus":"THREE_ENEMY_KILL","is_prod":false,"is_daily":false,"chose_seed":false,"campfire_upgraded":4,"win_rate":0,"timestamp":1558759766,"path_taken":["M","$","?","?","?","E","R","M","T","M","E","?","E","M","R","BOSS","M","?","M","?","M","E","?","R","T","E","R","E","?","M","R","BOSS"],"build_version":"2019-01-23","purchased_purges":0,"victory":false,"max_hp_per_floor":[75,75,75,75,75,75,75,75,75,75,75,80,80,80,80,80,80,80,80,80,80,80,80,80,80,80,89,89,89,89,91,91,91],"card_choices":[{"not_picked":["Leap","Barrage","Aggregate"],"picked":"SKIP","floor":1.0},{"not_picked":["Consume","Double Energy"],"picked":"Static Discharge","floor":5.0},{"not_picked":["Recycle","Turbo"],"picked":"Sunder","floor":6.0},{"not_picked":["Steam","Go for the Eyes"],"picked":"Chill","floor":8.0},{"not_picked":["Sunder","Leap","Barrage"],"picked":"SKIP","floor":10.0},{"not_picked":["Cold Snap","Redo"],"picked":"Ball Lightning","floor":11.0},{"not_picked":["Amplify","Leap"],"picked":"Barrage","floor":13.0},{"not_picked":["Aggregate","Leap"],"picked":"White Noise","floor":14.0},{"not_picked":["Machine Learning","Hyperbeam"],"picked":"Multi-Cast","floor":16.0},{"not_picked":["Turbo+1","BootSequence"],"picked":"Chaos+1","floor":18.0},{"not_picked":["Sunder","BootSequence"],"picked":"Ball Lightning+1","floor":20.0},{"not_picked":["Redo+1","Conserve Battery"],"picked":"Sunder","floor":22.0},{"not_picked":["Stack","Core Surge"],"picked":"Capacitor","floor":23.0},{"not_picked":["Fusion","Coolheaded"],"picked":"Cold Snap+1","floor":24.0},{"not_picked":["Conserve Battery+1","Undo","Cold Snap"],"picked":"Singing Bowl","floor":27},{"not_picked":["Redo","Rip and Tear"],"picked":"Coolheaded","floor":29},{"not_picked":["Barrage","Hologram","Melter"],"picked":"Singing Bowl","floor":31}],"player_experience":758422,"relics_obtained":[{"floor":6.0,"key":"Juzu Bracelet"},{"floor":9.0,"key":"MawBank"},{"floor":11.0,"key":"Centennial Puzzle"},{"floor":13.0,"key":"Happy Flower"},{"floor":19.0,"key":"Necronomicon"},{"floor":23.0,"key":"Lantern"},{"floor":24.0,"key":"Dead Branch"},{"floor":24.0,"key":"Singing Bowl"},{"floor":26.0,"key":"Regal Pillow"},{"floor":27,"key":"Strawberry"},{"floor":29,"key":"Pantograph"}],"event_choices":[{"cards_removed":["Strike_B"],"damage_healed":0.0,"max_hp_gain":0.0,"max_hp_loss":0.0,"gold_gain":0.0,"event_name":"The Cleric","player_choice":"Card Removal","floor":3.0,"gold_loss":50.0,"damage_taken":0.0},{"damage_healed":0.0,"max_hp_gain":0.0,"max_hp_loss":0.0,"gold_gain":100.0,"event_name":"Golden Shrine","player_choice":"Pray","floor":4.0,"gold_loss":0.0,"damage_taken":0.0},{"damage_healed":0.0,"max_hp_gain":5.0,"max_hp_loss":0.0,"gold_gain":0.0,"event_name":"Big Fish","player_choice":"Donut","floor":12.0,"gold_loss":0.0,"damage_taken":0.0},{"damage_healed":0.0,"max_hp_gain":0.0,"max_hp_loss":0.0,"gold_gain":0.0,"event_name":"Cursed Tome","player_choice":"Obtained Book","floor":19.0,"gold_loss":0.0,"damage_taken":16.0},{"damage_healed":0.0,"max_hp_gain":0.0,"max_hp_loss":0.0,"gold_gain":0.0,"event_name":"FaceTrader","player_choice":"Trade","floor":21.0,"gold_loss":0.0,"damage_taken":0.0,"relics_obtained":["CultistMask"]},{"damage_healed":0.0,"max_hp_gain":0.0,"max_hp_loss":0.0,"gold_gain":0.0,"event_name":"Colosseum","player_choice":"Fight","floor":24.0,"gold_loss":0.0,"damage_taken":0.0},{"damage_healed":0.0,"max_hp_gain":0.0,"max_hp_loss":0.0,"gold_gain":0.0,"event_name":"Colosseum","player_choice":"Fought Nobs","floor":24.0,"gold_loss":0.0,"damage_taken":0.0},{"damage_healed":0,"gold_gain":0,"player_choice":"Ignored","damage_taken":0,"max_hp_gain":0,"max_hp_loss":0,"event_name":"Vampires","floor":30,"gold_loss":0}],"is_beta":false,"boss_relics":[{"not_picked":["Tiny House","Philosopher\u0027s Stone"],"picked":"Cursed Key"}],"items_purged_floors":[],"is_endless":false,"potions_floor_spawned":[5,8,10,14,18,20,23,24,29],"killed_by":"Automaton","ascension_level":7}