{"gold_per_floor":[211,227,9,20,32,32,60,70,94,109,128,142,169,189,189,284,284,300,27,45,60,71,103,103,121,148,148,73,91,91,108,108,205,205,225,240,240,258,272,272,272],"floor_reached":41,"playtime":3427,"items_purged":["Defend_R"],"score":460,"play_id":"32f12ff0-3d35-43d4-93f8-b512ef3212d8","local_time":"20190224115145","is_ascension_mode":false,"campfire_choices":[{"data":"Apotheosis","floor":6,"key":"SMITH"},{"data":"Demon Form","floor":15,"key":"SMITH"},{"floor":24,"key":"REST"},{"floor":27,"key":"REST"},{"data":"Inflame","floor":30,"key":"SMITH"},{"floor":32,"key":"REST"},{"floor":40,"key":"REST"}],"neow_cost":"NONE","seed_source_timestamp":1001019141164255,"circlet_count":0,"master_deck":["Strike_R","Strike_R","Strike_R","Defend_R","Defend_R","Defend_R","Bash","Metallicize","Flex","Apotheosis+1","Shrug It Off","Burning Pact","Exhume","Rampage","Rupture","Spot Weakness","Demon Form+1","Shockwave","Impervious","Flex","Metallicize","Power Through","Blood for Blood","Dark Embrace","Rupture","Rampage","Flame Barrier+1","Inflame+1","Disarm","Limit Break","Fire Breathing+1","Heavy Blade+1","Hemokinesis","Metallicize+1"],"relics":["Burning Blood","Dodecahedron","Happy Flower","Bag of Preparation","Sozu","Oddly Smooth Stone","Bronze Scales","Black Star"],"potions_floor_usage":[],"damage_taken":[{"damage":2,"enemies":"2 Louse","floor":1,"turns":3},{"damage":5,"enemies":"Small Slimes","floor":2,"turns":4},{"damage":0,"enemies":"Cultist","floor":4,"turns":3},{"damage":12,"enemies":"3 Louse","floor":5,"turns":6},{"damage":17,"enemies":"3 Sentries","floor":7,"turns":10},{"damage":12,"enemies":"Exordium Thugs","floor":8,"turns":6},{"damage":5,"enemies":"Blue Slaver","floor":10,"turns":4},{"damage":2,"enemies":"Looter","floor":11,"turns":4},{"damage":1,"enemies":"Red Slaver","floor":12,"turns":4},{"damage":12,"enemies":"Lagavulin","floor":13,"turns":6},{"damage":6,"enemies":"3 Louse","floor":14,"turns":6},{"damage":17,"enemies":"Slime Boss","floor":16,"turns":9},{"damage":0,"enemies":"Chosen","floor":18,"turns":4},{"damage":7,"enemies":"Shell Parasite","floor":20,"turns":4},{"damage":15,"enemies":"Snecko","floor":21,"turns":5},{"damage":22,"enemies":"Sentry and Sphere","floor":22,"turns":8},{"damage":29,"enemies":"Book of Stabbing","floor":23,"turns":6},{"damage":25,"enemies":"Centurion and Healer","floor":25,"turns":6},{"damage":3,"enemies":"Snake Plant","floor":29,"turns":5},{"damage":15,"enemies":"3 Cultists","floor":31,"turns":6},{"damage":31,"enemies":"Champ","floor":33,"turns":11},{"damage":0,"enemies":"Orb Walker","floor":35,"turns":4},{"damage":23,"enemies":"3 Shapes","floor":36,"turns":5},{"damage":34,"enemies":"Writhing Mass","floor":38,"turns":4},{"damage":27,"enemies":"3 Darklings","floor":39,"turns":6},{"damage":44,"enemies":"Reptomancer","floor":41,"turns":2}],"seed_played":"-5524493997896947747","potions_obtained":[{"floor":1,"key":"SpeedPotion"},{"floor":2,"key":"Swift Potion"},{"floor":4,"key":"GamblersBrew"},{"floor":10,"key":"SkillPotion"}],"is_trial":false,"path_per_floor":["?","?"],"character_chosen":"IRONCLAD","items_purchased":["Apotheosis","Shrug It Off","Metallicize","Power Through","Blood for Blood"],"campfire_rested":4,"item_purchase_floors":[3,3,19,19,19],"current_hp_per_floor":[80,80,80,80,74,74,63,57,57,58,62,67,61,61,61,50,80,80,80,79,70,54,31,55,36,36,60,60,63,63,54,78,53,80,80,63,63,35,14,38,0],"gold":272,"neow_bonus":"HUNDRED_GOLD","is_prod":false,"is_daily":false,"chose_seed":false,"campfire_upgraded":3,"win_rate":0,"timestamp":1551027105,"path_taken":["M","M","$","M","M","R","E","M","T","M","M","M","E","M","R","BOSS","M","$","M","M","M","E","R","M","T","R","?","M","R","M","R","BOSS","M","M","?","M","M","R","E"],"build_version":"2019-01-23","purchased_purges":1,"victory":false,"max_hp_per_floor":[80,80,80,80,80,80,80,80,80,80,80,80,80,80,80,80,80,80,80,80,80,80,80,80,80,80,80,80,80,80,80,80,80,80,80,80,80,80,80,80,80],"card_choices":[{"not_picked":["Combust","Burning Pact"],"picked":"Metallicize","floor":1},{"not_picked":["Thunderclap","Searing Blow"],"picked":"Flex","floor":2},{"not_picked":["Clothesline","Wild Strike"],"picked":"Burning Pact","floor":4},{"not_picked":["Twin Strike","Reckless Charge","Second Wind"],"picked":"SKIP","floor":5},{"not_picked":["Burning Pact","Dual Wield"],"picked":"Exhume","floor":7},{"not_picked":["Pummel","Wild Strike","Body Slam"],"picked":"SKIP","floor":8},{"not_picked":["Clothesline","Entrench"],"picked":"Rampage","floor":10},{"not_picked":["Iron Wave","Clothesline"],"picked":"Rupture","floor":11},{"not_picked":["Headbutt","Power Through"],"picked":"Spot Weakness","floor":12},{"not_picked":["Bludgeon","Rampage"],"picked":"Demon Form","floor":13},{"not_picked":["Perfected Strike","Disarm"],"picked":"Shockwave","floor":14},{"not_picked":["Offering","Berserk"],"picked":"Impervious","floor":16},{"not_picked":["Havoc","True Grit"],"picked":"Flex","floor":18},{"not_picked":["Thunderclap","Clothesline","Iron Wave"],"picked":"SKIP","floor":20},{"not_picked":["True Grit+1","Warcry"],"picked":"Dark Embrace","floor":21},{"not_picked":["Reckless Charge+1","Wild Strike"],"picked":"Rupture","floor":22},{"not_picked":["Disarm","Havoc"],"picked":"Rampage","floor":23},{"not_picked":["Battle Trance","Body Slam"],"picked":"Flame Barrier+1","floor":25},{"not_picked":["Ghostly Armor","Clothesline"],"picked":"Inflame","floor":29},{"not_picked":["Clash","Anger"],"picked":"Disarm","floor":31},{"not_picked":["Berserk","Impervious"],"picked":"Limit Break","floor":33},{"not_picked":["Armaments+1","Headbutt+1"],"picked":"Fire Breathing+1","floor":35},{"not_picked":["Inflame+1","Burning Pact+1"],"picked":"Heavy Blade+1","floor":36},{"not_picked":["Sword Boomerang","Cleave"],"picked":"Hemokinesis","floor":38},{"not_picked":["Thunderclap","Pummel+1"],"picked":"Metallicize+1","floor":39}],"player_experience":189088,"relics_obtained":[{"floor":7,"key":"Dodecahedron"},{"floor":9,"key":"Happy Flower"},{"floor":13,"key":"Bag of Preparation"},{"floor":23,"key":"Oddly Smooth Stone"},{"floor":26,"key":"Bronze Scales"}],"event_choices":[{"cards_removed":["Strike_R"],"damage_healed":0,"gold_gain":0,"player_choice":"Gave Gold","damage_taken":0,"max_hp_gain":0,"max_hp_loss":0,"event_name":"Beggar","floor":28,"gold_loss":75},{"cards_removed":["Strike_R"],"damage_healed":0,"gold_gain":0,"player_choice":"Removed Attack","damage_taken":0,"max_hp_gain":0,"max_hp_loss":0,"event_name":"Falling","floor":37,"gold_loss":0}],"is_beta":false,"boss_relics":[{"not_picked":["Mark of Pain","Lizard Tail"],"picked":"Sozu"},{"not_picked":["Velvet Choker","Runic Dome"],"picked":"Black Star"}],"items_purged_floors":[19],"is_endless":false,"potions_floor_spawned":[1,2,4,10,14,16,18,20,22,33,38],"killed_by":"Reptomancer","ascension_level":0}