{"gold_per_floor":[219,219,1,1,1,40,40,58,81,110,110,110,125,140,140,265,265,280,319,333,408,431,475,475,494,494,494,200,216,241,266,266,397,397,415,415,430,430,305,336,336,372,423,423,423,204,224,244,244,244,244,244,18,61,61],"floor_reached":56,"playtime":2238,"items_purged":["Strike_R","Strike_R","Defend_R","Strike_R","Defend_R"],"score":1350,"play_id":"d08731ed-6246-4e60-9091-9a00314c72d2","local_time":"20190603171306","is_ascension_mode":false,"campfire_choices":[{"data":"Rampage","floor":7.0,"key":"SMITH"},{"floor":11.0,"key":"REST"},{"data":"Flame Barrier","floor":15.0,"key":"SMITH"},{"data":"Battle Trance","floor":24.0,"key":"SMITH"},{"floor":27.0,"key":"REST"},{"data":"Bash","floor":32,"key":"SMITH"},{"data":"Madness","floor":41,"key":"SMITH"},{"floor":49,"key":"RECALL"},{"data":"Madness","floor":52,"key":"SMITH"}],"neow_cost":"NONE","seed_source_timestamp":278300104697105,"circlet_count":0,"master_deck":["Bash+1","Rampage+1","Flame Barrier+1","Shrug It Off","Shrug It Off","Battle Trance+1","Offering","Madness+1","Madness+1","Madness+1","Burning Pact","Shockwave+1"],"special_seed":0,"relics":["Burning Blood","Golden Idol","StoneCalendar","Blue Candle","Centennial Puzzle","Odd Mushroom","Empty Cage","Red Mask","Ginger","Bag of Preparation","TheAbacus","Busted Crown","PreservedInsect","Juzu Bracelet","Orichalcum"],"potions_floor_usage":[55,55,55],"damage_taken":[{"damage":2.0,"enemies":"2 Louse","floor":1.0,"turns":4.0},{"damage":38.0,"enemies":"3 Sentries","floor":6.0,"turns":7.0},{"damage":3.0,"enemies":"Jaw Worm","floor":8.0,"turns":3.0},{"damage":12.0,"enemies":"The Mushroom Lair","floor":10.0,"turns":5.0},{"damage":3.0,"enemies":"Small Slimes","floor":13.0,"turns":3.0},{"damage":6.0,"enemies":"2 Fungi Beasts","floor":14.0,"turns":5.0},{"damage":29.0,"enemies":"Hexaghost","floor":16.0,"turns":9.0},{"damage":14.0,"enemies":"2 Thieves","floor":18.0,"turns":4.0},{"damage":16.0,"enemies":"Masked Bandits","floor":19.0,"turns":3.0},{"damage":8.0,"enemies":"Spheric Guardian","floor":20.0,"turns":4.0},{"damage":21.0,"enemies":"Centurion and Healer","floor":22.0,"turns":7.0},{"damage":26.0,"enemies":"Gremlin Leader","floor":23.0,"turns":7.0},{"damage":6.0,"enemies":"Snake Plant","floor":25.0,"turns":5.0},{"damage":1.0,"enemies":"Snecko","floor":29.0,"turns":5.0},{"damage":6.0,"enemies":"Centurion and Healer","floor":30.0,"turns":4.0},{"damage":9.0,"enemies":"Snake Plant","floor":31.0,"turns":3.0},{"damage":36,"enemies":"Automaton","floor":33,"turns":8},{"damage":6,"enemies":"3 Shapes","floor":35,"turns":3},{"damage":7,"enemies":"Orb Walker","floor":37,"turns":4},{"damage":6,"enemies":"Reptomancer","floor":40,"turns":4},{"damage":6,"enemies":"Giant Head","floor":42,"turns":4},{"damage":0,"enemies":"Spire Growth","floor":47,"turns":4},{"damage":0,"enemies":"3 Darklings","floor":48,"turns":4},{"damage":0,"enemies":"Donu and Deca","floor":50,"turns":5},{"damage":6,"enemies":"Shield and Spear","floor":54,"turns":3},{"damage":17,"enemies":"The Heart","floor":55,"turns":6}],"seed_played":"4745627857583327813","potions_obtained":[{"floor":6.0,"key":"Weak Potion"},{"floor":10.0,"key":"Poison Potion"},{"floor":20.0,"key":"EssenceOfSteel"},{"floor":54,"key":"PowerPotion"}],"is_trial":false,"path_per_floor":["M","?","$","?","?","E","R","M","T","?","R","?","M","M","R","B",null,"M","?","M","?","M","E","R","M","T","R","$","M","M","M","R","B",null,"M","?","M","?","$","E","R","E","T","?","?","$","M","M","R","B",null,"R","$","E","B",null],"character_chosen":"IRONCLAD","items_purchased":["Fire Potion","Fruit Juice","TheAbacus","Burning Pact","Weak Potion"],"campfire_rested":2,"item_purchase_floors":[3,3,28,46,53],"current_hp_per_floor":[80,60,65,58,58,26,26,29,29,23,48,48,51,51,51,28,85,77,67,65,57,42,22,22,22,22,47,47,52,52,49,49,19,85,85,74,73,73,73,73,73,73,73,73,73,73,79,85,85,85,85,85,85,85,74],"gold":61,"neow_bonus":"HUNDRED_GOLD","is_prod":false,"is_daily":false,"chose_seed":false,"campfire_upgraded":6,"win_rate":0,"timestamp":1559574786,"path_taken":["M","?","$","?","?","E","R","M","T","?","R","?","?","M","R","BOSS","M","?","M","?","?","E","R","M","T","R","$","M","?","M","R","BOSS","M","?","M","?","$","E","R","E","T","?","?","$","M","M","R","BOSS","R","$","E","BOSS"],"build_version":"2019-01-23","purchased_purges":5,"victory":true,"max_hp_per_floor":[80,80,85,85,85,85,85,85,85,85,85,85,85,85,85,85,85,85,85,85,85,85,85,85,85,85,85,85,85,85,85,85,85,85,85,85,85,85,85,85,85,85,85,85,85,85,85,85,85,85,85,85,85,85,85],"card_choices":[{"not_picked":["Havoc","Pummel"],"picked":"Rampage","floor":1.0},{"not_picked":["Ghostly Armor","Rupture","Bloodletting"],"picked":"SKIP","floor":6.0},{"not_picked":["Rupture","Heavy Blade"],"picked":"Flame Barrier","floor":8.0},{"not_picked":["Corruption","Clash"],"picked":"Shrug It Off","floor":10.0},{"not_picked":["Wild Strike","Twin Strike"],"picked":"Shrug It Off","floor":13.0},{"not_picked":["Iron Wave","Thunderclap"],"picked":"Battle Trance","floor":14.0},{"not_picked":["Demon Form","Dark Embrace"],"picked":"Offering","floor":16.0},{"not_picked":["True Grit","Twin Strike","Dual Wield"],"picked":"SKIP","floor":18.0},{"not_picked":["Sword Boomerang","Heavy Blade","Cleave"],"picked":"SKIP","floor":20.0},{"not_picked":["Clothesline","Perfected Strike","Cleave"],"picked":"SKIP","floor":22.0},{"not_picked":["Immolate","Clothesline+1","Battle Trance+1"],"picked":"SKIP","floor":23.0},{"not_picked":["Flex+1","Headbutt+1","Heavy Blade"],"picked":"SKIP","floor":25.0},{"not_picked":["Feel No Pain","Anger","Spot Weakness"],"picked":"SKIP","floor":29.0},{"not_picked":["Corruption","Heavy Blade","Spot Weakness"],"picked":"SKIP","floor":30.0},{"not_picked":["Fire Breathing","Armaments","Uppercut"],"picked":"SKIP","floor":31.0},{"not_picked":["Iron Wave+1"],"picked":"SKIP","floor":35},{"not_picked":["Reckless Charge"],"picked":"SKIP","floor":37},{"not_picked":["Fire Breathing"],"picked":"SKIP","floor":40},{"not_picked":["True Grit+1"],"picked":"SKIP","floor":42},{"not_picked":["Twin Strike"],"picked":"SKIP","floor":47},{"not_picked":["Sword Boomerang"],"picked":"SKIP","floor":48},{"not_picked":[],"picked":"Shockwave+1","floor":54}],"player_experience":114448,"relics_obtained":[{"floor":6.0,"key":"Blue Candle"},{"floor":9.0,"key":"Centennial Puzzle"},{"floor":10.0,"key":"Odd Mushroom"},{"floor":19.0,"key":"Red Mask"},{"floor":23.0,"key":"Ginger"},{"floor":26.0,"key":"Bag of Preparation"},{"floor":40,"key":"PreservedInsect"},{"floor":42,"key":"Juzu Bracelet"},{"floor":54,"key":"Orichalcum"}],"event_choices":[{"damage_healed":0.0,"max_hp_gain":0.0,"max_hp_loss":0.0,"gold_gain":0.0,"event_name":"Golden Idol","player_choice":"Take Damage","floor":2.0,"gold_loss":0.0,"damage_taken":20.0,"relics_obtained":["Golden Idol"]},{"damage_healed":0.0,"max_hp_gain":0.0,"max_hp_loss":0.0,"gold_gain":0.0,"event_name":"Scrap Ooze","player_choice":"Success","floor":4.0,"gold_loss":0.0,"damage_taken":7.0,"relics_obtained":["StoneCalendar"]},{"damage_healed":0.0,"max_hp_gain":0.0,"max_hp_loss":0.0,"gold_gain":0.0,"event_name":"The Cleric","player_choice":"Leave","floor":5.0,"gold_loss":0.0,"damage_taken":0.0},{"damage_healed":0.0,"max_hp_gain":0.0,"max_hp_loss":0.0,"gold_gain":0.0,"event_name":"Mushrooms","player_choice":"Fought Mushrooms","floor":10.0,"gold_loss":0.0,"damage_taken":0.0},{"cards_removed":["Defend_R"],"damage_healed":0.0,"max_hp_gain":0.0,"max_hp_loss":0.0,"gold_gain":0.0,"event_name":"Wheel of Change","player_choice":"Card Removal","floor":12.0,"gold_loss":0.0,"damage_taken":0.0},{"damage_healed":0.0,"max_hp_gain":0.0,"max_hp_loss":0.0,"gold_gain":0.0,"event_name":"Masked Bandits","player_choice":"Fought Bandits","floor":19.0,"gold_loss":0.0,"damage_taken":0.0},{"damage_healed":0.0,"max_hp_gain":0.0,"max_hp_loss":0.0,"gold_gain":75.0,"event_name":"FaceTrader","player_choice":"Touch","floor":21.0,"gold_loss":0.0,"damage_taken":8.0},{"damage_healed":0,"gold_gain":0,"player_choice":"Embrace Madness","damage_taken":11,"max_hp_gain":0,"max_hp_loss":0,"event_name":"Winding Halls","floor":36,"gold_loss":0,"cards_obtained":["Madness","Madness"]},{"cards_removed":["Strike_R"],"damage_healed":0,"gold_gain":0,"player_choice":"Removed Attack","damage_taken":0,"max_hp_gain":0,"max_hp_loss":0,"event_name":"Falling","floor":38,"gold_loss":0},{"damage_healed":0,"gold_gain":0,"player_choice":"Memory 1","damage_taken":0,"max_hp_gain":0,"max_hp_loss":0,"event_name":"SensoryStone","floor":44,"gold_loss":0},{"damage_healed":0,"gold_gain":0,"player_choice":"Copied","damage_taken":0,"max_hp_gain":0,"max_hp_loss":0,"event_name":"Duplicator","floor":45,"gold_loss":0,"cards_obtained":["Madness"]}],"is_beta":false,"boss_relics":[{"not_picked":["Velvet Choker","Cursed Key"],"picked":"Empty Cage"},{"not_picked":["Pandora\u0027s Box","Runic Dome"],"picked":"Busted Crown"}],"items_purged_floors":[3,28,39,46,53],"is_endless":false,"potions_floor_spawned":[6,10,20,22,25,40,47,48,54],"ascension_level":0}