{"gold_per_floor":[119,28,42,42,42,69,88,123,149,161,179,36,36,36,36,133,133,148,148,148,162,179,179,195,195,195,207,207,218,237,237,237,237],"floor_reached":33,"playtime":1853,"items_purged":["Strike_B"],"score":309,"play_id":"ca9fa094-9126-47ca-ad85-cf63bb68b64f","local_time":"20190202020815","is_ascension_mode":false,"campfire_choices":[{"data":"Static Discharge","floor":13.0,"key":"SMITH"},{"floor":15.0,"key":"REST"},{"data":"Zap","floor":23.0,"key":"SMITH"},{"data":"Dualcast","floor":25.0,"key":"SMITH"},{"data":"Defragment","floor":28.0,"key":"SMITH"},{"floor":32.0,"key":"REST"}],"neow_cost":"NONE","seed_source_timestamp":200576886868848,"circlet_count":0,"master_deck":["Defend_B","Defend_B","Zap+1","Dualcast+1","Compile Driver","Compile Driver","Heatsinks","Compile Driver","Auto Shields","FTL","Compile Driver","Static Discharge+1","Beam Cell","Defragment+1","Streamline","Steam","Hologram+1","Ball Lightning"],"special_seed":0,"relics":["Cracked Core","NeowsBlessing","Ancient Tea Set","Bag of Preparation","Dodecahedron","Happy Flower","Empty Cage","Thread and Needle","MutagenicStrength"],"potions_floor_usage":[33,33,33],"damage_taken":[{"damage":0.0,"enemies":"Jaw Worm","floor":1.0,"turns":1.0},{"damage":0.0,"enemies":"Cultist","floor":3.0,"turns":1.0},{"damage":0.0,"enemies":"Lagavulin","floor":6.0,"turns":1.0},{"damage":0.0,"enemies":"2 Louse","floor":7.0,"turns":2.0},{"damage":33.0,"enemies":"Gremlin Nob","floor":8.0,"turns":4.0},{"damage":0.0,"enemies":"Large Slime","floor":10.0,"turns":4.0},{"damage":3.0,"enemies":"Lots of Slimes","floor":11.0,"turns":4.0},{"damage":16.0,"enemies":"Slime Boss","floor":16.0,"turns":8.0},{"damage":0.0,"enemies":"Spheric Guardian","floor":18.0,"turns":3.0},{"damage":0.0,"enemies":"Chosen","floor":21.0,"turns":3.0},{"damage":12.0,"enemies":"3 Cultists","floor":22.0,"turns":4.0},{"damage":14.0,"enemies":"Centurion and Healer","floor":24.0,"turns":3.0},{"damage":17.0,"enemies":"Shelled Parasite and Fungi","floor":27.0,"turns":3.0},{"damage":8.0,"enemies":"Snake Plant","floor":29.0,"turns":3.0},{"damage":3.0,"enemies":"3 Cultists","floor":30.0,"turns":4.0},{"damage":44,"enemies":"Champ","floor":33,"turns":6}],"seed_played":"-5502405998770103585","potions_obtained":[{"floor":3.0,"key":"AttackPotion"},{"floor":7.0,"key":"SteroidPotion"},{"floor":16.0,"key":"Dexterity Potion"},{"floor":20.0,"key":"Swift Potion"},{"floor":20.0,"key":"Poison Potion"}],"is_trial":false,"path_per_floor":["M","?","M","?","?","E","M","E","T","M","M","$","R","?","R","B",null,"M","?","?","M","M","R","M","R","T","M","R","M","M","?","R","B"],"character_chosen":"DEFECT","items_purchased":["Static Discharge"],"campfire_rested":2,"item_purchase_floors":[12],"current_hp_per_floor":[75,75,75,68,68,68,68,35,35,35,32,32,32,32,54,38,75,75,75,75,75,63,63,49,49,49,32,32,24,21,21,43,0],"gold":237,"neow_bonus":"THREE_ENEMY_KILL","is_prod":false,"is_daily":false,"chose_seed":false,"campfire_upgraded":4,"win_rate":0,"timestamp":1549094895,"path_taken":["M","?","?","?","?","E","M","E","T","?","M","$","R","?","R","BOSS","M","?","?","M","M","R","M","R","T","M","R","M","?","?","R","BOSS"],"build_version":"2019-01-23","purchased_purges":1,"victory":false,"max_hp_per_floor":[75,75,75,75,75,75,75,75,75,75,75,75,75,75,75,75,75,75,75,75,75,75,75,75,75,75,75,75,75,75,75,75,75],"card_choices":[{"not_picked":["Leap","Hologram"],"picked":"Compile Driver","floor":1.0},{"not_picked":["Chill","Sweeping Beam"],"picked":"Compile Driver","floor":3.0},{"not_picked":["Streamline","Tempest"],"picked":"Heatsinks","floor":6.0},{"not_picked":["Steam","Leap"],"picked":"Compile Driver","floor":7.0},{"not_picked":["Sweeping Beam","Steam"],"picked":"Auto Shields","floor":8.0},{"not_picked":["Streamline","Steam"],"picked":"FTL","floor":10.0},{"not_picked":["Sweeping Beam","Rip and Tear"],"picked":"Compile Driver","floor":11.0},{"not_picked":["Rebound","Sunder"],"picked":"Beam Cell","floor":18.0},{"not_picked":["Gash","Scrape"],"picked":"Streamline","floor":21.0},{"not_picked":["Gash","Stack"],"picked":"Steam","floor":22.0},{"not_picked":["Streamline","Steam","Hologram"],"picked":"SKIP","floor":24.0},{"not_picked":["Double Energy","BootSequence","Multi-Cast"],"picked":"SKIP","floor":27.0},{"not_picked":["Genetic Algorithm","Coolheaded+1"],"picked":"Hologram+1","floor":29.0},{"not_picked":["Rebound","Beam Cell+1"],"picked":"Ball Lightning","floor":30.0}],"player_experience":154572,"relics_obtained":[{"floor":6.0,"key":"Bag of Preparation"},{"floor":8.0,"key":"Dodecahedron"},{"floor":9.0,"key":"Happy Flower"},{"floor":26.0,"key":"Thread and Needle"}],"event_choices":[{"damage_healed":0.0,"max_hp_gain":0.0,"max_hp_loss":0.0,"gold_gain":0.0,"event_name":"WeMeetAgain","player_choice":"Paid Gold","floor":2.0,"gold_loss":91.0,"damage_taken":0.0,"relics_obtained":["Ancient Tea Set"]},{"cards_removed":["Strike_B"],"damage_healed":0.0,"max_hp_gain":0.0,"max_hp_loss":0.0,"gold_gain":0.0,"event_name":"Golden Wing","player_choice":"Card Removal","floor":4.0,"gold_loss":0.0,"damage_taken":7.0},{"cards_removed":["Strike_B"],"damage_healed":0.0,"max_hp_gain":0.0,"max_hp_loss":0.0,"gold_gain":0.0,"event_name":"Purifier","player_choice":"Purged","floor":5.0,"gold_loss":0.0,"damage_taken":0.0},{"cards_removed":["Strike_B"],"damage_healed":0.0,"max_hp_gain":0.0,"max_hp_loss":0.0,"gold_gain":0.0,"event_name":"Living Wall","player_choice":"Forget","floor":14.0,"gold_loss":0.0,"damage_taken":0.0},{"damage_healed":0.0,"max_hp_gain":0.0,"max_hp_loss":0.0,"gold_gain":0.0,"event_name":"The Library","player_choice":"Read","floor":19.0,"gold_loss":0.0,"damage_taken":0.0,"cards_obtained":["Defragment"]},{"damage_healed":0.0,"max_hp_gain":0.0,"max_hp_loss":0.0,"gold_gain":0.0,"event_name":"Lab","player_choice":"Got Potions","floor":20.0,"gold_loss":0.0,"damage_taken":0.0},{"damage_healed":0.0,"max_hp_gain":0.0,"max_hp_loss":0.0,"gold_gain":0.0,"event_name":"Drug Dealer","player_choice":"Inject Mutagens","floor":31.0,"gold_loss":0.0,"damage_taken":0.0,"relics_obtained":["MutagenicStrength"]}],"is_beta":false,"boss_relics":[{"not_picked":["Runic Dome","Coffee Dripper"],"picked":"Empty Cage"}],"items_purged_floors":[12],"is_endless":false,"potions_floor_spawned":[3,7,16,22,30],"killed_by":"Champ","ascension_level":0}