{"gold_per_floor":[113,113,113,38,3,43,66,66,66,87,87,101,101,101,101,220,220,243,263,288,309,309],"floor_reached":22,"playtime":757,"items_purged":["Strike_B"],"score":211,"play_id":"7b1bea01-3064-47ee-ae84-7405d3e2f5ea","local_time":"20190309143853","is_ascension_mode":false,"campfire_choices":[{"data":"Dualcast","floor":11,"key":"SMITH"},{"floor":13,"key":"RECALL"},{"data":"Conserve Battery","floor":15,"key":"SMITH"}],"neow_cost":"NONE","seed_source_timestamp":482088714037372,"circlet_count":0,"master_deck":["Strike_B","Strike_B","Strike_B+1","Defend_B","Defend_B","Defend_B","Defend_B","Zap+1","Dualcast+1","Beam Cell","Gash","Conserve Battery+1","Conserve Battery","Machine Learning","Genetic Algorithm+1","Redo+1","Lockon","Gash"],"relics":["Cracked Core","NeowsBlessing","Golden Idol","Juzu Bracelet","Mummified Hand","Symbiotic Virus","Inserter"],"potions_floor_usage":[20],"damage_taken":[{"damage":0,"enemies":"Small Slimes","floor":1,"turns":1},{"damage":0,"enemies":"Gremlin Nob","floor":6,"turns":1},{"damage":0,"enemies":"Jaw Worm","floor":7,"turns":1},{"damage":2,"enemies":"2 Louse","floor":10,"turns":2},{"damage":0,"enemies":"Looter","floor":12,"turns":2},{"damage":30,"enemies":"Slime Boss","floor":16,"turns":6},{"damage":7,"enemies":"Shell Parasite","floor":18,"turns":4},{"damage":4,"enemies":"3 Byrds","floor":19,"turns":4},{"damage":9,"enemies":"Cultist and Chosen","floor":20,"turns":6},{"damage":19,"enemies":"Snake Plant","floor":21,"turns":4},{"damage":10,"enemies":"Chosen and Byrds","floor":22,"turns":4}],"seed_played":"8665779026627820473","potions_obtained":[{"floor":1,"key":"PowerPotion"},{"floor":12,"key":"Explosive Potion"},{"floor":20,"key":"Swift Potion"}],"is_trial":false,"path_per_floor":["M","?","?","$","?","E","M","?","T","M","R","M","R","?","R","B",null,"M","M","M","M","M"],"character_chosen":"DEFECT","items_purchased":[],"campfire_rested":0,"item_purchase_floors":[],"current_hp_per_floor":[75,57,42,42,60,60,60,60,60,58,58,58,58,58,58,28,75,68,64,55,36,26],"gold":309,"neow_bonus":"THREE_ENEMY_KILL","is_prod":false,"is_daily":false,"chose_seed":false,"campfire_upgraded":2,"win_rate":0,"timestamp":1552163933,"path_taken":["M","?","?","$","?","E","M","?","T","M","R","M","R","?","R","BOSS","M","M","M","M","M"],"build_version":"2019-01-23","purchased_purges":1,"victory":false,"max_hp_per_floor":[75,75,75,75,75,75,75,75,75,75,75,75,75,75,75,75,75,75,75,75,75,75],"card_choices":[{"not_picked":["Auto Shields","Melter","Turbo"],"picked":"SKIP","floor":1},{"not_picked":["Steam","Leap"],"picked":"Beam Cell","floor":6},{"not_picked":["Hologram","Cold Snap"],"picked":"Gash","floor":7},{"not_picked":["Sweeping Beam","Fusion"],"picked":"Conserve Battery","floor":10},{"not_picked":["Steam Power","Steam"],"picked":"Conserve Battery","floor":12},{"not_picked":["Thunder Strike","Rainbow"],"picked":"Machine Learning","floor":16},{"not_picked":["Aggregate","Compile Driver"],"picked":"Genetic Algorithm+1","floor":18},{"not_picked":["Reprogram","Melter"],"picked":"Redo+1","floor":19},{"not_picked":["Turbo+1","Compile Driver"],"picked":"Lockon","floor":20},{"not_picked":["Beam Cell","Ball Lightning"],"picked":"Gash","floor":21}],"player_experience":219858,"relics_obtained":[{"floor":6,"key":"Juzu Bracelet"},{"floor":9,"key":"Mummified Hand"}],"event_choices":[{"damage_healed":0,"gold_gain":0,"player_choice":"Take Damage","damage_taken":18,"relics_obtained":["Golden Idol"],"max_hp_gain":0,"max_hp_loss":0,"event_name":"Golden Idol","floor":2,"gold_loss":0},{"damage_healed":0,"gold_gain":0,"player_choice":"Entered Light","damage_taken":15,"max_hp_gain":0,"max_hp_loss":0,"event_name":"Shining Light","floor":3,"gold_loss":0,"cards_upgraded":["Zap","Strike_B"]},{"damage_healed":18,"gold_gain":0,"player_choice":"Healed","damage_taken":0,"max_hp_gain":0,"max_hp_loss":0,"event_name":"The Cleric","floor":5,"gold_loss":35},{"damage_healed":0,"gold_gain":0,"player_choice":"Ignored","damage_taken":0,"max_hp_gain":0,"max_hp_loss":0,"event_name":"NoteForYourself","floor":8,"gold_loss":0},{"damage_healed":0,"gold_gain":0,"player_choice":"Gave Potion","damage_taken":0,"relics_obtained":["Symbiotic Virus"],"max_hp_gain":0,"max_hp_loss":0,"event_name":"WeMeetAgain","floor":14,"gold_loss":0}],"is_beta":false,"boss_relics":[{"not_picked":["Empty Cage","Lizard Tail"],"picked":"Inserter"}],"items_purged_floors":[4],"is_endless":false,"potions_floor_spawned":[1,12,20],"killed_by":"Chosen and Byrds","ascension_level":0}