{"gold_per_floor":[109,123,135,150,150,183,183,202,202,202,233,233,268,286,286,286],"floor_reached":16,"playtime":1222,"items_purged":[],"score":128,"play_id":"7884bd86-d8ab-418d-90fd-97b07cdbeff3","local_time":"20190604180943","is_ascension_mode":true,"campfire_choices":[{"data":"Armaments","floor":7.0,"key":"SMITH"},{"data":"Pommel Strike","floor":12.0,"key":"SMITH"},{"floor":15.0,"key":"REST"}],"neow_cost":"NONE","seed_source_timestamp":0,"circlet_count":0,"master_deck":["Strike_R","Strike_R","Strike_R","Strike_R","Strike_R","Defend_R","Defend_R","Defend_R","Bash","Shrug It Off","Second Wind","Armaments+1","Shrug It Off","Warcry","Pommel Strike+1","Disarm","Spot Weakness","Dropkick","Exhume"],"special_seed":0,"relics":["Burning Blood","Art of War","Oddly Smooth Stone","Boot","Shuriken","Dead Branch","Darkstone Periapt"],"potions_floor_usage":[],"damage_taken":[{"damage":2.0,"enemies":"2 Louse","floor":1.0,"turns":4.0},{"damage":14.0,"enemies":"Jaw Worm","floor":2.0,"turns":4.0},{"damage":1.0,"enemies":"Cultist","floor":3.0,"turns":4.0},{"damage":0.0,"enemies":"Looter","floor":4.0,"turns":4.0},{"damage":44.0,"enemies":"Gremlin Nob","floor":6.0,"turns":6.0},{"damage":2.0,"enemies":"Exordium Wildlife","floor":8.0,"turns":6.0},{"damage":18.0,"enemies":"3 Sentries","floor":11.0,"turns":13.0},{"damage":13.0,"enemies":"Lagavulin","floor":13.0,"turns":8.0},{"damage":11.0,"enemies":"Exordium Thugs","floor":14.0,"turns":6.0},{"damage":47,"enemies":"Slime Boss","floor":16,"turns":9}],"seed_played":"-3210238034089742718","potions_obtained":[{"floor":3.0,"key":"FearPotion"},{"floor":4.0,"key":"Ancient Potion"},{"floor":6.0,"key":"SkillPotion"},{"floor":8.0,"key":"Energy Potion"}],"is_trial":false,"path_per_floor":["M","M","M","M","?","E","R","M","T","?","E","R","E","M","R","B"],"character_chosen":"IRONCLAD","items_purchased":[],"campfire_rested":1,"item_purchase_floors":[],"current_hp_per_floor":[80,72,77,80,73,35,35,39,39,39,27,27,20,15,39,0],"gold":286,"neow_bonus":"RANDOM_COMMON_RELIC","is_prod":false,"is_daily":false,"chose_seed":false,"campfire_upgraded":2,"win_rate":0,"timestamp":1559668183,"path_taken":["M","M","M","M","?","E","R","M","T","?","E","R","E","M","R","BOSS"],"build_version":"2019-01-23","purchased_purges":0,"victory":false,"max_hp_per_floor":[80,80,80,80,80,80,80,80,80,80,80,80,80,80,80,80],"card_choices":[{"not_picked":["Wild Strike","Havoc"],"picked":"Shrug It Off","floor":1.0},{"not_picked":["Flex","Burning Pact"],"picked":"Second Wind","floor":2.0},{"not_picked":["True Grit","Bloodletting"],"picked":"Armaments","floor":3.0},{"not_picked":["Headbutt","Cleave"],"picked":"Shrug It Off","floor":4.0},{"not_picked":["Thunderclap","Rupture"],"picked":"Warcry","floor":6.0},{"not_picked":["Feel No Pain","Sword Boomerang"],"picked":"Pommel Strike","floor":8.0},{"not_picked":["Armaments","Pommel Strike"],"picked":"Spot Weakness","floor":11.0},{"not_picked":["Fire Breathing","Clothesline"],"picked":"Dropkick","floor":13.0},{"not_picked":["Battle Trance","Sever Soul"],"picked":"Exhume","floor":14.0}],"player_experience":748588,"relics_obtained":[{"floor":6.0,"key":"Boot"},{"floor":9.0,"key":"Shuriken"},{"floor":11.0,"key":"Dead Branch"},{"floor":13.0,"key":"Darkstone Periapt"}],"event_choices":[{"damage_healed":0.0,"max_hp_gain":0.0,"max_hp_loss":0.0,"gold_gain":0.0,"event_name":"Scrap Ooze","player_choice":"Success","floor":5.0,"gold_loss":0.0,"damage_taken":7.0,"relics_obtained":["Oddly Smooth Stone"]},{"damage_healed":0.0,"max_hp_gain":0.0,"max_hp_loss":0.0,"gold_gain":0.0,"cards_transformed":["Defend_R"],"event_name":"Living Wall","player_choice":"Change","floor":10.0,"gold_loss":0.0,"damage_taken":0.0,"cards_obtained":["Disarm"]}],"is_beta":false,"boss_relics":[],"items_purged_floors":[],"is_endless":false,"potions_floor_spawned":[3,4,6,8],"killed_by":"Slime Boss","ascension_level":1}