{"gold_per_floor":[111,111,124,42,56,56,86,86,86,115,129,147,147,147],"floor_reached":14,"playtime":663,"items_purged":[],"score":160,"play_id":"15bc1864-f17a-41ff-b8cd-9979b9ffed38","local_time":"20190601235900","is_ascension_mode":true,"campfire_choices":[{"data":"Noxious Fumes","floor":6.0,"key":"SMITH"},{"data":"Neutralize","floor":8.0,"key":"SMITH"}],"neow_cost":"NONE","seed_source_timestamp":1195603355172469,"circlet_count":0,"master_deck":["AscendersBane","Defend_G","Defend_G","Defend_G","Defend_G","Defend_G","Strike_G","Strike_G","Strike_G","Strike_G","Strike_G","Survivor","Neutralize+1","Dagger Spray","Sucker Punch","Noxious Fumes+1","Dash","Noxious Fumes+1","A Thousand Cuts"],"special_seed":0,"relics":["Ring of the Snake","NeowsBlessing","Pear","Shuriken","Du-Vu Doll"],"potions_floor_usage":[],"damage_taken":[{"damage":0.0,"enemies":"2 Louse","floor":1.0,"turns":1.0},{"damage":0.0,"enemies":"Cultist","floor":3.0,"turns":1.0},{"damage":0.0,"enemies":"Small Slimes","floor":5.0,"turns":1.0},{"damage":31.0,"enemies":"Lagavulin","floor":7.0,"turns":8.0},{"damage":10.0,"enemies":"3 Sentries","floor":10.0,"turns":6.0},{"damage":7.0,"enemies":"Gremlin Gang","floor":11.0,"turns":3.0},{"damage":1.0,"enemies":"Red Slaver","floor":12.0,"turns":4.0},{"damage":27,"enemies":"Large Slime","floor":14,"turns":4}],"seed_played":"-1379813712001426696","potions_obtained":[{"floor":7.0,"key":"PowerPotion"},{"floor":10.0,"key":"Weak Potion"},{"floor":11.0,"key":"LiquidBronze"}],"is_trial":false,"path_per_floor":["M","?","M","$","M","R","E","R","T","E","M","M","?","M"],"character_chosen":"THE_SILENT","items_purchased":["Noxious Fumes"],"campfire_rested":0,"item_purchase_floors":[4],"current_hp_per_floor":[63,63,63,63,63,63,42,42,42,32,25,24,24,0],"gold":147,"neow_bonus":"THREE_ENEMY_KILL","is_prod":false,"is_daily":false,"chose_seed":false,"campfire_upgraded":2,"win_rate":0,"timestamp":1559413740,"path_taken":["M","?","M","$","?","R","E","R","T","E","?","?","?","M"],"build_version":"2019-01-23","purchased_purges":0,"victory":false,"max_hp_per_floor":[70,70,70,70,70,70,80,80,80,80,80,80,80,80],"card_choices":[{"not_picked":["Dagger Throw","Choke"],"picked":"Dagger Spray","floor":1.0},{"not_picked":["Deadly Poison","Blade Dance"],"picked":"Sucker Punch","floor":3.0},{"not_picked":["Choke","Sucker Punch"],"picked":"Dash","floor":5.0},{"not_picked":["Sucker Punch","Quick Slash","Slice"],"picked":"SKIP","floor":7.0},{"not_picked":["Riddle With Holes","Flechettes"],"picked":"Noxious Fumes","floor":10.0},{"not_picked":["Backflip","Bane"],"picked":"A Thousand Cuts","floor":11.0},{"not_picked":["Outmaneuver","Reflex","Flying Knee"],"picked":"SKIP","floor":12.0}],"player_experience":1076199,"relics_obtained":[{"floor":7.0,"key":"Pear"},{"floor":9.0,"key":"Shuriken"},{"floor":10.0,"key":"Du-Vu Doll"}],"event_choices":[{"damage_healed":0.0,"max_hp_gain":0.0,"max_hp_loss":0.0,"gold_gain":0.0,"event_name":"The Woman in Blue","player_choice":"Bought 0 Potions","floor":2.0,"gold_loss":0.0,"damage_taken":0.0},{"damage_healed":0.0,"max_hp_gain":0.0,"max_hp_loss":0.0,"gold_gain":0.0,"event_name":"Upgrade Shrine","player_choice":"Upgraded","floor":13.0,"gold_loss":0.0,"damage_taken":0.0,"cards_upgraded":["Noxious Fumes"]}],"is_beta":false,"boss_relics":[],"items_purged_floors":[],"is_endless":false,"potions_floor_spawned":[7,10,11],"killed_by":"Large Slime","ascension_level":12}