{"gold_per_floor":[13,28,41,60,76,76,87,120,145,145,155,175,175,31,31,133,133,145,164,164,78,78,78,109,109,132,132,150,170,170,170,170,274,274,287,298,13,25,38,38,64,64,135,147,158,158,177,177,177,177],"floor_reached":51,"playtime":5493,"items_purged":["Strike_B","Pain"],"score":653,"play_id":"5ce7bf6c-d1fc-466e-a900-f34691eca20a","local_time":"20190601192555","is_ascension_mode":false,"campfire_choices":[{"data":"Creative AI","floor":6.0,"key":"SMITH"},{"floor":13.0,"key":"REST"},{"data":"Go for the Eyes","floor":15.0,"key":"SMITH"},{"floor":23.0,"key":"REST"},{"floor":25.0,"key":"REST"},{"floor":27.0,"key":"REST"},{"data":"Fission","floor":30.0,"key":"SMITH"},{"floor":32.0,"key":"REST"},{"data":"Fission","floor":40,"key":"SMITH"},{"floor":42,"key":"REST"},{"floor":49,"key":"REST"}],"neow_cost":"NO_GOLD","seed_source_timestamp":0,"circlet_count":0,"master_deck":["Strike_B","Defend_B","Defend_B","Defend_B","Defend_B","Zap","Dualcast","Creative AI+1","Coolheaded","Go for the Eyes+1","Cold Snap","Coolheaded","Coolheaded","Storm","Chill","Reboot","Capacitor","Defragment+1","Ball Lightning","Fission+1","Skim","Electrodynamics","Redo+1","Stack+1","Fission+1","Capacitor","Go for the Eyes+1","Turbo","Storm","Turbo+1","Double Energy"],"special_seed":0,"relics":["Cracked Core","Thread and Needle","Potion Belt","White Beast Statue","WarpedTongs","Strawberry","Centennial Puzzle","Runic Pyramid","Omamori","Shuriken"],"potions_floor_usage":[33,33,38,38,41,44,44,50,50,50,50,50],"damage_taken":[{"damage":6.0,"enemies":"Jaw Worm","floor":1.0,"turns":3.0},{"damage":0.0,"enemies":"Cultist","floor":2.0,"turns":4.0},{"damage":0.0,"enemies":"2 Louse","floor":3.0,"turns":2.0},{"damage":0.0,"enemies":"Blue Slaver","floor":4.0,"turns":4.0},{"damage":3.0,"enemies":"Looter","floor":5.0,"turns":3.0},{"damage":0.0,"enemies":"Large Slime","floor":7.0,"turns":7.0},{"damage":18.0,"enemies":"Gremlin Nob","floor":8.0,"turns":6.0},{"damage":5.0,"enemies":"Lots of Slimes","floor":11.0,"turns":6.0},{"damage":0.0,"enemies":"Looter","floor":12.0,"turns":4.0},{"damage":6.0,"enemies":"The Guardian","floor":16.0,"turns":8.0},{"damage":26.0,"enemies":"3 Byrds","floor":18.0,"turns":6.0},{"damage":1.0,"enemies":"Shell Parasite","floor":19.0,"turns":11.0},{"damage":60.0,"enemies":"Slavers","floor":24.0,"turns":5.0},{"damage":13.0,"enemies":"Snecko","floor":28.0,"turns":4.0},{"damage":6.0,"enemies":"Chosen and Byrds","floor":29.0,"turns":8.0},{"damage":14,"enemies":"Automaton","floor":33,"turns":10},{"damage":7,"enemies":"3 Shapes","floor":35,"turns":2},{"damage":3,"enemies":"Orb Walker","floor":36,"turns":4},{"damage":9,"enemies":"Jaw Worm Horde","floor":38,"turns":2},{"damage":0,"enemies":"Maw","floor":39,"turns":7},{"damage":5,"enemies":"Giant Head","floor":41,"turns":8},{"damage":2,"enemies":"Spire Growth","floor":44,"turns":4},{"damage":28,"enemies":"3 Darklings","floor":45,"turns":3},{"damage":0,"enemies":"Transient","floor":47,"turns":5},{"damage":55,"enemies":"Time Eater","floor":50,"turns":10}],"seed_played":"-4164377661400474738","potions_obtained":[{"floor":3.0,"key":"SteroidPotion"},{"floor":5.0,"key":"Strength Potion"},{"floor":8.0,"key":"FearPotion"},{"floor":11.0,"key":"PowerPotion"},{"floor":18.0,"key":"Swift Potion"},{"floor":19.0,"key":"SkillPotion"},{"floor":24.0,"key":"Strength Potion"},{"floor":28.0,"key":"Block Potion"},{"floor":29.0,"key":"Fire Potion"},{"floor":33,"key":"GamblersBrew"},{"floor":35,"key":"AttackPotion"},{"floor":36,"key":"Swift Potion"},{"floor":38,"key":"FocusPotion"},{"floor":39,"key":"GamblersBrew"},{"floor":41,"key":"AttackPotion"},{"floor":44,"key":"Strength Potion"},{"floor":45,"key":"Poison Potion"}],"is_trial":false,"path_per_floor":["?","$","?","?","M","?","M","?","?"],"character_chosen":"DEFECT","items_purchased":["Chill","Defragment","Ball Lightning","Fission","Capacitor"],"campfire_rested":7,"item_purchase_floors":[14,21,21,37,37],"current_hp_per_floor":[69,69,69,69,66,66,66,48,48,48,43,43,65,65,65,59,75,49,48,48,48,48,70,17,41,41,65,52,46,46,46,70,56,82,75,72,72,63,63,63,58,82,82,80,52,52,52,52,75,20],"gold":177,"neow_bonus":"THREE_RARE_CARDS","is_prod":false,"is_daily":false,"chose_seed":false,"campfire_upgraded":4,"win_rate":0,"timestamp":1559431555,"path_taken":["M","M","M","M","M","R","M","E","T","?","M","M","R","?","R","BOSS","M","M","?","$","?","R","E","R","T","R","M","?","R","?","R","BOSS","M","M","$","M","M","R","E","R","T","M","?","?","M","?","R","BOSS"],"build_version":"2019-01-23","purchased_purges":2,"victory":true,"max_hp_per_floor":[75,75,75,75,75,75,75,75,75,75,75,75,75,75,75,75,75,75,75,75,75,75,75,82,82,82,82,82,82,82,82,82,82,82,82,82,82,82,82,82,82,82,82,82,82,82,82,78,78,78],"card_choices":[{"not_picked":["Machine Learning","Buffer"],"picked":"Creative AI","floor":0.0},{"not_picked":["Redo","Aggregate"],"picked":"Coolheaded","floor":1.0},{"not_picked":["Streamline","Rebound"],"picked":"Go for the Eyes","floor":2.0},{"not_picked":["Coolheaded","Rebound"],"picked":"Cold Snap","floor":3.0},{"not_picked":["Sweeping Beam","BootSequence"],"picked":"Coolheaded","floor":4.0},{"not_picked":["Reprogram","Stack","Turbo"],"picked":"SKIP","floor":5.0},{"not_picked":["Rainbow","Reinforced Body"],"picked":"Coolheaded","floor":7.0},{"not_picked":["Force Field","Fusion"],"picked":"Storm","floor":8.0},{"not_picked":["Beam Cell","Tempest","Redo"],"picked":"SKIP","floor":11.0},{"not_picked":["Barrage","Hello World","Redo"],"picked":"SKIP","floor":12.0},{"not_picked":["All For One","Machine Learning"],"picked":"Reboot","floor":16.0},{"not_picked":["Genetic Algorithm+1","Rip and Tear"],"picked":"Capacitor","floor":18.0},{"not_picked":["Redo","Steam","Stack+1"],"picked":"SKIP","floor":19.0},{"not_picked":["White Noise","Turbo+1"],"picked":"Fission","floor":24.0},{"not_picked":["Beam Cell+1","Coolheaded+1"],"picked":"Skim","floor":28.0},{"not_picked":["Hologram","Darkness","Leap"],"picked":"SKIP","floor":29.0},{"not_picked":["Hyperbeam","All For One"],"picked":"Electrodynamics","floor":33},{"not_picked":["Coolheaded","Hologram"],"picked":"Redo+1","floor":35},{"not_picked":["Skim","Gash+1"],"picked":"Stack+1","floor":36},{"not_picked":["Gash","FTL","Barrage"],"picked":"SKIP","floor":38},{"not_picked":["Chill+1","Amplify"],"picked":"Go for the Eyes+1","floor":39},{"not_picked":["Barrage+1","Leap"],"picked":"Turbo","floor":41},{"not_picked":["Steam","Rip and Tear+1"],"picked":"Storm","floor":44},{"not_picked":["Barrage+1","Thunder Strike"],"picked":"Turbo+1","floor":45},{"not_picked":["Streamline","Coolheaded+1"],"picked":"Double Energy","floor":47}],"player_experience":580791,"relics_obtained":[{"floor":8.0,"key":"Thread and Needle"},{"floor":9.0,"key":"Potion Belt"},{"floor":24.0,"key":"Strawberry"},{"floor":26.0,"key":"Centennial Puzzle"},{"floor":41,"key":"Omamori"},{"floor":43,"key":"Shuriken"}],"event_choices":[{"cards_removed":["Strike_B"],"damage_healed":0.0,"max_hp_gain":0.0,"max_hp_loss":0.0,"gold_gain":0.0,"event_name":"Bonfire Elementals","player_choice":"Offered Basic","floor":10.0,"gold_loss":0.0,"damage_taken":0.0},{"cards_removed":["Strike_B"],"damage_healed":0.0,"max_hp_gain":0.0,"max_hp_loss":0.0,"gold_gain":0.0,"event_name":"Back to Basics","player_choice":"Elegance","floor":20.0,"gold_loss":0.0,"damage_taken":0.0},{"damage_healed":0.0,"max_hp_gain":0.0,"max_hp_loss":0.0,"gold_gain":0.0,"event_name":"Accursed Blacksmith","player_choice":"Rummage","floor":22.0,"gold_loss":0.0,"damage_taken":0.0,"relics_obtained":["WarpedTongs"],"cards_obtained":["Pain"]},{"damage_healed":0.0,"max_hp_gain":0.0,"max_hp_loss":0.0,"gold_gain":0.0,"event_name":"Upgrade Shrine","player_choice":"Upgraded","floor":31.0,"gold_loss":0.0,"damage_taken":0.0,"cards_upgraded":["Defragment"]},{"damage_healed":0,"gold_gain":0,"player_choice":"Ignored","damage_taken":0,"max_hp_gain":0,"max_hp_loss":0,"event_name":"Tomb of Lord Red Mask","floor":46,"gold_loss":0},{"damage_healed":0,"gold_gain":0,"player_choice":"Max HP","damage_taken":0,"max_hp_gain":0,"max_hp_loss":4,"event_name":"Winding Halls","floor":48,"gold_loss":0}],"is_beta":false,"boss_relics":[{"not_picked":["Runic Dome","Velvet Choker"],"picked":"White Beast Statue"},{"not_picked":["Coffee Dripper","Sozu"],"picked":"Runic Pyramid"}],"items_purged_floors":[14,37],"is_endless":false,"potions_floor_spawned":[3,5,8,11,18,19,24,28,29,33,35,36,38,39,41,44,45,47],"ascension_level":0}