{"gold_per_floor":[112,112,130,140,151,176,176,203,203,203,220,220,250,250,250,345,345,364,454,168,178,197,224,241,241,241,269,55,89,103,119,119,222,222,240,260,278,33,44,74,74],"floor_reached":41,"playtime":10177,"items_purged":["Strike_G","Strike_G"],"score":774,"play_id":"1d55e1f8-9d35-4895-9680-b9841edbb2fd","local_time":"20190524181755","is_ascension_mode":true,"campfire_choices":[{"data":"Noxious Fumes","floor":7.0,"key":"SMITH"},{"data":"Neutralize","floor":10.0,"key":"SMITH"},{"data":"Dagger Spray","floor":12.0,"key":"SMITH"},{"data":"Glass Knife","floor":15.0,"key":"SMITH"},{"floor":32.0,"key":"REST"}],"neow_cost":"NONE","seed_source_timestamp":472973600565806,"circlet_count":0,"master_deck":["Defend_G","Defend_G","Defend_G","Defend_G","Defend_G","Survivor","Neutralize+1","Dagger Spray+1","Noxious Fumes+1","Bullet Time","Leg Sweep","Crippling Poison","Glass Knife+1","After Image","Choke","Bouncing Flask","Well Laid Plans","Catalyst+1","Deadly Poison+1","Dash","Footwork","Night Terror","Flechettes+1","Distraction+1","Corpse Explosion+1","Choke+1","Deadly Poison+1","PiercingWail+1"],"special_seed":0,"relics":["Ring of the Snake","Snake Skull","Bottled Flame","Sundial","Dodecahedron","Velvet Choker","Mummified Hand","Bottled Lightning","Paper Crane","Tough Bandages","Ancient Tea Set","Astrolabe","Pear","Smiling Mask"],"potions_floor_usage":[],"damage_taken":[{"damage":0.0,"enemies":"Small Slimes","floor":1.0,"turns":5.0},{"damage":1.0,"enemies":"Cultist","floor":3.0,"turns":5.0},{"damage":7.0,"enemies":"2 Louse","floor":4.0,"turns":3.0},{"damage":6.0,"enemies":"2 Fungi Beasts","floor":5.0,"turns":4.0},{"damage":22.0,"enemies":"3 Sentries","floor":6.0,"turns":7.0},{"damage":0.0,"enemies":"Lagavulin","floor":8.0,"turns":7.0},{"damage":0.0,"enemies":"Red Slaver","floor":11.0,"turns":5.0},{"damage":7.0,"enemies":"Gremlin Nob","floor":13.0,"turns":6.0},{"damage":2.0,"enemies":"Slime Boss","floor":16.0,"turns":9.0},{"damage":10.0,"enemies":"Chosen","floor":18.0,"turns":5.0},{"damage":0.0,"enemies":"Spheric Guardian","floor":21.0,"turns":4.0},{"damage":2.0,"enemies":"Centurion and Healer","floor":22.0,"turns":6.0},{"damage":5.0,"enemies":"Gremlin Leader","floor":23.0,"turns":6.0},{"damage":0.0,"enemies":"Snake Plant","floor":24.0,"turns":3.0},{"damage":31.0,"enemies":"Slavers","floor":27.0,"turns":5.0},{"damage":3.0,"enemies":"Gremlin Leader","floor":29.0,"turns":5.0},{"damage":0.0,"enemies":"3 Cultists","floor":30.0,"turns":5.0},{"damage":0.0,"enemies":"Snecko","floor":31.0,"turns":4.0},{"damage":14.0,"enemies":"Champ","floor":33.0,"turns":8.0},{"damage":0.0,"enemies":"3 Shapes","floor":35.0,"turns":4.0},{"damage":0.0,"enemies":"3 Darklings","floor":36.0,"turns":2.0},{"damage":32.0,"enemies":"Jaw Worm Horde","floor":37.0,"turns":5.0},{"damage":0.0,"enemies":"Spire Growth","floor":39.0,"turns":5.0},{"damage":47.0,"enemies":"Reptomancer","floor":40.0,"turns":8.0},{"damage":1,"enemies":"4 Shapes","floor":41,"turns":1}],"seed_played":"8389884858651295314","potions_obtained":[{"floor":2.0,"key":"Poison Potion"},{"floor":2.0,"key":"EntropicBrew"},{"floor":2.0,"key":"Dexterity Potion"},{"floor":4.0,"key":"FearPotion"},{"floor":8.0,"key":"Block Potion"},{"floor":16.0,"key":"SneckoOil"},{"floor":22.0,"key":"Swift Potion"},{"floor":23.0,"key":"EssenceOfSteel"},{"floor":27.0,"key":"GhostInAJar"},{"floor":31.0,"key":"Ancient Potion"},{"floor":35.0,"key":"Regen Potion"}],"is_trial":false,"path_per_floor":["M","?","M","M","M","E","R","E","T","R","M","R","E","?","R","B",null,"M","?","$","M","M","E","M","T","T","E","$","E","M","M","R","B",null,"M","M","M","$","M","E","M"],"character_chosen":"THE_SILENT","items_purchased":["Bouncing Flask","Well Laid Plans","Weak Potion","SpeedPotion","Footwork","GhostInAJar","Pear"],"campfire_rested":1,"item_purchase_floors":[20,20,20,20,28,28,38],"current_hp_per_floor":[70,70,69,62,56,34,34,34,34,34,34,34,27,52,52,50,70,60,46,46,46,44,39,39,39,39,8,8,5,5,5,28,14,61,61,70,38,48,48,1,0],"gold":74,"neow_bonus":"TEN_PERCENT_HP_BONUS","is_prod":false,"is_daily":false,"chose_seed":false,"campfire_upgraded":4,"win_rate":0,"timestamp":1558702075,"path_taken":["M","?","M","M","?","E","R","E","T","R","M","R","E","?","R","BOSS","M","?","?","?","M","E","?","?","T","E","$","E","M","M","R","BOSS","M","M","M","$","M","E","M"],"build_version":"2019-01-23","purchased_purges":2,"victory":false,"max_hp_per_floor":[77,77,77,77,77,77,77,77,77,77,77,77,77,77,77,77,77,77,77,77,77,77,77,77,77,77,77,77,77,77,77,77,77,77,77,77,77,87,87,87,87],"card_choices":[{"not_picked":["Dodge and Roll","Underhanded Strike"],"picked":"Dagger Spray","floor":1.0},{"not_picked":["Flying Knee","All Out Attack"],"picked":"Noxious Fumes","floor":3.0},{"not_picked":["Flying Knee","Expertise","Dodge and Roll"],"picked":"SKIP","floor":4.0},{"not_picked":["Riddle With Holes","Heel Hook"],"picked":"Bullet Time","floor":5.0},{"not_picked":["Acrobatics","Escape Plan"],"picked":"Leg Sweep","floor":6.0},{"not_picked":["Terror","Prepared"],"picked":"Crippling Poison","floor":8.0},{"not_picked":["Sucker Punch","Slice","Dagger Throw"],"picked":"SKIP","floor":11.0},{"not_picked":["Slice","Acrobatics"],"picked":"Glass Knife","floor":13.0},{"not_picked":["Tools of the Trade","Malaise"],"picked":"After Image","floor":16.0},{"not_picked":["All Out Attack","Slice"],"picked":"Choke","floor":18.0},{"not_picked":["All Out Attack","Calculated Gamble"],"picked":"Catalyst+1","floor":21.0},{"not_picked":["Prepared","Backflip","Crippling Poison"],"picked":"SKIP","floor":22.0},{"not_picked":["Masterful Stab","Caltrops"],"picked":"Deadly Poison+1","floor":23.0},{"not_picked":["Flying Knee","Cloak And Dagger+1"],"picked":"Dash","floor":24.0},{"not_picked":["Calculated Gamble","Caltrops+1","Quick Slash"],"picked":"SKIP","floor":27.0},{"not_picked":["Masterful Stab","Caltrops","Quick Slash"],"picked":"SKIP","floor":29.0},{"not_picked":["Dodge and Roll","Dagger Throw","Heel Hook+1"],"picked":"SKIP","floor":30.0},{"not_picked":["Dagger Throw+1","Poisoned Stab+1","Storm of Steel"],"picked":"SKIP","floor":31.0},{"not_picked":["A Thousand Cuts","Unload"],"picked":"Night Terror","floor":33.0},{"not_picked":["Blade Dance+1","Deflect+1"],"picked":"Choke+1","floor":35.0},{"not_picked":["Cloak And Dagger+1","Escape Plan","Dagger Throw+1"],"picked":"SKIP","floor":36.0},{"not_picked":["Bane+1","Dagger Spray"],"picked":"Deadly Poison+1","floor":37.0},{"not_picked":["Deflect+1","Cloak And Dagger"],"picked":"PiercingWail+1","floor":39.0},{"not_picked":["Dodge and Roll+1","Heel Hook","Calculated Gamble"],"picked":"SKIP","floor":40.0}],"player_experience":719361,"relics_obtained":[{"floor":6.0,"key":"Snake Skull"},{"floor":8.0,"key":"Bottled Flame"},{"floor":9.0,"key":"Sundial"},{"floor":13.0,"key":"Dodecahedron"},{"floor":23.0,"key":"Mummified Hand"},{"floor":25.0,"key":"Bottled Lightning"},{"floor":26.0,"key":"Paper Crane"},{"floor":27.0,"key":"Tough Bandages"},{"floor":29.0,"key":"Ancient Tea Set"},{"floor":40.0,"key":"Smiling Mask"}],"event_choices":[{"damage_healed":0.0,"max_hp_gain":0.0,"max_hp_loss":0.0,"gold_gain":0.0,"event_name":"Lab","player_choice":"Got Potions","floor":2.0,"gold_loss":0.0,"damage_taken":0.0},{"damage_healed":25.0,"max_hp_gain":0.0,"max_hp_loss":0.0,"gold_gain":0.0,"event_name":"Big Fish","player_choice":"Banana","floor":14.0,"gold_loss":0.0,"damage_taken":0.0},{"damage_healed":0.0,"max_hp_gain":0.0,"max_hp_loss":0.0,"gold_gain":90.0,"event_name":"Knowing Skull","player_choice":"GOLD ","floor":19.0,"potions_obtained":[],"gold_loss":0.0,"damage_taken":14.0,"cards_obtained":[]}],"is_beta":false,"boss_relics":[{"not_picked":["Tiny House","Black Star"],"picked":"Velvet Choker"},{"not_picked":["Lizard Tail","WristBlade"],"picked":"Astrolabe"}],"items_purged_floors":[20,28],"is_endless":false,"potions_floor_spawned":[4,8,11,16,22,23,27,31,35],"killed_by":"4 Shapes","ascension_level":7}