{"gold_per_floor":[20,20,34,53,64,64,64,64,64,98,110,140,152,179,191,303,315,340,362,324,190,203,203,232,38,38,38,52,52,81,142,142,238,238,256,65,165,175,229,29,61,61,88,122,122,132,132,132,132,132,132,132,7,37,37],"floor_reached":55,"playtime":5589,"items_purged":["Strike_R","Strike_R"],"score":988,"play_id":"8730481f-3b44-4ef8-b4b5-22e646586ecc","local_time":"20181212064820","is_ascension_mode":true,"campfire_choices":[{"floor":6,"key":"RECALL"},{"data":"True Grit","floor":8,"key":"SMITH"},{"data":"Feed","floor":11,"key":"SMITH"},{"data":"Armaments","floor":15,"key":"SMITH"},{"floor":23,"key":"REST"},{"floor":27,"key":"REST"},{"floor":29,"key":"REST"},{"floor":32,"key":"REST"},{"floor":42,"key":"REST"},{"floor":47,"key":"REST"},{"floor":49,"key":"REST"},{"floor":52,"key":"REST"}],"neow_cost":"NO_GOLD","seed_source_timestamp":0,"circlet_count":0,"master_deck":["Bash","Inflame+1","True Grit+1","Cleave","Cleave","Feed+1","Clothesline","Armaments+1","Shockwave+1","Spot Weakness+1","Warcry+1","Flash of Steel","Feel No Pain+1","Headbutt+1","Armaments+1","Impervious+1","Headbutt","Havoc+1","Dual Wield+1","Cleave","Clothesline","Cleave","Shrug It Off+1","BootSequence+1","Calculated Gamble+1","Backflip+1","Madness+1","Heavy Blade","Flash of Steel","Shockwave+1"],"special_seed":0,"relics":["Burning Blood","Charon\u0027s Ashes","Mummified Hand","MawBank","Fusion Hammer","Toxic Egg 2","Incense Burner","WingedGreaves","Tiny Chest","Pandora\u0027s Box","PrismaticShard","Turnip","Nunchaku","Anchor","Dream Catcher","War Paint","Magic Flower","StoneCalendar"],"potions_floor_usage":[10,24,30,46,50,50,55,55],"damage_taken":[{"damage":9.0,"enemies":"Jaw Worm","floor":1.0,"turns":6.0},{"damage":7.0,"enemies":"Small Slimes","floor":3.0,"turns":3.0},{"damage":5.0,"enemies":"2 Louse","floor":4.0,"turns":4.0},{"damage":15,"enemies":"Exordium Thugs","floor":5,"turns":5},{"damage":26,"enemies":"Lagavulin","floor":10,"turns":10},{"damage":25,"enemies":"2 Fungi Beasts","floor":12,"turns":4},{"damage":0,"enemies":"Exordium Wildlife","floor":14,"turns":2},{"damage":21,"enemies":"Slime Boss","floor":16,"turns":9},{"damage":48,"enemies":"Shell Parasite","floor":18,"turns":8},{"damage":5,"enemies":"2 Thieves","floor":19,"turns":3},{"damage":18,"enemies":"Centurion and Healer","floor":22,"turns":7},{"damage":18,"enemies":"Book of Stabbing","floor":24,"turns":7},{"damage":21,"enemies":"Snake Plant","floor":28,"turns":4},{"damage":61,"enemies":"Gremlin Leader","floor":30,"turns":7},{"damage":5,"enemies":"Slavers","floor":31,"turns":6},{"damage":62,"enemies":"Collector","floor":33,"turns":10},{"damage":20,"enemies":"3 Darklings","floor":35,"turns":3},{"damage":5,"enemies":"Mind Bloom Boss Battle","floor":37,"turns":7},{"damage":25,"enemies":"3 Shapes","floor":38,"turns":4},{"damage":16,"enemies":"2 Orb Walkers","floor":39,"turns":5},{"damage":14,"enemies":"Nemesis","floor":41,"turns":9},{"damage":57,"enemies":"Giant Head","floor":44,"turns":8},{"damage":11,"enemies":"Sphere and 2 Shapes","floor":46,"turns":4},{"damage":37,"enemies":"Donu and Deca","floor":50,"turns":10},{"damage":98,"enemies":"Shield and Spear","floor":54,"turns":7},{"damage":67,"enemies":"The Heart","floor":55,"turns":9}],"seed_played":"5275340029455688918","potions_obtained":[{"floor":3.0,"key":"Weak Potion"},{"floor":4.0,"key":"Ancient Potion"},{"floor":10,"key":"Ancient Potion"},{"floor":16,"key":"Explosive Potion"},{"floor":19,"key":"SkillPotion"},{"floor":24,"key":"Ancient Potion"},{"floor":28,"key":"Dexterity Potion"},{"floor":37,"key":"Weak Potion"},{"floor":41,"key":"GamblersBrew"},{"floor":46,"key":"Fruit Juice"}],"is_trial":false,"path_per_floor":["M","?","M","M","M","R","?","R","T","E","R","M","?","M","R","B",null,"M","M","?","$","M","R","E","$","T","R","M","R","E","E","R","B",null,"M","$","?","M","?","$","E","R","T","E","?","M","R","?","R","B",null,"R","$","E","B"],"character_chosen":"IRONCLAD","items_purchased":["Spot Weakness","Flash of Steel","PrismaticShard","Anchor","Shrug It Off+1","EssenceOfSteel","PowerPotion"],"campfire_rested":8,"item_purchase_floors":[21,25,36,40,40,53,53],"current_hp_per_floor":[77,74,73,74,65,65,65,65,65,45,45,30,30,40,40,29,92,54,55,55,55,47,77,69,69,69,100,89,108,53,58,91,35,112,102,102,115,100,94,94,86,126,126,75,75,90,134,134,149,127,153,153,153,64,0],"gold":37,"neow_bonus":"ONE_RARE_RELIC","is_prod":false,"is_daily":false,"chose_seed":false,"campfire_upgraded":3,"win_rate":0,"timestamp":1544615300,"path_taken":["M","?","M","M","M","R","?","R","T","E","R","M","?","M","R","BOSS","M","M","?","?","M","R","E","$","T","R","M","R","E","E","R","BOSS","M","$","?","M","?","?","E","R","T","E","?","?","R","?","R","BOSS","R","$","E","BOSS"],"build_version":"2018-12-06","purchased_purges":2,"victory":false,"max_hp_per_floor":[80,80,80,80,80,80,80,80,80,80,80,84,84,88,88,92,92,96,96,96,96,100,100,104,104,104,104,108,108,108,112,112,112,112,116,116,128,132,136,136,136,136,136,136,136,149,149,149,149,153,153,153,153,153,153],"card_choices":[{"not_picked":["Thunderclap","Heavy Blade"],"picked":"Inflame","floor":1.0},{"not_picked":["Thunderclap","Cleave"],"picked":"True Grit","floor":3.0},{"not_picked":["Rage","Clothesline"],"picked":"Cleave","floor":4.0},{"not_picked":["Corruption","Berserk","Sentinel"],"picked":"SKIP","floor":5},{"not_picked":["Evolve","True Grit"],"picked":"Feed","floor":10},{"not_picked":["Body Slam","Intimidate"],"picked":"Clothesline","floor":12},{"not_picked":["Clash","Cleave"],"picked":"Armaments","floor":14},{"not_picked":["Fire Breathing+1","Clothesline","Dual Wield+1"],"picked":"SKIP","floor":18},{"not_picked":["Sword Boomerang+1","Anger"],"picked":"Shockwave+1","floor":19},{"not_picked":["Cleave","Reckless Charge","Thunderclap"],"picked":"SKIP","floor":22},{"not_picked":["Blood for Blood+1","Entrench+1"],"picked":"Warcry","floor":24},{"not_picked":["Rupture","Havoc+1"],"picked":"Feel No Pain+1","floor":28},{"not_picked":["Sword Boomerang","Reaper"],"picked":"Headbutt+1","floor":30},{"not_picked":["Shrug It Off+1","Anger+1"],"picked":"Armaments+1","floor":31},{"not_picked":["Dark Embrace","Brutality"],"picked":"Impervious+1","floor":33},{"not_picked":["Dual Wield+1","Pommel Strike","Iron Wave"],"picked":"SKIP","floor":35},{"not_picked":["Predator","Perfected Strike","Acrobatics+1"],"picked":"SKIP","floor":38},{"not_picked":["Sucker Punch+1","Sucker Punch+1","Die Die Die"],"picked":"SKIP","floor":41},{"not_picked":["Beam Cell+1","Power Through+1"],"picked":"BootSequence+1","floor":42},{"not_picked":["Gash","Barricade"],"picked":"Calculated Gamble+1","floor":44},{"not_picked":["Discovery+1","Rip and Tear","Headbutt+1"],"picked":"SKIP","floor":46},{"not_picked":["Tempest+1","Body Slam"],"picked":"Backflip+1","floor":47},{"not_picked":["Forethought+1","Blind+1"],"picked":"Madness+1","floor":48},{"not_picked":["PiercingWail+1","Armaments+1"],"picked":"Heavy Blade","floor":49},{"not_picked":["Bane+1","Chill+1"],"picked":"Flash of Steel","floor":52},{"not_picked":["Slice+1","Tactician+1"],"picked":"Shockwave+1","floor":54}],"player_experience":223202,"relics_obtained":[{"floor":10,"key":"MawBank"},{"floor":24,"key":"Toxic Egg 2"},{"floor":26,"key":"Incense Burner"},{"floor":30,"key":"WingedGreaves"},{"floor":31,"key":"Tiny Chest"},{"floor":37,"key":"Turnip"},{"floor":39,"key":"Nunchaku"},{"floor":41,"key":"Dream Catcher"},{"floor":43,"key":"War Paint"},{"floor":44,"key":"Magic Flower"},{"floor":54,"key":"StoneCalendar"}],"event_choices":[{"damage_healed":0.0,"max_hp_gain":0.0,"max_hp_loss":0.0,"gold_gain":0.0,"event_name":"Scrap Ooze","player_choice":"Success","floor":2.0,"gold_loss":0.0,"damage_taken":3.0,"relics_obtained":["Mummified Hand"]},{"damage_healed":0,"gold_gain":0,"cards_transformed":["Strike_R"],"player_choice":"Change","damage_taken":0,"max_hp_gain":0,"max_hp_loss":0,"event_name":"Living Wall","floor":7,"gold_loss":0,"cards_obtained":["Cleave"]},{"damage_healed":0,"gold_gain":0,"player_choice":"Searched \u00271\u0027 times","damage_taken":0,"max_hp_gain":0,"max_hp_loss":0,"event_name":"Dead Adventurer","floor":13,"gold_loss":0},{"damage_healed":0,"gold_gain":0,"player_choice":"Bet on Murderer","damage_taken":0,"max_hp_gain":0,"max_hp_loss":0,"event_name":"The Joust","floor":20,"gold_loss":50},{"damage_healed":0,"gold_gain":0,"player_choice":"Fight","damage_taken":0,"max_hp_gain":0,"max_hp_loss":0,"event_name":"MindBloom","floor":37,"gold_loss":0},{"damage_healed":0,"gold_gain":0,"player_choice":"Fight","damage_taken":0,"max_hp_gain":0,"max_hp_loss":0,"event_name":"Mysterious Sphere","floor":39,"gold_loss":0},{"damage_healed":0,"gold_gain":0,"player_choice":"Forge","damage_taken":0,"max_hp_gain":0,"max_hp_loss":0,"event_name":"Accursed Blacksmith","floor":45,"gold_loss":0,"cards_upgraded":["Inflame"]},{"damage_healed":0,"gold_gain":0,"player_choice":"Memory 1","damage_taken":0,"max_hp_gain":0,"max_hp_loss":0,"event_name":"SensoryStone","floor":48,"gold_loss":0}],"is_beta":false,"boss_relics":[{"not_picked":["Ectoplasm","Velvet Choker"],"picked":"Fusion Hammer"},{"not_picked":["Empty Cage","Busted Crown"],"picked":"Pandora\u0027s Box"}],"items_purged_floors":[21,25],"is_endless":false,"potions_floor_spawned":[3,4,10,16,19,24,28,37,41,44,46],"killed_by":"The Heart","ascension_level":4}