{"gold_per_floor":[361,379,395,51,126,126,152,172,172,183,197,197,230,250,250,250],"floor_reached":16,"playtime":2720,"items_purged":[],"score":114,"play_id":"59fe8920-0817-471f-831c-5852e6cf8d13","local_time":"20190513072325","is_ascension_mode":false,"campfire_choices":[{"data":"Inflame","floor":6.0,"key":"SMITH"},{"data":"True Grit","floor":12,"key":"SMITH"},{"data":"Intimidate","floor":15,"key":"SMITH"}],"neow_cost":"TEN_PERCENT_HP_LOSS","seed_source_timestamp":302293771746983,"circlet_count":0,"master_deck":["Strike_R","Strike_R","Strike_R","Strike_R","Strike_R","Defend_R","Defend_R","Defend_R","Defend_R","Bash","Clothesline","Inflame+1","Uppercut","Heavy Blade","Inflame","True Grit+1","Intimidate+1","Thunderclap"],"special_seed":0,"relics":["Burning Blood","Frozen Eye","PreservedInsect","Juzu Bracelet","Omamori","Matryoshka"],"potions_floor_usage":[7,13,16],"damage_taken":[{"damage":6.0,"enemies":"Cultist","floor":1.0,"turns":5.0},{"damage":5.0,"enemies":"Small Slimes","floor":2.0,"turns":5.0},{"damage":0.0,"enemies":"2 Louse","floor":3.0,"turns":3.0},{"damage":27,"enemies":"Gremlin Nob","floor":7,"turns":5},{"damage":11,"enemies":"Red Slaver","floor":8,"turns":3},{"damage":22,"enemies":"Gremlin Gang","floor":10,"turns":7},{"damage":9,"enemies":"3 Louse","floor":11,"turns":4},{"damage":22,"enemies":"Lagavulin","floor":13,"turns":5},{"damage":0,"enemies":"2 Fungi Beasts","floor":14,"turns":4},{"damage":34,"enemies":"The Guardian","floor":16,"turns":8}],"seed_played":"935993339736630794","potions_obtained":[{"floor":1.0,"key":"Regen Potion"},{"floor":10,"key":"AttackPotion"},{"floor":14,"key":"Regen Potion"}],"is_trial":false,"path_per_floor":["M","M","M","$","?","R","E","M","T","M","M","R","E","M","R","B"],"character_chosen":"IRONCLAD","items_purchased":["Frozen Eye","PreservedInsect"],"campfire_rested":0,"item_purchase_floors":[4,4],"current_hp_per_floor":[72,72,72,72,61,61,49,44,44,28,25,25,9,15,15,0],"gold":250,"neow_bonus":"TWO_FIFTY_GOLD","is_prod":false,"is_daily":false,"chose_seed":false,"campfire_upgraded":3,"win_rate":0,"timestamp":1557712405,"path_taken":["M","M","M","$","?","R","E","M","T","M","M","R","E","M","R","BOSS"],"build_version":"2019-01-23","purchased_purges":0,"victory":false,"max_hp_per_floor":[72,72,72,72,72,72,72,72,72,72,72,72,72,72,72,72],"card_choices":[{"not_picked":["Dual Wield","Perfected Strike"],"picked":"Clothesline","floor":1.0},{"not_picked":["Wild Strike","Burning Pact"],"picked":"Inflame","floor":2.0},{"not_picked":["Dropkick","Cleave"],"picked":"Uppercut","floor":3.0},{"not_picked":["Power Through","Carnage"],"picked":"Heavy Blade","floor":7},{"not_picked":["Flame Barrier","Thunderclap"],"picked":"Inflame","floor":8},{"not_picked":["Wild Strike","Hemokinesis","Bloodletting"],"picked":"SKIP","floor":10},{"not_picked":["Clash","Cleave"],"picked":"True Grit","floor":11},{"not_picked":["True Grit","Clash"],"picked":"Intimidate","floor":13},{"not_picked":["Wild Strike","Evolve"],"picked":"Thunderclap","floor":14}],"player_experience":207556,"relics_obtained":[{"floor":7,"key":"Juzu Bracelet"},{"floor":9,"key":"Omamori"},{"floor":13,"key":"Matryoshka"}],"event_choices":[{"damage_healed":0.0,"max_hp_gain":0.0,"max_hp_loss":0.0,"gold_gain":75.0,"event_name":"World of Goop","player_choice":"Gather Gold","floor":5.0,"gold_loss":0.0,"damage_taken":11.0}],"is_beta":false,"boss_relics":[],"items_purged_floors":[],"is_endless":false,"potions_floor_spawned":[1,10,14],"killed_by":"The Guardian","ascension_level":0}