{"gold_per_floor":[119,119,119,138,149,175,175,231,231,231,256,270,288,18,18,117,117,131,46,46,46],"floor_reached":21,"playtime":1541,"items_purged":["Strike_B"],"score":330,"play_id":"2eb19cc9-64d3-45f7-bf63-cac721256e2a","local_time":"20190529182316","is_ascension_mode":true,"campfire_choices":[{"data":"Dualcast","floor":7.0,"key":"SMITH"},{"data":"Capacitor","floor":10.0,"key":"SMITH"},{"data":"Loop","floor":15.0,"key":"SMITH"}],"neow_cost":"NONE","seed_source_timestamp":915370689008520,"circlet_count":0,"master_deck":["AscendersBane","Strike_B","Strike_B","Strike_B","Defend_B","Defend_B","Defend_B","Defend_B","Zap+1","Dualcast+1","Ball Lightning","Capacitor+1","Multi-Cast","Storm","Loop+1","Echo Form","Zap"],"special_seed":0,"relics":["Runic Pyramid","Cables","Tiny Chest","Pear","Regal Pillow","Pen Nib","Coffee Dripper","Gremlin Horn"],"potions_floor_usage":[],"damage_taken":[{"damage":0.0,"enemies":"Cultist","floor":1.0,"turns":4.0},{"damage":2.0,"enemies":"Jaw Worm","floor":4.0,"turns":3.0},{"damage":0.0,"enemies":"Small Slimes","floor":5.0,"turns":3.0},{"damage":15.0,"enemies":"Lagavulin","floor":6.0,"turns":7.0},{"damage":20.0,"enemies":"3 Sentries","floor":8.0,"turns":7.0},{"damage":15.0,"enemies":"Lagavulin","floor":11.0,"turns":6.0},{"damage":4.0,"enemies":"Exordium Thugs","floor":12.0,"turns":4.0},{"damage":7.0,"enemies":"3 Louse","floor":13.0,"turns":3.0},{"damage":12.0,"enemies":"Hexaghost","floor":16.0,"turns":9.0},{"damage":56.0,"enemies":"3 Byrds","floor":18.0,"turns":4.0},{"damage":14,"enemies":"Shell Parasite","floor":21,"turns":2}],"seed_played":"-4773264685869805637","potions_obtained":[{"floor":5.0,"key":"SteroidPotion"},{"floor":8.0,"key":"Strength Potion"},{"floor":11.0,"key":"Ancient Potion"},{"floor":12.0,"key":"Dexterity Potion"}],"is_trial":false,"path_per_floor":["M","?","?","M","M","E","R","E","T","R","E","M","M","$","R","B",null,"M","?","?","M"],"character_chosen":"DEFECT","items_purchased":["Pen Nib","SpeedPotion"],"campfire_rested":0,"item_purchase_floors":[14,14],"current_hp_per_floor":[68,73,73,71,71,56,56,36,46,46,31,27,20,20,20,8,70,14,14,14,0],"gold":46,"neow_bonus":"BOSS_RELIC","is_prod":false,"is_daily":false,"chose_seed":false,"campfire_upgraded":3,"win_rate":0,"timestamp":1559134396,"path_taken":["M","?","?","M","?","E","R","E","T","R","E","M","M","$","R","BOSS","M","?","?","M"],"build_version":"2019-01-23","purchased_purges":1,"victory":false,"max_hp_per_floor":[75,80,80,80,80,80,80,80,90,90,90,90,90,90,90,90,90,90,90,90,90],"card_choices":[{"not_picked":["Stack","Go for the Eyes"],"picked":"Ball Lightning","floor":1.0},{"not_picked":["Blizzard","Leap","Force Field"],"picked":"SKIP","floor":4.0},{"not_picked":["Reprogram","Redo"],"picked":"Capacitor","floor":5.0},{"not_picked":["Stack","Coolheaded","Sweeping Beam"],"picked":"SKIP","floor":6.0},{"not_picked":["Sweeping Beam","Rebound","Stack"],"picked":"SKIP","floor":8.0},{"not_picked":["Leap","White Noise"],"picked":"Multi-Cast","floor":11.0},{"not_picked":["Steam","Streamline","Storm"],"picked":"SKIP","floor":12.0},{"not_picked":["Steam","Streamline"],"picked":"Storm","floor":12.0},{"not_picked":["Capacitor","Gash"],"picked":"Loop","floor":13.0},{"not_picked":["Thunder Strike","Seek"],"picked":"Echo Form","floor":16.0},{"not_picked":["Leap","Rebound","Stack+1"],"picked":"SKIP","floor":18.0}],"player_experience":934074,"relics_obtained":[{"floor":6.0,"key":"Cables"},{"floor":8.0,"key":"Tiny Chest"},{"floor":9.0,"key":"Pear"},{"floor":11.0,"key":"Regal Pillow"}],"event_choices":[{"damage_healed":0.0,"max_hp_gain":5.0,"max_hp_loss":0.0,"gold_gain":0.0,"event_name":"Big Fish","player_choice":"Donut","floor":2.0,"gold_loss":0.0,"damage_taken":0.0},{"damage_healed":0.0,"max_hp_gain":0.0,"max_hp_loss":0.0,"gold_gain":0.0,"event_name":"Accursed Blacksmith","player_choice":"Forge","floor":3.0,"gold_loss":0.0,"damage_taken":0.0,"cards_upgraded":["Zap"]},{"damage_healed":0.0,"max_hp_gain":0.0,"max_hp_loss":0.0,"gold_gain":0.0,"event_name":"Addict","player_choice":"Obtained Relic","floor":19.0,"gold_loss":85.0,"damage_taken":0.0,"relics_obtained":["Gremlin Horn"]},{"damage_healed":0,"gold_gain":0,"player_choice":"1 cards matched","damage_taken":0,"max_hp_gain":0,"max_hp_loss":0,"event_name":"Match and Keep!","floor":20,"gold_loss":0,"cards_obtained":["Zap"]}],"is_beta":false,"boss_relics":[{"not_picked":["Nuclear Battery","Black Star"],"picked":"Coffee Dripper"}],"items_purged_floors":[14],"is_endless":false,"potions_floor_spawned":[5,8,11,12],"killed_by":"Shell Parasite","ascension_level":11}