{"gold_per_floor":[117,132,132,132,142,177,197,224,224,224],"floor_reached":10,"playtime":1459,"items_purged":[],"score":121,"play_id":"6e5d5db5-eb86-4925-a886-2fea6ec2331e","local_time":"20190530125335","is_ascension_mode":true,"campfire_choices":[],"neow_cost":"NONE","seed_source_timestamp":982049664637911,"circlet_count":0,"master_deck":["AscendersBane","Defend_G+1","Defend_G","Defend_G+1","Defend_G","Defend_G","Strike_G","Strike_G+1","Strike_G","Strike_G","Survivor","Neutralize","Bouncing Flask","Well Laid Plans","Choke+1","PiercingWail","Poisoned Stab","Bouncing Flask","Dash"],"special_seed":0,"relics":["Ring of the Snake","Calipers","Whetstone","Shuriken"],"potions_floor_usage":[8],"damage_taken":[{"damage":0.0,"enemies":"Small Slimes","floor":1.0,"turns":5.0},{"damage":0.0,"enemies":"Cultist","floor":2.0,"turns":4.0},{"damage":0.0,"enemies":"2 Louse","floor":5.0,"turns":2.0},{"damage":27.0,"enemies":"Gremlin Nob","floor":6.0,"turns":4.0},{"damage":0.0,"enemies":"Large Slime","floor":7.0,"turns":4.0},{"damage":16,"enemies":"Lagavulin","floor":8,"turns":6},{"damage":12,"enemies":"Gremlin Gang","floor":10,"turns":2}],"seed_played":"-1472700359148020239","potions_obtained":[{"floor":1.0,"key":"Swift Potion"},{"floor":5.0,"key":"LiquidBronze"},{"floor":8,"key":"Dexterity Potion"}],"is_trial":false,"path_per_floor":["M","M","?","?","M","E","M","E","T","M"],"character_chosen":"THE_SILENT","items_purchased":[],"campfire_rested":0,"item_purchase_floors":[],"current_hp_per_floor":[70,70,55,55,55,28,28,12,12,0],"gold":224,"neow_bonus":"TEN_PERCENT_HP_BONUS","is_prod":false,"is_daily":false,"chose_seed":false,"campfire_upgraded":0,"win_rate":0,"timestamp":1559201015,"path_taken":["M","M","?","?","M","E","M","E","T","M"],"build_version":"2019-01-23","purchased_purges":0,"victory":false,"max_hp_per_floor":[77,77,77,77,77,77,77,77,77,77],"card_choices":[{"not_picked":["Terror","Eviscerate"],"picked":"Bouncing Flask","floor":1.0},{"not_picked":["Deadly Poison","Noxious Fumes"],"picked":"Well Laid Plans","floor":2.0},{"not_picked":["PiercingWail","Setup","Prepared"],"picked":"SKIP","floor":5.0},{"not_picked":["Setup","Prepared"],"picked":"PiercingWail","floor":5.0},{"not_picked":["Accuracy","Outmaneuver"],"picked":"Poisoned Stab","floor":6.0},{"not_picked":["Sucker Punch","Dodge and Roll"],"picked":"Bouncing Flask","floor":7.0},{"not_picked":["PiercingWail","Flying Knee"],"picked":"Dash","floor":8}],"player_experience":963699,"relics_obtained":[{"floor":6.0,"key":"Calipers"},{"floor":8,"key":"Whetstone"},{"floor":9,"key":"Shuriken"}],"event_choices":[{"damage_healed":0.0,"max_hp_gain":0.0,"max_hp_loss":0.0,"gold_gain":0.0,"event_name":"Shining Light","player_choice":"Entered Light","floor":3.0,"gold_loss":0.0,"damage_taken":15.0,"cards_upgraded":["Defend_G","Defend_G"]},{"damage_healed":0.0,"max_hp_gain":0.0,"max_hp_loss":0.0,"gold_gain":0.0,"cards_transformed":["Strike_G"],"event_name":"Living Wall","player_choice":"Change","floor":4.0,"gold_loss":0.0,"damage_taken":0.0,"cards_obtained":["Choke"]}],"is_beta":false,"boss_relics":[],"items_purged_floors":[],"is_endless":false,"potions_floor_spawned":[1,5,8],"killed_by":"Gremlin Gang","ascension_level":11}