{"gold_per_floor":[109,109,109,125,150,181,201,201,201,201,215,215,229,24,24,24],"floor_reached":16,"playtime":1322,"items_purged":[],"score":102,"play_id":"fb9a6162-6e86-467f-b849-6a17bab5fd3e","local_time":"20190213184301","is_ascension_mode":false,"campfire_choices":[{"floor":8,"key":"REST"},{"floor":12,"key":"REST"},{"data":"Transmutation","floor":15,"key":"SMITH"}],"neow_cost":"NONE","seed_source_timestamp":77586401175086,"circlet_count":0,"master_deck":["Defend_G","Defend_G","Defend_G","Defend_G","Defend_G","Strike_G+1","Strike_G+1","Strike_G","Strike_G","Strike_G","Survivor","Neutralize","Blade Dance","Injury","A Thousand Cuts","Quick Slash","Bullet Time","Dodge and Roll","Blur","Footwork+1","Transmutation+1","Backstab"],"relics":["Ring of the Snake","Golden Idol","Frozen Egg 2","Letter Opener"],"potions_floor_usage":[],"damage_taken":[{"damage":0,"enemies":"2 Louse","floor":1,"turns":4},{"damage":0,"enemies":"Small Slimes","floor":4,"turns":2},{"damage":2,"enemies":"Cultist","floor":5,"turns":4},{"damage":24,"enemies":"Lagavulin","floor":6,"turns":8},{"damage":18,"enemies":"Large Slime","floor":7,"turns":6},{"damage":0,"enemies":"Blue Slaver","floor":11,"turns":4},{"damage":1,"enemies":"Lots of Slimes","floor":13,"turns":6},{"damage":55,"enemies":"Slime Boss","floor":16,"turns":9}],"seed_played":"-4529264989789835515","potions_obtained":[{"floor":0,"key":"Swift Potion"},{"floor":0,"key":"EssenceOfSteel"},{"floor":0,"key":"SmokeBomb"},{"floor":13,"key":"SneckoOil"}],"is_trial":false,"path_per_floor":["?","?","?"],"character_chosen":"THE_SILENT","items_purchased":["Transmutation","Backstab"],"campfire_rested":2,"item_purchase_floors":[14,14],"current_hp_per_floor":[70,56,56,56,54,30,12,33,33,33,33,54,53,53,53,0],"gold":24,"neow_bonus":"THREE_SMALL_POTIONS","is_prod":false,"is_daily":false,"chose_seed":false,"campfire_upgraded":1,"win_rate":0.0,"timestamp":1550101381,"path_taken":["M","?","?","M","M","E","M","R","T","?","M","R","M","$","R","BOSS"],"build_version":"2019-01-23","purchased_purges":0,"victory":false,"max_hp_per_floor":[70,70,70,70,70,70,70,70,70,70,70,70,70,70,70,70],"card_choices":[{"not_picked":["Dodge and Roll","Slice"],"picked":"Blade Dance","floor":1},{"not_picked":["Acrobatics","Poisoned Stab"],"picked":"A Thousand Cuts","floor":4},{"not_picked":["Dodge and Roll","Underhanded Strike"],"picked":"Quick Slash","floor":5},{"not_picked":["Heel Hook","Sucker Punch"],"picked":"Bullet Time","floor":6},{"not_picked":["Dagger Spray","Deadly Poison"],"picked":"Dodge and Roll","floor":7},{"not_picked":["PiercingWail","Tactician"],"picked":"Blur","floor":11},{"not_picked":["Escape Plan","Bane"],"picked":"Footwork+1","floor":13}],"player_experience":12817,"relics_obtained":[{"floor":6,"key":"Frozen Egg 2"},{"floor":9,"key":"Letter Opener"}],"event_choices":[{"damage_healed":0,"gold_gain":0,"player_choice":"Entered Light","damage_taken":14,"max_hp_gain":0,"max_hp_loss":0,"event_name":"Shining Light","floor":2,"gold_loss":0,"cards_upgraded":["Strike_G","Strike_G"]},{"damage_healed":0,"gold_gain":0,"player_choice":"Take Wound","damage_taken":0,"relics_obtained":["Golden Idol"],"max_hp_gain":0,"max_hp_loss":0,"event_name":"Golden Idol","floor":3,"gold_loss":0,"cards_obtained":["Injury"]},{"damage_healed":0,"gold_gain":0,"player_choice":"Bought 0 Potions","damage_taken":0,"max_hp_gain":0,"max_hp_loss":0,"event_name":"The Woman in Blue","floor":10,"gold_loss":0}],"is_beta":false,"boss_relics":[],"items_purged_floors":[],"is_endless":false,"potions_floor_spawned":[4,7,13],"killed_by":"Slime Boss","ascension_level":0}