{"gold_per_floor":[111,111,131,144,162,162,178,178,178,178,204,222,240,253,253,350,350,366,29,29,29,40,40,60,60,60,60,72,106,21,21,21,120,120,130,55,0,0,10,38,38,70,70,82,108,220,59,93,93,93,93,93,13,44,44],"floor_reached":56,"playtime":1764,"items_purged":["Writhe","Warcry"],"score":1925,"play_id":"4c3283ac-cdef-473c-9dc5-53b419d72834","local_time":"20190402035143","is_ascension_mode":true,"campfire_choices":[{"data":"Body Slam","floor":6.0,"key":"SMITH"},{"data":"Barricade","floor":8.0,"key":"SMITH"},{"data":"Immolate","floor":15,"key":"SMITH"},{"data":"Body Slam","floor":23,"key":"SMITH"},{"data":"Body Slam","floor":25,"key":"SMITH"},{"data":"Battle Trance","floor":32,"key":"SMITH"},{"data":"Offering","floor":41,"key":"SMITH"},{"floor":49,"key":"RECALL"},{"data":"Power Through","floor":52,"key":"SMITH"}],"neow_cost":"TEN_PERCENT_HP_LOSS","seed_source_timestamp":1224889197365657,"circlet_count":0,"master_deck":["Barricade+1","Fiend Fire","Battle Trance+1","Good Instincts","Pummel","Body Slam+1","Shrug It Off","Shrug It Off","Immolate+1","Iron Wave","Iron Wave","Evolve+1","Body Slam+1","Corruption+1","Shrug It Off","Dual Wield","Battle Trance","Reckless Charge","Shrug It Off+1","Flame Barrier","Body Slam+1","Sentinel","Offering+1","Feel No Pain+1","Disarm","Armaments+1","Flame Barrier+1","Power Through+1","Sentinel","Finesse","Shockwave"],"special_seed":0,"relics":["Burning Blood","Frozen Egg 2","Pandora\u0027s Box","Mummified Hand","Ancient Tea Set","Pantograph","Art of War","Oddly Smooth Stone","Runic Dome","Red Mask","Happy Flower","Vajra","Regal Pillow","MawBank","Calipers","The Courier","Torii"],"potions_floor_usage":[11,16,24,29,55,55,55],"damage_taken":[{"damage":2.0,"enemies":"2 Louse","floor":1.0,"turns":4.0},{"damage":0.0,"enemies":"Cultist","floor":3.0,"turns":2.0},{"damage":23.0,"enemies":"Small Slimes","floor":4.0,"turns":4.0},{"damage":1.0,"enemies":"Looter","floor":5.0,"turns":2.0},{"damage":30.0,"enemies":"Exordium Thugs","floor":7.0,"turns":4.0},{"damage":4,"enemies":"Gremlin Nob","floor":11,"turns":3},{"damage":8,"enemies":"2 Fungi Beasts","floor":12,"turns":4},{"damage":4,"enemies":"Looter","floor":13,"turns":4},{"damage":5,"enemies":"Lots of Slimes","floor":14,"turns":3},{"damage":0,"enemies":"The Guardian","floor":16,"turns":13},{"damage":33,"enemies":"2 Thieves","floor":18,"turns":4},{"damage":0,"enemies":"Spheric Guardian","floor":22,"turns":3},{"damage":24,"enemies":"Snecko","floor":24,"turns":4},{"damage":5,"enemies":"Snake Plant","floor":28,"turns":3},{"damage":0,"enemies":"Gremlin Leader","floor":29,"turns":4},{"damage":34,"enemies":"Collector","floor":33,"turns":11},{"damage":0,"enemies":"Orb Walker","floor":35,"turns":3},{"damage":0,"enemies":"3 Shapes","floor":39,"turns":5},{"damage":6,"enemies":"Nemesis","floor":40,"turns":7},{"damage":13,"enemies":"Giant Head","floor":42,"turns":5},{"damage":0,"enemies":"Maw","floor":44,"turns":6},{"damage":6,"enemies":"Nemesis","floor":45,"turns":3},{"damage":0,"enemies":"Mind Bloom Boss Battle","floor":46,"turns":4},{"damage":6,"enemies":"Giant Head","floor":48,"turns":3},{"damage":16,"enemies":"Donu and Deca","floor":50,"turns":5},{"damage":46,"enemies":"Shield and Spear","floor":54,"turns":5},{"damage":6,"enemies":"The Heart","floor":55,"turns":7}],"seed_played":"-8400830873890949238","potions_obtained":[{"floor":4.0,"key":"SkillPotion"},{"floor":5.0,"key":"Strength Potion"},{"floor":7.0,"key":"Strength Potion"},{"floor":13,"key":"Swift Potion"},{"floor":18,"key":"PowerPotion"},{"floor":20,"key":"Dexterity Potion"},{"floor":24,"key":"Fruit Juice"},{"floor":33,"key":"Ancient Potion"},{"floor":35,"key":"SmokeBomb"},{"floor":54,"key":"BloodPotion"}],"is_trial":false,"path_per_floor":["M","?","M","M","M","R","M","R","T","?","E","M","M","M","R","B",null,"M","$","?","$","M","R","M","R","T","?","M","E","?","$","R","B",null,"M","$","?","?","M","E","R","E","T","M","E","?","$","E","R","B",null,"R","$","E","B",null],"character_chosen":"IRONCLAD","items_purchased":["Flame Barrier","Mummified Hand","Feel No Pain+1","Finesse"],"campfire_rested":0,"item_purchase_floors":[19,19,36,47],"current_hp_per_floor":[72,72,72,55,60,60,36,36,36,36,38,36,38,39,39,45,65,38,38,38,38,44,44,31,31,31,31,32,38,38,38,38,35,67,73,73,73,73,77,77,77,70,70,76,76,77,77,77,77,67,75,75,75,35,67],"gold":44,"neow_bonus":"TRANSFORM_TWO_CARDS","is_prod":false,"is_daily":false,"chose_seed":false,"campfire_upgraded":8,"win_rate":0,"timestamp":1554144703,"path_taken":["M","?","M","M","M","R","?","R","T","?","E","M","M","M","R","BOSS","M","$","?","?","M","R","M","R","T","?","M","E","?","?","R","BOSS","M","$","?","?","?","E","R","E","T","M","E","?","$","E","R","BOSS","R","$","E","BOSS"],"build_version":"2019-01-23","purchased_purges":2,"victory":true,"max_hp_per_floor":[72,72,72,72,72,72,72,72,72,72,72,72,72,72,72,72,72,72,72,72,72,72,72,77,77,77,77,77,77,77,77,77,77,77,77,77,77,77,77,77,77,77,77,77,77,77,77,77,77,77,77,77,77,77,77],"card_choices":[{"not_picked":["Anger","Cleave"],"picked":"Battle Trance","floor":1.0},{"not_picked":["Wild Strike","Shrug It Off"],"picked":"Body Slam","floor":3.0},{"not_picked":["Flex","Cleave"],"picked":"Shrug It Off","floor":4.0},{"not_picked":["Body Slam","Searing Blow"],"picked":"Shrug It Off","floor":5.0},{"not_picked":["Rampage","Anger"],"picked":"Immolate","floor":7.0},{"not_picked":["Perfected Strike","Carnage","Headbutt"],"picked":"SKIP","floor":11},{"not_picked":["Fire Breathing+1","Whirlwind"],"picked":"Iron Wave","floor":12},{"not_picked":["Clash","Pommel Strike"],"picked":"Warcry","floor":13},{"not_picked":["Heavy Blade","Anger"],"picked":"Iron Wave","floor":14},{"not_picked":["Havoc","True Grit"],"picked":"Shrug It Off+1","floor":18},{"not_picked":["Headbutt","Searing Blow"],"picked":"Body Slam","floor":22},{"not_picked":["Shrug It Off+1","Feel No Pain+1","Infernal Blade"],"picked":"SKIP","floor":24},{"not_picked":["Heavy Blade","Twin Strike","Headbutt"],"picked":"SKIP","floor":28},{"not_picked":["Sword Boomerang","Shrug It Off"],"picked":"Sentinel","floor":29},{"not_picked":["Impervious","Immolate"],"picked":"Offering","floor":33},{"not_picked":["Thunderclap+1","Heavy Blade+1","Perfected Strike"],"picked":"SKIP","floor":35},{"not_picked":["Uppercut+1","Perfected Strike+1","Rampage"],"picked":"SKIP","floor":39},{"not_picked":["Fire Breathing+1","Blood for Blood+1"],"picked":"Armaments+1","floor":40},{"not_picked":["Iron Wave+1","Brutality+1"],"picked":"Flame Barrier+1","floor":42},{"not_picked":["Wild Strike","Anger+1","Perfected Strike"],"picked":"SKIP","floor":44},{"not_picked":["Rage+1","Seeing Red"],"picked":"Power Through","floor":45},{"not_picked":["Flex+1","Havoc"],"picked":"Sentinel","floor":46},{"not_picked":["Perfected Strike+1","Warcry+1","Battle Trance+1"],"picked":"SKIP","floor":48},{"not_picked":["Fire Breathing+1","Sword Boomerang"],"picked":"Shockwave","floor":54}],"player_experience":396740,"relics_obtained":[{"floor":11,"key":"Frozen Egg 2"},{"floor":26,"key":"Ancient Tea Set"},{"floor":29,"key":"Art of War"},{"floor":40,"key":"Happy Flower"},{"floor":42,"key":"Vajra"},{"floor":43,"key":"Regal Pillow"},{"floor":45,"key":"MawBank"},{"floor":46,"key":"Calipers"},{"floor":48,"key":"The Courier"},{"floor":54,"key":"Torii"}],"event_choices":[{"damage_healed":0.0,"max_hp_gain":0.0,"max_hp_loss":0.0,"gold_gain":0.0,"event_name":"Match and Keep!","player_choice":"2 cards matched","floor":2.0,"gold_loss":0.0,"damage_taken":0.0,"cards_obtained":["Good Instincts","Pummel"]},{"damage_healed":0.0,"max_hp_gain":0.0,"max_hp_loss":0.0,"gold_gain":0.0,"event_name":"Liars Game","player_choice":"Ignored","floor":10.0,"gold_loss":0.0,"damage_taken":0.0},{"damage_healed":0,"gold_gain":0,"player_choice":"Got Potions","damage_taken":0,"max_hp_gain":0,"max_hp_loss":0,"event_name":"Lab","floor":20,"gold_loss":0},{"damage_healed":0,"gold_gain":0,"player_choice":"Opened","damage_taken":0,"relics_obtained":["Pantograph"],"max_hp_gain":0,"max_hp_loss":0,"event_name":"The Mausoleum","floor":27,"gold_loss":0,"cards_obtained":["Writhe"]},{"damage_healed":0,"gold_gain":0,"player_choice":"Obtained Relic","damage_taken":0,"relics_obtained":["Oddly Smooth Stone"],"max_hp_gain":0,"max_hp_loss":0,"event_name":"Addict","floor":30,"gold_loss":85},{"damage_healed":0,"gold_gain":0,"player_choice":"Paid","damage_taken":0,"relics_obtained":["Red Mask"],"max_hp_gain":0,"max_hp_loss":0,"event_name":"Tomb of Lord Red Mask","floor":37,"gold_loss":55},{"damage_healed":0,"gold_gain":0,"cards_transformed":["Bash"],"player_choice":"Transformed","damage_taken":0,"max_hp_gain":0,"max_hp_loss":0,"event_name":"Transmorgrifier","floor":38,"gold_loss":0,"cards_obtained":["Disarm"]},{"damage_healed":0,"gold_gain":0,"player_choice":"Fight","damage_taken":0,"max_hp_gain":0,"max_hp_loss":0,"event_name":"MindBloom","floor":46,"gold_loss":0}],"is_beta":false,"boss_relics":[{"not_picked":["Velvet Choker","Runic Pyramid"],"picked":"Pandora\u0027s Box"},{"not_picked":["Calling Bell","Black Blood"],"picked":"Runic Dome"}],"items_purged_floors":[47,53],"is_endless":false,"potions_floor_spawned":[4,5,7,13,18,24,33,35,40,44,46,54],"ascension_level":7}