{"gold_per_floor":[119,131,131,196,209,238,288,288],"floor_reached":8,"playtime":614,"items_purged":[],"score":84,"play_id":"1ec6f161-a7a2-4f2d-9277-0071984b25b4","local_time":"20190528083621","is_ascension_mode":true,"campfire_choices":[],"neow_cost":"NONE","seed_source_timestamp":794842234214149,"circlet_count":0,"master_deck":["Strike_B","Strike_B","Strike_B","Defend_B","Defend_B","Defend_B","Defend_B","Zap","Dualcast","Fission","Coolheaded","Ball Lightning","Conserve Battery","Electrodynamics"],"relics":["Cracked Core","SsserpentHead","Meat on the Bone"],"potions_floor_usage":[8],"damage_taken":[{"damage":5,"enemies":"Small Slimes","floor":1,"turns":4},{"damage":1,"enemies":"Cultist","floor":2,"turns":4},{"damage":0,"enemies":"2 Louse","floor":4,"turns":3},{"damage":5,"enemies":"Exordium Wildlife","floor":5,"turns":7},{"damage":45,"enemies":"Gremlin Nob","floor":6,"turns":5},{"damage":8,"enemies":"Lagavulin","floor":8,"turns":2}],"seed_played":"-975304745029817670","potions_obtained":[{"floor":5,"key":"SteroidPotion"},{"floor":6,"key":"AttackPotion"}],"is_trial":false,"path_per_floor":["M","M","?","M","M","E","?","E"],"character_chosen":"DEFECT","items_purchased":[],"campfire_rested":0,"item_purchase_floors":[],"current_hp_per_floor":[63,62,62,62,57,12,5,0],"gold":288,"neow_bonus":"ONE_RANDOM_RARE_CARD","is_prod":false,"is_daily":false,"chose_seed":false,"campfire_upgraded":0,"win_rate":0,"timestamp":1559012781,"path_taken":["M","M","?","?","M","E","?","E"],"build_version":"2019-01-23","purchased_purges":0,"victory":false,"max_hp_per_floor":[75,75,75,75,75,75,75,75],"card_choices":[{"not_picked":["Rebound","Compile Driver"],"picked":"Coolheaded","floor":1},{"not_picked":["Tempest","Scrape"],"picked":"Ball Lightning","floor":2},{"not_picked":["Steam","Coolheaded"],"picked":"Conserve Battery","floor":4},{"not_picked":["Steam","Undo","Skim"],"picked":"SKIP","floor":5},{"not_picked":["Beam Cell","Compile Driver"],"picked":"Electrodynamics","floor":6}],"player_experience":862100,"relics_obtained":[{"floor":6,"key":"Meat on the Bone"}],"event_choices":[{"damage_healed":0,"gold_gain":0,"player_choice":"Trade","damage_taken":0,"relics_obtained":["SsserpentHead"],"max_hp_gain":0,"max_hp_loss":0,"event_name":"FaceTrader","floor":3,"gold_loss":0},{"cards_removed":["Strike_B"],"damage_healed":0,"gold_gain":0,"player_choice":"Card Removal","damage_taken":7,"max_hp_gain":0,"max_hp_loss":0,"event_name":"Golden Wing","floor":7,"gold_loss":0}],"is_beta":false,"boss_relics":[],"items_purged_floors":[],"is_endless":false,"potions_floor_spawned":[5,6],"killed_by":"Lagavulin","ascension_level":9}