{"gold_per_floor":[112,62,75,88,106,433,498,516,516,516],"floor_reached":10,"playtime":1155,"items_purged":[],"score":77,"play_id":"7e8da4a4-1229-457d-8c6f-5be0ca128251","local_time":"20190516034713","is_ascension_mode":true,"campfire_choices":[],"neow_cost":"NONE","seed_source_timestamp":34456702667459,"circlet_count":0,"master_deck":["Strike_R","Strike_R","Strike_R","Strike_R","Defend_R","Defend_R","Defend_R","Defend_R","Bash","Sword Boomerang","Pommel Strike","True Grit","Shrug It Off","Offering"],"special_seed":0,"relics":["Burning Blood","Old Coin","Mercury Hourglass"],"potions_floor_usage":[8,10],"damage_taken":[{"damage":7.0,"enemies":"2 Louse","floor":1.0,"turns":3.0},{"damage":4.0,"enemies":"Small Slimes","floor":3.0,"turns":4.0},{"damage":4.0,"enemies":"Jaw Worm","floor":4.0,"turns":5.0},{"damage":25.0,"enemies":"Exordium Wildlife","floor":5.0,"turns":7.0},{"damage":54.0,"enemies":"Gremlin Nob","floor":6.0,"turns":6.0},{"damage":19.0,"enemies":"3 Sentries","floor":7.0,"turns":7.0},{"damage":5,"enemies":"Gremlin Gang","floor":8,"turns":5},{"damage":10,"enemies":"Lagavulin","floor":10,"turns":6}],"seed_played":"-8021628859646484920","potions_obtained":[{"floor":3.0,"key":"SpeedPotion"},{"floor":7.0,"key":"Poison Potion"},{"floor":8,"key":"Block Potion"}],"is_trial":false,"path_per_floor":["M","?","M","M","M","E","?","M","T","E"],"character_chosen":"IRONCLAD","items_purchased":[],"campfire_rested":0,"item_purchase_floors":[],"current_hp_per_floor":[87,87,88,88,69,21,8,9,9,0],"gold":516,"neow_bonus":"TEN_PERCENT_HP_BONUS","is_prod":false,"is_daily":false,"chose_seed":false,"campfire_upgraded":0,"win_rate":0,"timestamp":1557958633,"path_taken":["M","?","M","M","M","E","?","M","T","E"],"build_version":"2019-01-23","purchased_purges":0,"victory":false,"max_hp_per_floor":[88,88,88,88,88,88,88,88,88,88],"card_choices":[{"not_picked":["Warcry","Cleave"],"picked":"Sword Boomerang","floor":1.0},{"not_picked":["Anger","Cleave","Thunderclap"],"picked":"SKIP","floor":3.0},{"not_picked":["Combust","Rampage"],"picked":"Pommel Strike","floor":4.0},{"not_picked":["Perfected Strike","Clash"],"picked":"True Grit","floor":5.0},{"not_picked":["Iron Wave","Havoc","Sever Soul"],"picked":"SKIP","floor":6.0},{"not_picked":["Seeing Red","Body Slam"],"picked":"Shrug It Off","floor":7.0},{"not_picked":["Clothesline","Seeing Red"],"picked":"Offering","floor":8}],"player_experience":344206,"relics_obtained":[{"floor":6.0,"key":"Old Coin"}],"event_choices":[{"cards_removed":["Strike_R"],"damage_healed":0.0,"max_hp_gain":0.0,"max_hp_loss":0.0,"gold_gain":0.0,"event_name":"The Cleric","player_choice":"Card Removal","floor":2.0,"gold_loss":50.0,"damage_taken":0.0},{"damage_healed":0.0,"max_hp_gain":0.0,"max_hp_loss":0.0,"gold_gain":30.0,"event_name":"Dead Adventurer","player_choice":"Searched \u00273\u0027 times","floor":7.0,"gold_loss":0.0,"damage_taken":0.0,"relics_obtained":["Mercury Hourglass"]}],"is_beta":false,"boss_relics":[],"items_purged_floors":[],"is_endless":false,"potions_floor_spawned":[3,7,8],"killed_by":"Lagavulin","ascension_level":2}