{"gold_per_floor":[116,132,143,156,117,146,146,171,171,171,184,184,184],"floor_reached":13,"playtime":1100,"items_purged":[],"score":95,"play_id":"3ed61ff4-bb78-4e41-9c27-6fa4b6577044","local_time":"20190106225837","is_ascension_mode":false,"campfire_choices":[{"floor":7,"key":"REST"},{"floor":10,"key":"REST"}],"neow_cost":"NONE","seed_source_timestamp":709036633207035,"circlet_count":0,"master_deck":["Strike_R","Strike_R","Strike_R","Strike_R","Strike_R","Defend_R","Defend_R","Defend_R","Defend_R","Bash","Shrug It Off","Battle Trance","Burning Pact","Pommel Strike","True Grit","True Grit","Whirlwind"],"relics":["Black Star","Ornamental Fan","Bag of Marbles","Magic Flower","Pear","Kunai","Molten Egg 2"],"potions_floor_usage":[],"damage_taken":[{"damage":5,"enemies":"Cultist","floor":1,"turns":4},{"damage":0,"enemies":"2 Louse","floor":2,"turns":4},{"damage":8,"enemies":"Small Slimes","floor":3,"turns":3},{"damage":14,"enemies":"3 Louse","floor":4,"turns":5},{"damage":38,"enemies":"3 Sentries","floor":6,"turns":10},{"damage":37,"enemies":"Lagavulin","floor":8,"turns":7},{"damage":13,"enemies":"Red Slaver","floor":11,"turns":2},{"damage":3,"enemies":"Gremlin Gang","floor":13,"turns":3}],"seed_played":"-920778743796012186","potions_obtained":[{"floor":4,"key":"SkillPotion"},{"floor":6,"key":"SneckoOil"},{"floor":8,"key":"Strength Potion"}],"is_trial":false,"path_per_floor":["M","M","M","M","?","E","R","E","T","R","M","?","M"],"character_chosen":"IRONCLAD","items_purchased":[],"campfire_rested":2,"item_purchase_floors":[],"current_hp_per_floor":[75,75,67,53,53,15,39,12,12,39,26,14,11],"gold":184,"neow_bonus":"BOSS_RELIC","is_prod":false,"is_daily":false,"chose_seed":false,"campfire_upgraded":0,"win_rate":0.0,"timestamp":1546837117,"path_taken":["M","M","?","M","?","E","R","E","T","R","M","?","M"],"build_version":"2019-01-03v4","purchased_purges":0,"victory":false,"max_hp_per_floor":[80,80,80,80,80,80,80,90,90,90,90,90,90],"card_choices":[{"not_picked":["Iron Wave","Fire Breathing"],"picked":"Shrug It Off","floor":1},{"not_picked":["Clash","Flex"],"picked":"Battle Trance","floor":2},{"not_picked":["Shrug It Off","Sever Soul"],"picked":"Burning Pact","floor":3},{"not_picked":["Battle Trance","Reckless Charge"],"picked":"Pommel Strike","floor":4},{"not_picked":["Reckless Charge","Power Through"],"picked":"True Grit","floor":6},{"not_picked":["Ghostly Armor","Combust"],"picked":"True Grit","floor":8},{"not_picked":["Rage","Rupture"],"picked":"Whirlwind","floor":11}],"player_experience":32928,"relics_obtained":[{"floor":6,"key":"Ornamental Fan"},{"floor":6,"key":"Bag of Marbles"},{"floor":8,"key":"Magic Flower"},{"floor":8,"key":"Pear"},{"floor":9,"key":"Kunai"}],"event_choices":[{"damage_healed":0,"gold_gain":0,"player_choice":"Left Gold","damage_taken":0,"max_hp_gain":0,"max_hp_loss":0,"event_name":"World of Goop","floor":5,"gold_loss":39},{"damage_healed":0,"gold_gain":0,"player_choice":"Success","damage_taken":12,"relics_obtained":["Molten Egg 2"],"max_hp_gain":0,"max_hp_loss":0,"event_name":"Scrap Ooze","floor":12,"gold_loss":0}],"is_beta":false,"boss_relics":[],"items_purged_floors":[],"is_endless":false,"potions_floor_spawned":[4,6,8],"killed_by":"Gremlin Gang","ascension_level":0}