{"gold_per_floor":[112,43,60,72,85,114,114,114,114,126,126,146,67,87,87,187,187,198,208,219,82,82],"floor_reached":22,"playtime":1344,"items_purged":[],"score":228,"play_id":"486445e7-db09-414a-9d6f-4feebdf30935","local_time":"20190331093248","is_ascension_mode":true,"campfire_choices":[{"floor":7,"key":"REST"},{"floor":11,"key":"REST"},{"floor":15,"key":"REST"}],"neow_cost":"NONE","seed_source_timestamp":822553728978537,"circlet_count":0,"master_deck":["Strike_B","Strike_B","Strike_B","Strike_B","Defend_B","Defend_B","Defend_B","Defend_B","Zap","Dualcast","Streamline","Storm","Capacitor","Hello World","Go for the Eyes","Cold Snap","Conserve Battery","Fusion","Hello World","Conserve Battery","Electrodynamics","Steam+1","Chaos","BootSequence","Rainbow"],"relics":["Cracked Core","NeowsBlessing","Meat on the Bone","Question Card","Bottled Tornado","Eternal Feather"],"potions_floor_usage":[14,22],"damage_taken":[{"damage":0,"enemies":"Small Slimes","floor":1,"turns":1},{"damage":0,"enemies":"Cultist","floor":3,"turns":1},{"damage":0,"enemies":"Jaw Worm","floor":4,"turns":1},{"damage":21,"enemies":"Blue Slaver","floor":5,"turns":3},{"damage":41,"enemies":"Lagavulin","floor":6,"turns":6},{"damage":9,"enemies":"Looter","floor":10,"turns":4},{"damage":5,"enemies":"3 Louse","floor":12,"turns":4},{"damage":20,"enemies":"Exordium Thugs","floor":14,"turns":4},{"damage":42,"enemies":"The Guardian","floor":16,"turns":12},{"damage":28,"enemies":"Chosen","floor":18,"turns":5},{"damage":22,"enemies":"Shell Parasite","floor":19,"turns":7},{"damage":25,"enemies":"Centurion and Healer","floor":20,"turns":5},{"damage":29,"enemies":"Sentry and Sphere","floor":22,"turns":3}],"seed_played":"-5526795374470365786","potions_obtained":[{"floor":4,"key":"Dexterity Potion"},{"floor":6,"key":"Poison Potion"},{"floor":12,"key":"Poison Potion"},{"floor":18,"key":"Ancient Potion"}],"is_trial":false,"path_per_floor":["?","M"],"character_chosen":"DEFECT","items_purchased":["Storm","Hello World","Rainbow"],"campfire_rested":3,"item_purchase_floors":[2,13,21],"current_hp_per_floor":[75,75,75,75,54,13,35,35,35,38,60,55,55,47,69,39,75,47,37,24,24,0],"gold":82,"neow_bonus":"THREE_ENEMY_KILL","is_prod":false,"is_daily":false,"chose_seed":false,"campfire_upgraded":0,"win_rate":0,"timestamp":1554039168,"path_taken":["M","$","M","M","M","E","R","?","T","M","R","M","$","M","R","BOSS","M","M","M","$","?"],"build_version":"2019-01-23","purchased_purges":0,"victory":false,"max_hp_per_floor":[75,75,75,75,75,75,75,75,75,75,75,75,75,75,75,75,75,75,75,75,75,75],"card_choices":[{"not_picked":["Stack","Steam"],"picked":"Streamline","floor":1},{"not_picked":["Leap","Chill"],"picked":"Capacitor","floor":3},{"not_picked":["Fusion","Rip and Tear"],"picked":"Hello World","floor":4},{"not_picked":["Recycle","Barrage"],"picked":"Go for the Eyes","floor":5},{"not_picked":["Barrage","Reinforced Body"],"picked":"Cold Snap","floor":6},{"not_picked":["Reboot","Streamline","Steam"],"picked":"Conserve Battery","floor":10},{"not_picked":["Barrage","Scrape","Conserve Battery"],"picked":"Fusion","floor":12},{"not_picked":["Auto Shields","Gash","Cold Snap"],"picked":"Conserve Battery","floor":14},{"not_picked":["Fission","Meteor Strike","Amplify"],"picked":"Electrodynamics","floor":16},{"not_picked":["Compile Driver+1","Cold Snap","Gash"],"picked":"Steam+1","floor":18},{"not_picked":["Barrage","Go for the Eyes+1","Turbo"],"picked":"Chaos","floor":19},{"not_picked":["Reprogram","Hello World","Redo"],"picked":"BootSequence","floor":20}],"player_experience":347489,"relics_obtained":[{"floor":6,"key":"Meat on the Bone"},{"floor":9,"key":"Bottled Tornado"}],"event_choices":[{"damage_healed":0,"gold_gain":0,"player_choice":"Gave Potion","damage_taken":0,"relics_obtained":["Question Card"],"max_hp_gain":0,"max_hp_loss":0,"event_name":"WeMeetAgain","floor":8,"gold_loss":0}],"is_beta":false,"boss_relics":[{"not_picked":["Velvet Choker","FrozenCore"],"picked":"Eternal Feather"}],"items_purged_floors":[],"is_endless":false,"potions_floor_spawned":[4,6,12,18],"killed_by":"Sentry and Sphere","ascension_level":4}