{"gold_per_floor":[115,190,365,379,211,238,238,18,42,75,75,92,107,124,124,228,228,208,218,118,137,137],"floor_reached":22,"playtime":2063,"items_purged":["Strike_R","Defend_R"],"score":287,"play_id":"60f671e3-aa69-4904-91f4-a7187e69e2c3","local_time":"20190529002525","is_ascension_mode":true,"campfire_choices":[{"data":"Armaments","floor":7.0,"key":"SMITH"},{"floor":15.0,"key":"REST"}],"neow_cost":"NONE","seed_source_timestamp":1946891286677846,"circlet_count":0,"master_deck":["Strike_R","Strike_R","Strike_R","Strike_R","Defend_R","Defend_R","Defend_R","Bash","Wild Strike","Doubt","Rage","Armaments+1","Shrug It Off","True Grit","Limit Break","Inflame","Feed","Twin Strike","Heavy Blade","Limit Break","Seeing Red+1","Metallicize","Wild Strike"],"special_seed":0,"relics":["Burning Blood","NeowsBlessing","Blue Candle","Sundial","Cursed Key"],"potions_floor_usage":[22,22],"damage_taken":[{"damage":0.0,"enemies":"Cultist","floor":1.0,"turns":1.0},{"damage":0.0,"enemies":"Small Slimes","floor":4.0,"turns":1.0},{"damage":0.0,"enemies":"Lagavulin","floor":6.0,"turns":1.0},{"damage":33.0,"enemies":"Gremlin Nob","floor":10.0,"turns":4.0},{"damage":0.0,"enemies":"Jaw Worm","floor":12.0,"turns":3.0},{"damage":16.0,"enemies":"Exordium Thugs","floor":13.0,"turns":5.0},{"damage":14.0,"enemies":"Large Slime","floor":14.0,"turns":7.0},{"damage":15.0,"enemies":"The Guardian","floor":16.0,"turns":13.0},{"damage":21.0,"enemies":"2 Thieves","floor":18.0,"turns":4.0},{"damage":11.0,"enemies":"Spheric Guardian","floor":19.0,"turns":4.0},{"damage":52.0,"enemies":"Shelled Parasite and Fungi","floor":21.0,"turns":7.0},{"damage":18,"enemies":"Snake Plant","floor":22,"turns":2}],"seed_played":"-5481384268284343809","potions_obtained":[{"floor":1.0,"key":"AttackPotion"},{"floor":10.0,"key":"FearPotion"},{"floor":13.0,"key":"AttackPotion"},{"floor":21.0,"key":"Explosive Potion"}],"is_trial":false,"path_per_floor":["M","?","?","M","$","E","R","$","T","E","$","M","M","M","R","B",null,"M","M","$","M","M"],"character_chosen":"IRONCLAD","items_purchased":["Armaments","Shrug It Off","Limit Break","Inflame"],"campfire_rested":1,"item_purchase_floors":[5,5,8,8],"current_hp_per_floor":[78,67,67,73,73,79,79,79,79,52,52,61,54,49,75,66,83,68,63,63,17,0],"gold":137,"neow_bonus":"THREE_ENEMY_KILL","is_prod":false,"is_daily":false,"chose_seed":false,"campfire_upgraded":1,"win_rate":0,"timestamp":1559103925,"path_taken":["M","?","?","?","$","E","R","?","T","E","$","M","M","M","R","BOSS","M","M","$","M","M"],"build_version":"2019-01-23","purchased_purges":2,"victory":false,"max_hp_per_floor":[80,80,80,80,80,80,80,80,80,80,80,83,86,89,89,89,89,89,89,89,89,89],"card_choices":[{"not_picked":["Infernal Blade","Iron Wave"],"picked":"Wild Strike","floor":1.0},{"not_picked":["Twin Strike","Searing Blow"],"picked":"Rage","floor":4.0},{"not_picked":["Uppercut","Body Slam"],"picked":"True Grit","floor":6.0},{"not_picked":["Pommel Strike","Sword Boomerang"],"picked":"Feed","floor":10.0},{"not_picked":["Perfected Strike","Sever Soul","Armaments"],"picked":"SKIP","floor":12.0},{"not_picked":["Perfected Strike","Uppercut"],"picked":"Twin Strike","floor":13.0},{"not_picked":["Corruption","Sentinel"],"picked":"Heavy Blade","floor":14.0},{"not_picked":["Juggernaut","Barricade"],"picked":"Limit Break","floor":16.0},{"not_picked":["Clothesline","Iron Wave+1"],"picked":"Seeing Red+1","floor":18.0},{"not_picked":["Sentinel+1","Uppercut"],"picked":"Metallicize","floor":19.0},{"not_picked":["Anger+1","Sentinel"],"picked":"Wild Strike","floor":21.0}],"player_experience":287788,"relics_obtained":[{"floor":6.0,"key":"Blue Candle"},{"floor":10.0,"key":"Sundial"}],"event_choices":[{"damage_healed":0.0,"max_hp_gain":0.0,"max_hp_loss":0.0,"gold_gain":75.0,"event_name":"World of Goop","player_choice":"Gather Gold","floor":2.0,"gold_loss":0.0,"damage_taken":11.0},{"damage_healed":0.0,"max_hp_gain":0.0,"max_hp_loss":0.0,"gold_gain":175.0,"event_name":"Liars Game","player_choice":"AGREE","floor":3.0,"gold_loss":0.0,"damage_taken":0.0,"cards_obtained":["Doubt"]}],"is_beta":false,"boss_relics":[{"not_picked":["Orrery","Pandora\u0027s Box"],"picked":"Cursed Key"}],"items_purged_floors":[5,20],"is_endless":false,"potions_floor_spawned":[1,10,13,21],"killed_by":"Snake Plant","ascension_level":6}