{"gold_per_floor":[115,132,146,164,177,210,222,262,274,286,328,359,386,417,429,541,553,581,593,91,102,118,118],"floor_reached":23,"playtime":1792,"items_purged":["Strike_B"],"score":228,"play_id":"dca2f2aa-583b-4f99-aec1-f026e17a309c","local_time":"20190308204855","is_ascension_mode":true,"campfire_choices":[{"data":"Rainbow","floor":7,"key":"SMITH"},{"floor":10,"key":"REST"},{"floor":15,"key":"REST"}],"neow_cost":"NONE","seed_source_timestamp":2071472814254915,"circlet_count":0,"master_deck":["Strike_B","Strike_B","Defend_B","Defend_B","Defend_B","Defend_B","Zap+1","Dualcast","Turbo","Sunder","BootSequence","Darkness","Rainbow+1","Tempest","Coolheaded","Hyperbeam","Sweeping Beam","Skim","Capacitor+1","Buffer+1","Conserve Battery","Defragment+1","Genetic Algorithm","Stack","Turbo","Storm+1"],"relics":["Cracked Core","MawBank","Pear","Frozen Egg 2","Ice Cream","Runic Pyramid","Prayer Wheel"],"potions_floor_usage":[16,16],"damage_taken":[{"damage":3,"enemies":"2 Louse","floor":1,"turns":2},{"damage":1,"enemies":"Cultist","floor":2,"turns":4},{"damage":6,"enemies":"Jaw Worm","floor":3,"turns":3},{"damage":0,"enemies":"Large Slime","floor":4,"turns":3},{"damage":0,"enemies":"Looter","floor":5,"turns":2},{"damage":4,"enemies":"3 Sentries","floor":6,"turns":5},{"damage":27,"enemies":"Lagavulin","floor":8,"turns":4},{"damage":11,"enemies":"3 Sentries","floor":11,"turns":4},{"damage":11,"enemies":"Gremlin Gang","floor":12,"turns":3},{"damage":0,"enemies":"Large Slime","floor":13,"turns":4},{"damage":1,"enemies":"Red Slaver","floor":14,"turns":3},{"damage":17,"enemies":"The Guardian","floor":16,"turns":8},{"damage":0,"enemies":"Spheric Guardian","floor":18,"turns":4},{"damage":20,"enemies":"2 Thieves","floor":21,"turns":3},{"damage":14,"enemies":"Snecko","floor":22,"turns":8},{"damage":54,"enemies":"Slavers","floor":23,"turns":3}],"seed_played":"-6086266230747630008","potions_obtained":[{"floor":1,"key":"EssenceOfSteel"},{"floor":3,"key":"GamblersBrew"},{"floor":6,"key":"GamblersBrew"},{"floor":13,"key":"PowerPotion"},{"floor":16,"key":"SkillPotion"},{"floor":18,"key":"Fire Potion"}],"is_trial":false,"path_per_floor":["?","M"],"character_chosen":"DEFECT","items_purchased":["Defragment+1","Prayer Wheel","Genetic Algorithm"],"campfire_rested":2,"item_purchase_floors":[20,20,20],"current_hp_per_floor":[72,71,65,65,65,61,61,44,44,69,58,47,47,46,71,54,85,85,85,85,65,51,0],"gold":118,"neow_bonus":"UPGRADE_CARD","is_prod":false,"is_daily":false,"chose_seed":false,"campfire_upgraded":1,"win_rate":0,"timestamp":1552096135,"path_taken":["M","M","M","M","M","E","R","E","T","R","E","M","M","M","R","BOSS","M","?","$","M","?","E"],"build_version":"2019-01-23","purchased_purges":1,"victory":false,"max_hp_per_floor":[75,75,75,75,75,75,75,85,85,85,85,85,85,85,85,85,85,85,85,85,85,85,85],"card_choices":[{"not_picked":["Consume","Tempest"],"picked":"Turbo","floor":1},{"not_picked":["Hologram","Gash"],"picked":"Sunder","floor":2},{"not_picked":["Barrage","Hologram"],"picked":"BootSequence","floor":3},{"not_picked":["Leap","Sweeping Beam"],"picked":"Darkness","floor":4},{"not_picked":["Double Energy","Streamline"],"picked":"Rainbow","floor":5},{"not_picked":["Scrape","Darkness"],"picked":"Tempest","floor":6},{"not_picked":["Gash","Streamline"],"picked":"Coolheaded","floor":8},{"not_picked":["Barrage","Scrape"],"picked":"Hyperbeam","floor":11},{"not_picked":["Steam","Hologram"],"picked":"Sweeping Beam","floor":12},{"not_picked":["Gash","Rebound"],"picked":"Skim","floor":13},{"not_picked":["Sweeping Beam","Redo"],"picked":"Capacitor+1","floor":14},{"not_picked":["Echo Form+1","Reboot"],"picked":"Buffer+1","floor":16},{"not_picked":["Coolheaded","Streamline+1"],"picked":"Conserve Battery","floor":18},{"not_picked":["Go for the Eyes","Barrage"],"picked":"Stack","floor":21},{"not_picked":["Barrage","Go for the Eyes","Hologram"],"picked":"SKIP","floor":21},{"not_picked":["Scrape","Hologram"],"picked":"Turbo","floor":22},{"not_picked":["Hello World+1","Gash+1"],"picked":"Storm+1","floor":22}],"player_experience":255117,"relics_obtained":[{"floor":6,"key":"MawBank"},{"floor":8,"key":"Pear"},{"floor":9,"key":"Frozen Egg 2"},{"floor":11,"key":"Ice Cream"}],"event_choices":[{"cards_removed":["Strike_B"],"damage_healed":0,"gold_gain":0,"player_choice":"Purged","damage_taken":0,"max_hp_gain":0,"max_hp_loss":0,"event_name":"Purifier","floor":19,"gold_loss":0}],"is_beta":false,"boss_relics":[{"not_picked":["Calling Bell","Velvet Choker"],"picked":"Runic Pyramid"}],"items_purged_floors":[20],"is_endless":false,"potions_floor_spawned":[1,3,6,13,14,16,18],"killed_by":"Slavers","ascension_level":1}