{"gold_per_floor":[115,115,115,136,157,197,216,256,309,325,303,346,346,382,382,472,472,492,492,89,110,209,247,247,321,321,321,340,384,384,428,428,524,524,540,553,109,129,152,187,187,223,223,246,246,246],"floor_reached":46,"playtime":13714,"items_purged":["Strike_R+1","Anger+1"],"score":1017,"play_id":"7fce535b-e287-4a85-b9bd-017bd746c832","local_time":"20190603125857","is_ascension_mode":true,"campfire_choices":[{"data":"Fiend Fire","floor":13.0,"key":"SMITH"},{"data":"Bash","floor":15.0,"key":"SMITH"},{"data":"Clothesline","floor":24.0,"key":"SMITH"},{"data":"Juggernaut","floor":27.0,"key":"SMITH"},{"data":"True Grit","floor":32.0,"key":"SMITH"},{"data":"Battle Trance","floor":41.0,"key":"SMITH"}],"neow_cost":"NONE","seed_source_timestamp":69152123742546,"circlet_count":0,"master_deck":["AscendersBane","Strike_R+1","Strike_R+1","Defend_R+1","Defend_R+1","Defend_R+1","Bash+1","Cleave","True Grit+1","Clash","Immolate","Fiend Fire+1","Juggernaut+1","Battle Trance+1","Offering","Feel No Pain","Carnage","Clothesline+1","True Grit+1","Shrug It Off+1","Ghostly Armor","Reaper","Perfected Strike+1","Shrug It Off+1","Flame Barrier","Metallicize","Ghostly Armor","Inflame"],"special_seed":0,"relics":["Burning Blood","Golden Idol","Dream Catcher","Meat on the Bone","Red Skull","Blood Vial","Bottled Tornado","Snecko Eye","Ornamental Fan","Question Card","Tiny Chest","Kunai","Champion Belt","Sundial","Letter Opener","Astrolabe","Membership Card","Mercury Hourglass","The Courier","Turnip","Pear"],"potions_floor_usage":[],"damage_taken":[{"damage":7.0,"enemies":"Small Slimes","floor":1.0,"turns":3.0},{"damage":2.0,"enemies":"Jaw Worm","floor":4.0,"turns":3.0},{"damage":3.0,"enemies":"2 Louse","floor":5.0,"turns":2.0},{"damage":45.0,"enemies":"Lagavulin","floor":6.0,"turns":9.0},{"damage":14.0,"enemies":"Blue Slaver","floor":7.0,"turns":5.0},{"damage":13.0,"enemies":"3 Sentries","floor":8.0,"turns":5.0},{"damage":0.0,"enemies":"Exordium Wildlife","floor":10.0,"turns":2.0},{"damage":20.0,"enemies":"Lagavulin","floor":12.0,"turns":4.0},{"damage":3.0,"enemies":"3 Sentries","floor":14.0,"turns":4.0},{"damage":11.0,"enemies":"Slime Boss","floor":16.0,"turns":7.0},{"damage":7.0,"enemies":"Chosen","floor":18.0,"turns":2.0},{"damage":6.0,"enemies":"2 Thieves","floor":21.0,"turns":2.0},{"damage":26.0,"enemies":"Book of Stabbing","floor":23.0,"turns":4.0},{"damage":27.0,"enemies":"Slavers","floor":25.0,"turns":4.0},{"damage":0.0,"enemies":"Snake Plant","floor":28.0,"turns":1.0},{"damage":24.0,"enemies":"Book of Stabbing","floor":29.0,"turns":6.0},{"damage":12.0,"enemies":"Slavers","floor":31.0,"turns":5.0},{"damage":49.0,"enemies":"Automaton","floor":33.0,"turns":11.0},{"damage":0.0,"enemies":"3 Shapes","floor":35.0,"turns":2.0},{"damage":47.0,"enemies":"3 Darklings","floor":36.0,"turns":4.0},{"damage":17.0,"enemies":"Maw","floor":38.0,"turns":8.0},{"damage":1.0,"enemies":"Spire Growth","floor":39.0,"turns":5.0},{"damage":34.0,"enemies":"Nemesis","floor":40.0,"turns":7.0},{"damage":31,"enemies":"Reptomancer","floor":42,"turns":6},{"damage":48,"enemies":"Sphere and 2 Shapes","floor":44,"turns":5},{"damage":43,"enemies":"Giant Head","floor":46,"turns":6}],"seed_played":"-2045712856540516092","potions_obtained":[{"floor":5.0,"key":"Block Potion"},{"floor":7.0,"key":"Ancient Potion"},{"floor":14.0,"key":"EssenceOfSteel"},{"floor":25.0,"key":"FearPotion"},{"floor":28.0,"key":"Energy Potion"},{"floor":31.0,"key":"AttackPotion"},{"floor":33.0,"key":"AttackPotion"},{"floor":36.0,"key":"BloodPotion"},{"floor":39.0,"key":"Poison Potion"},{"floor":42,"key":"SteroidPotion"},{"floor":44,"key":"SpeedPotion"}],"is_trial":false,"path_per_floor":["M","?","?","M","M","E","M","E","T","M","?","E","R","E","R","B",null,"M","?","$","M","?","E","R","E","T","R","M","E","T","E","R","B",null,"M","M","$","M","M","E","R","E","T","M","?","E"],"character_chosen":"IRONCLAD","items_purchased":["Feel No Pain","Ornamental Fan","Membership Card","Flame Barrier","Metallicize","Mercury Hourglass"],"campfire_rested":0,"item_purchase_floors":[20,20,37,37,37,37],"current_hp_per_floor":[79,84,61,65,68,29,21,14,14,32,32,30,30,47,47,56,84,85,85,85,87,87,69,69,62,62,62,70,54,54,62,62,33,78,86,68,68,63,74,60,60,54,64,36,36,0],"gold":246,"neow_bonus":"TEN_PERCENT_HP_BONUS","is_prod":false,"is_daily":false,"chose_seed":false,"campfire_upgraded":6,"win_rate":0,"timestamp":1559546937,"path_taken":["M","?","?","M","M","E","M","E","T","M","?","E","R","E","R","BOSS","M","?","$","M","?","E","R","E","T","R","M","E","?","E","R","BOSS","M","M","$","M","M","E","R","E","T","M","?","E"],"build_version":"2019-01-23","purchased_purges":2,"victory":false,"max_hp_per_floor":[88,93,93,93,93,93,93,93,93,93,93,93,93,93,93,93,93,93,93,93,93,93,93,93,93,93,93,93,93,93,93,93,93,93,93,93,93,93,93,93,93,93,103,103,103,103],"card_choices":[{"not_picked":["Warcry","Sever Soul"],"picked":"Cleave","floor":1.0},{"not_picked":["Cleave","Flex"],"picked":"True Grit","floor":4.0},{"not_picked":["Seeing Red","Anger"],"picked":"Clash","floor":5.0},{"not_picked":["Havoc","Perfected Strike","True Grit"],"picked":"SKIP","floor":6.0},{"not_picked":["Clothesline","Sword Boomerang"],"picked":"Immolate","floor":7.0},{"not_picked":["Shrug It Off","Havoc"],"picked":"Fiend Fire","floor":8.0},{"not_picked":["Blood for Blood","Sever Soul","Whirlwind"],"picked":"SKIP","floor":10.0},{"not_picked":["Cleave","Disarm"],"picked":"Juggernaut","floor":12.0},{"not_picked":["True Grit","Perfected Strike"],"picked":"Battle Trance","floor":14.0},{"not_picked":["Immolate","Bludgeon"],"picked":"Offering","floor":16.0},{"not_picked":["True Grit","Disarm","Twin Strike"],"picked":"SKIP","floor":18.0},{"not_picked":["Carnage","Cleave","Anger"],"picked":"SKIP","floor":21.0},{"not_picked":["Cleave","Anger"],"picked":"Carnage","floor":21.0},{"not_picked":["Dual Wield","Searing Blow"],"picked":"Clothesline","floor":23.0},{"not_picked":["Seeing Red","Evolve","Clothesline"],"picked":"True Grit+1","floor":25.0},{"not_picked":["Armaments","Anger","Body Slam","Wild Strike+1"],"picked":"SKIP","floor":28.0},{"not_picked":["Iron Wave","Armaments","Entrench"],"picked":"Shrug It Off+1","floor":29.0},{"not_picked":["Shrug It Off","Havoc","Body Slam"],"picked":"Ghostly Armor","floor":31.0},{"not_picked":["Berserk","Offering","Dark Embrace"],"picked":"Reaper","floor":33.0},{"not_picked":["Infernal Blade","Pommel Strike","Searing Blow","Heavy Blade"],"picked":"SKIP","floor":35.0},{"not_picked":["Armaments","Pommel Strike","Clash","Dropkick+1"],"picked":"SKIP","floor":36.0},{"not_picked":["Wild Strike+1","Carnage","Warcry"],"picked":"Ghostly Armor","floor":38.0},{"not_picked":["Power Through","Headbutt+1","Rupture+1","Twin Strike"],"picked":"SKIP","floor":39.0},{"not_picked":["Flex","Fiend Fire","Pummel","Thunderclap"],"picked":"SKIP","floor":40.0},{"not_picked":["Cleave","Heavy Blade","Dark Embrace"],"picked":"Inflame","floor":42},{"not_picked":["Perfected Strike+1","Sever Soul","Rupture","Thunderclap"],"picked":"SKIP","floor":44}],"player_experience":1123784,"relics_obtained":[{"floor":6.0,"key":"Dream Catcher"},{"floor":8.0,"key":"Meat on the Bone"},{"floor":9.0,"key":"Red Skull"},{"floor":12.0,"key":"Blood Vial"},{"floor":14.0,"key":"Bottled Tornado"},{"floor":23.0,"key":"Question Card"},{"floor":25.0,"key":"Tiny Chest"},{"floor":26.0,"key":"Kunai"},{"floor":29.0,"key":"Champion Belt"},{"floor":30.0,"key":"Sundial"},{"floor":31.0,"key":"Letter Opener"},{"floor":40.0,"key":"The Courier"},{"floor":42,"key":"Turnip"},{"floor":43,"key":"Pear"}],"event_choices":[{"damage_healed":0.0,"max_hp_gain":5.0,"max_hp_loss":0.0,"gold_gain":0.0,"event_name":"Big Fish","player_choice":"Donut","floor":2.0,"gold_loss":0.0,"damage_taken":0.0},{"damage_healed":0.0,"max_hp_gain":0.0,"max_hp_loss":0.0,"gold_gain":0.0,"event_name":"Golden Idol","player_choice":"Take Damage","floor":3.0,"gold_loss":0.0,"damage_taken":23.0,"relics_obtained":["Golden Idol"]},{"damage_healed":0.0,"max_hp_gain":0.0,"max_hp_loss":0.0,"gold_gain":0.0,"event_name":"World of Goop","player_choice":"Left Gold","floor":11.0,"gold_loss":22.0,"damage_taken":0.0},{"damage_healed":0.0,"max_hp_gain":0.0,"max_hp_loss":0.0,"gold_gain":0.0,"event_name":"Back to Basics","player_choice":"Simplicity","floor":19.0,"gold_loss":0.0,"damage_taken":0.0,"cards_upgraded":["Strike_R","Strike_R","Strike_R","Strike_R","Strike_R","Defend_R","Defend_R","Defend_R","Defend_R"]},{"damage_healed":0.0,"max_hp_gain":0.0,"max_hp_loss":0.0,"gold_gain":99.0,"event_name":"Nest","player_choice":"Stole From Cult","floor":22.0,"gold_loss":0.0,"damage_taken":0.0},{"damage_healed":0,"gold_gain":0,"player_choice":"Memory 1","damage_taken":0,"max_hp_gain":0,"max_hp_loss":0,"event_name":"SensoryStone","floor":45,"gold_loss":0}],"is_beta":false,"boss_relics":[{"not_picked":["Lizard Tail","Black Star"],"picked":"Snecko Eye"},{"not_picked":["Empty Cage","White Beast Statue"],"picked":"Astrolabe"}],"items_purged_floors":[20,37],"is_endless":false,"potions_floor_spawned":[5,7,14,25,28,31,33,36,39,42,44],"killed_by":"Giant Head","ascension_level":13}