{"gold_per_floor":[110,110,63,138,155,155,42,68,68,4,4,23,23,40,40,138,138,138,138,78,78,78,78,78,78,78,78,78,78,78,78,78,78,78,78,78,78,0,0,0,0,0,0,0,0,0,0,0,0,0,0,0,0,0,0],"floor_reached":55,"playtime":2236,"items_purged":["Strike_G"],"score":833,"play_id":"2b385c1c-4222-4832-a13f-b61197958013","local_time":"20190525001115","is_ascension_mode":false,"campfire_choices":[{"data":"Blade Dance","floor":6.0,"key":"SMITH"},{"data":"Cloak And Dagger","floor":11.0,"key":"SMITH"},{"data":"Caltrops","floor":13.0,"key":"SMITH"},{"data":"After Image","floor":15.0,"key":"SMITH"},{"data":"Footwork","floor":23.0,"key":"SMITH"},{"data":"Blade Dance","floor":27.0,"key":"SMITH"},{"data":"Finisher","floor":32.0,"key":"SMITH"},{"data":"Envenom","floor":40.0,"key":"SMITH"},{"data":"Cloak And Dagger","floor":42,"key":"SMITH"},{"floor":44,"key":"RECALL"},{"data":"Adrenaline","floor":47,"key":"SMITH"},{"floor":49,"key":"REST"},{"data":"Venomology","floor":52,"key":"SMITH"}],"neow_cost":"NONE","seed_source_timestamp":126983902776842,"circlet_count":0,"master_deck":["Defend_G","Defend_G","Defend_G+1","Defend_G","Strike_G","Strike_G","Survivor","Neutralize+1","Blade Dance+1","Quick Slash","Caltrops+1","Cloak And Dagger+1","After Image+1","Cloak And Dagger+1","Venomology+1","Blade Dance+1","Footwork+1","Finisher+1","Infinite Blades+1","Backstab","Envenom+1","Cloak And Dagger+1","Adrenaline+1","Bane","Footwork+1"],"special_seed":0,"relics":["Ring of the Snake","NeowsBlessing","Centennial Puzzle","Question Card","Anchor","Ectoplasm","Vajra","Gremlin Horn","Bag of Marbles","Blood Vial","Empty Cage","Red Mask","The Specimen","Pantograph"],"potions_floor_usage":[50,55,55,55],"damage_taken":[{"damage":0.0,"enemies":"Cultist","floor":1.0,"turns":1.0},{"damage":0.0,"enemies":"Jaw Worm","floor":5.0,"turns":1.0},{"damage":0.0,"enemies":"Lagavulin","floor":8.0,"turns":1.0},{"damage":0.0,"enemies":"Small Slimes","floor":12.0,"turns":2.0},{"damage":0.0,"enemies":"Gremlin Gang","floor":14.0,"turns":4.0},{"damage":0.0,"enemies":"Hexaghost","floor":16.0,"turns":11.0},{"damage":0.0,"enemies":"Shell Parasite","floor":18.0,"turns":4.0},{"damage":3.0,"enemies":"2 Thieves","floor":20.0,"turns":4.0},{"damage":2.0,"enemies":"Cultist and Chosen","floor":21.0,"turns":8.0},{"damage":1.0,"enemies":"3 Cultists","floor":22.0,"turns":7.0},{"damage":3.0,"enemies":"Chosen and Byrds","floor":24.0,"turns":6.0},{"damage":25.0,"enemies":"Slavers","floor":25.0,"turns":8.0},{"damage":0.0,"enemies":"Colosseum Slavers","floor":28.0,"turns":4.0},{"damage":0.0,"enemies":"Snake Plant","floor":29.0,"turns":4.0},{"damage":0.0,"enemies":"Gremlin Leader","floor":31.0,"turns":5.0},{"damage":0.0,"enemies":"Champ","floor":33.0,"turns":10.0},{"damage":12.0,"enemies":"3 Shapes","floor":35.0,"turns":5.0},{"damage":0.0,"enemies":"Orb Walker","floor":37.0,"turns":3.0},{"damage":9.0,"enemies":"Giant Head","floor":41.0,"turns":8.0},{"damage":8,"enemies":"Maw","floor":46,"turns":5},{"damage":0,"enemies":"Spire Growth","floor":48,"turns":4},{"damage":49,"enemies":"Time Eater","floor":50,"turns":13},{"damage":20,"enemies":"Shield and Spear","floor":54,"turns":9},{"damage":79,"enemies":"The Heart","floor":55,"turns":5}],"seed_played":"1228705777693235955","potions_obtained":[{"floor":8.0,"key":"Swift Potion"},{"floor":12.0,"key":"SteroidPotion"},{"floor":14.0,"key":"Fire Potion"},{"floor":29.0,"key":"GhostInAJar"},{"floor":31.0,"key":"Fire Potion"},{"floor":33.0,"key":"Block Potion"},{"floor":41,"key":"SkillPotion"},{"floor":46,"key":"GhostInAJar"}],"is_trial":false,"path_per_floor":["M","?","$","?","M","R","$","E","T","?","R","M","R","M","R","B",null,"M","?","M","M","M","R","M","E","T","R","?","M","T","E","R","B",null,"M","?","M","?","?","R","E","R","T","R","?","M","R","M","R","B",null,"R","$","E","B"],"character_chosen":"THE_SILENT","items_purchased":["Quick Slash","Caltrops"],"campfire_rested":1,"item_purchase_floors":[3,7],"current_hp_per_floor":[70,56,56,45,45,45,45,45,45,45,45,45,45,45,45,45,70,70,70,67,65,64,64,61,36,36,36,36,36,36,36,36,38,70,58,58,60,60,60,60,53,53,53,53,53,47,47,49,70,21,70,70,70,50,0],"gold":0,"neow_bonus":"THREE_ENEMY_KILL","is_prod":false,"is_daily":false,"chose_seed":false,"campfire_upgraded":11,"win_rate":0,"timestamp":1558735875,"path_taken":["M","?","$","?","M","R","$","E","T","?","R","?","R","M","R","BOSS","M","?","M","M","M","R","M","E","T","R","?","M","?","E","R","BOSS","M","?","?","?","?","R","E","R","T","R","?","?","R","?","R","BOSS","R","$","E","BOSS"],"build_version":"2019-01-23","purchased_purges":1,"victory":false,"max_hp_per_floor":[70,70,70,70,70,70,70,70,70,70,70,70,70,70,70,70,70,70,70,70,70,70,70,70,70,70,70,70,70,70,70,70,70,70,70,70,70,70,70,70,70,70,70,70,70,70,70,70,70,70,70,70,70,70,70],"card_choices":[{"not_picked":["Dagger Throw","Acrobatics"],"picked":"Blade Dance","floor":1.0},{"not_picked":["Bane","Sucker Punch","Calculated Gamble"],"picked":"SKIP","floor":5.0},{"not_picked":["Skewer","Expertise"],"picked":"Cloak And Dagger","floor":8.0},{"not_picked":["Choke","PiercingWail","Slice"],"picked":"After Image","floor":12.0},{"not_picked":["Dagger Throw","Deadly Poison","Slice"],"picked":"Cloak And Dagger","floor":14.0},{"not_picked":["Night Terror","Tools of the Trade","Unload"],"picked":"Venomology","floor":16.0},{"not_picked":["Underhanded Strike+1","PiercingWail","Deadly Poison+1"],"picked":"Blade Dance","floor":18.0},{"not_picked":["Reflex+1","Leg Sweep+1","PiercingWail"],"picked":"Footwork","floor":20.0},{"not_picked":["Dagger Throw+1","Bane","Flying Knee+1"],"picked":"Finisher","floor":21.0},{"not_picked":["Bouncing Flask","Sucker Punch","Predator","Cloak And Dagger"],"picked":"SKIP","floor":22.0},{"not_picked":["Acrobatics","Setup","Deflect","Die Die Die"],"picked":"SKIP","floor":24.0},{"not_picked":["Dagger Throw+1","Burst","Expertise+1","Dodge and Roll"],"picked":"SKIP","floor":25.0},{"not_picked":["Dodge and Roll","Deflect","Backflip"],"picked":"Infinite Blades+1","floor":29.0},{"not_picked":["Flying Knee+1","Deadly Poison","Storm of Steel"],"picked":"Backstab","floor":31.0},{"not_picked":["Storm of Steel","Burst","Phantasmal Killer"],"picked":"Envenom","floor":33.0},{"not_picked":["Dagger Spray","Cloak And Dagger+1","Deflect+1","Finisher"],"picked":"SKIP","floor":35.0},{"not_picked":["Dagger Spray","Cloak And Dagger+1","Deflect+1","Finisher"],"picked":"SKIP","floor":35.0},{"not_picked":["Dagger Spray","Deflect+1","Finisher"],"picked":"Cloak And Dagger+1","floor":35.0},{"not_picked":["Underhanded Strike","Riddle With Holes","Backstab+1","Bane+1"],"picked":"SKIP","floor":37.0},{"not_picked":["Caltrops+1","All Out Attack","Predator+1"],"picked":"Adrenaline","floor":41},{"not_picked":["Riddle With Holes+1","Backflip","Flying Knee","Bouncing Flask"],"picked":"SKIP","floor":46},{"not_picked":["Underhanded Strike","Bane","Concentrate","Blade Dance"],"picked":"SKIP","floor":48},{"not_picked":["Underhanded Strike","Concentrate","Blade Dance"],"picked":"Bane","floor":48},{"not_picked":["Acrobatics","Heel Hook+1","Bouncing Flask"],"picked":"Footwork+1","floor":54}],"player_experience":91497,"relics_obtained":[{"floor":8.0,"key":"Centennial Puzzle"},{"floor":9.0,"key":"Question Card"},{"floor":25.0,"key":"Vajra"},{"floor":26.0,"key":"Gremlin Horn"},{"floor":30.0,"key":"Bag of Marbles"},{"floor":31.0,"key":"Blood Vial"},{"floor":41,"key":"The Specimen"},{"floor":54,"key":"Pantograph"}],"event_choices":[{"damage_healed":0.0,"max_hp_gain":0.0,"max_hp_loss":0.0,"gold_gain":0.0,"event_name":"Shining Light","player_choice":"Entered Light","floor":2.0,"gold_loss":0.0,"damage_taken":14.0,"cards_upgraded":["Defend_G","Neutralize"]},{"damage_healed":0.0,"max_hp_gain":0.0,"max_hp_loss":0.0,"gold_gain":75.0,"event_name":"World of Goop","player_choice":"Gather Gold","floor":4.0,"gold_loss":0.0,"damage_taken":11.0},{"damage_healed":0.0,"max_hp_gain":0.0,"max_hp_loss":0.0,"gold_gain":0.0,"event_name":"WeMeetAgain","player_choice":"Paid Gold","floor":10.0,"gold_loss":64.0,"damage_taken":0.0,"relics_obtained":["Anchor"]},{"damage_healed":0.0,"max_hp_gain":0.0,"max_hp_loss":0.0,"gold_gain":0.0,"event_name":"Vampires","player_choice":"Ignored","floor":19.0,"gold_loss":0.0,"damage_taken":0.0},{"damage_healed":0.0,"max_hp_gain":0.0,"max_hp_loss":0.0,"gold_gain":0.0,"event_name":"Colosseum","player_choice":"Fight","floor":28.0,"gold_loss":0.0,"damage_taken":0.0},{"damage_healed":0.0,"max_hp_gain":0.0,"max_hp_loss":0.0,"gold_gain":0.0,"event_name":"Colosseum","player_choice":"Fled From Nobs","floor":28.0,"gold_loss":0.0,"damage_taken":0.0},{"damage_healed":0.0,"max_hp_gain":0.0,"max_hp_loss":0.0,"gold_gain":100.0,"event_name":"Golden Shrine","player_choice":"Pray","floor":36.0,"gold_loss":0.0,"damage_taken":0.0},{"damage_healed":0.0,"max_hp_gain":0.0,"max_hp_loss":0.0,"gold_gain":0.0,"event_name":"Tomb of Lord Red Mask","player_choice":"Paid","floor":38.0,"gold_loss":78.0,"damage_taken":0.0,"relics_obtained":["Red Mask"]},{"damage_healed":0.0,"max_hp_gain":0.0,"max_hp_loss":0.0,"gold_gain":0.0,"event_name":"SensoryStone","player_choice":"Memory 1","floor":39.0,"gold_loss":0.0,"damage_taken":0.0},{"cards_removed":["Strike_G"],"damage_healed":0,"gold_gain":0,"player_choice":"Purged","damage_taken":0,"max_hp_gain":0,"max_hp_loss":0,"event_name":"Purifier","floor":45,"gold_loss":0}],"is_beta":false,"boss_relics":[{"not_picked":["Coffee Dripper","Busted Crown"],"picked":"Ectoplasm"},{"not_picked":["Astrolabe","Philosopher\u0027s Stone"],"picked":"Empty Cage"}],"items_purged_floors":[7],"is_endless":false,"potions_floor_spawned":[8,12,14,20,25,29,31,33,41,46],"killed_by":"The Heart","ascension_level":0}