{"gold_per_floor":[114,131,54,54,54,54,87,104,104,131,131,131,131,56,56,56],"floor_reached":16,"playtime":720,"items_purged":["Strike_R"],"score":96,"play_id":"33112c4e-536d-4f95-92d1-9674becf590b","local_time":"20190314113328","is_ascension_mode":false,"campfire_choices":[{"data":"Metallicize","floor":6,"key":"SMITH"},{"data":"Bash","floor":11,"key":"SMITH"},{"floor":15,"key":"REST"}],"neow_cost":"NONE","seed_source_timestamp":260481479539317,"circlet_count":0,"master_deck":["Strike_R","Strike_R","Strike_R","Strike_R","Defend_R","Defend_R","Defend_R","Defend_R","Bash+1","Thunderclap","Metallicize+1","Feel No Pain"],"relics":["Burning Blood","Ice Cream","Pen Nib","Golden Idol","Prayer Wheel"],"potions_floor_usage":[],"damage_taken":[{"damage":6,"enemies":"Jaw Worm","floor":1,"turns":6},{"damage":0,"enemies":"Small Slimes","floor":2,"turns":3},{"damage":44,"enemies":"Gremlin Nob","floor":7,"turns":6},{"damage":1,"enemies":"2 Louse","floor":8,"turns":3},{"damage":65,"enemies":"Hexaghost","floor":16,"turns":11}],"seed_played":"4940430854272836062","potions_obtained":[],"is_trial":false,"path_per_floor":["M","M","$","?","?","R","E","M","T","T","R","?","T","$","R","B"],"character_chosen":"IRONCLAD","items_purchased":["Metallicize"],"campfire_rested":1,"item_purchase_floors":[3],"current_hp_per_floor":[88,88,88,93,93,93,55,60,60,60,60,37,37,37,64,0],"gold":56,"neow_bonus":"TEN_PERCENT_HP_BONUS","is_prod":false,"is_daily":false,"chose_seed":false,"campfire_upgraded":2,"win_rate":0,"timestamp":1552574008,"path_taken":["M","M","$","?","?","R","E","M","T","?","R","?","?","$","R","BOSS"],"build_version":"2019-01-23","purchased_purges":1,"victory":false,"max_hp_per_floor":[88,88,88,93,93,93,93,93,93,93,93,93,93,93,93,93],"card_choices":[{"not_picked":["Warcry","Anger","Bloodletting"],"picked":"SKIP","floor":1},{"not_picked":["Warcry","Burning Pact"],"picked":"Thunderclap","floor":2},{"not_picked":["Second Wind","Cleave"],"picked":"Feel No Pain","floor":7},{"not_picked":["Havoc","Headbutt","Fire Breathing"],"picked":"SKIP","floor":8}],"player_experience":509518,"relics_obtained":[{"floor":7,"key":"Ice Cream"},{"floor":10,"key":"Pen Nib"},{"floor":13,"key":"Prayer Wheel"}],"event_choices":[{"damage_healed":0,"gold_gain":0,"player_choice":"Donut","damage_taken":0,"max_hp_gain":5,"max_hp_loss":0,"event_name":"Big Fish","floor":4,"gold_loss":0},{"damage_healed":0,"gold_gain":0,"player_choice":"Ignored","damage_taken":0,"max_hp_gain":0,"max_hp_loss":0,"event_name":"Liars Game","floor":5,"gold_loss":0},{"damage_healed":0,"gold_gain":0,"player_choice":"Take Damage","damage_taken":23,"relics_obtained":["Golden Idol"],"max_hp_gain":0,"max_hp_loss":0,"event_name":"Golden Idol","floor":12,"gold_loss":0}],"is_beta":false,"boss_relics":[],"items_purged_floors":[14],"is_endless":false,"potions_floor_spawned":[],"killed_by":"Hexaghost","ascension_level":0}