{"gold_per_floor":[218,228,228,38,90,141,141,192,192,224,224,224,224,285,285,310],"floor_reached":16,"playtime":676,"items_purged":[],"score":236,"play_id":"a407e318-d53a-4826-92e0-053ce07aac0e","local_time":"20190207221748","is_ascension_mode":true,"campfire_choices":[{"data":"Bash","floor":7,"key":"SMITH"},{"floor":11,"key":"REST"},{"data":"HandOfGreed","floor":15,"key":"SMITH"}],"neow_cost":"NONE","seed_source_timestamp":35910401021652,"circlet_count":0,"master_deck":["AscendersBane","Strike_R","Strike_R","Strike_R","Strike_R","Defend_R","Defend_R","Defend_R","Defend_R","Bash+1","Pommel Strike","Infernal Blade","HandOfGreed+1","Disarm","Disarm","Armaments"],"relics":["Burning Blood","Juzu Bracelet","Thread and Needle","Self Forming Clay","Golden Idol","Blue Candle"],"potions_floor_usage":[16],"damage_taken":[{"damage":1,"enemies":"Cultist","floor":1,"turns":3},{"damage":6,"enemies":"2 Louse","floor":2,"turns":3},{"damage":4,"enemies":"Small Slimes","floor":5,"turns":3},{"damage":37,"enemies":"Lagavulin","floor":6,"turns":6},{"damage":32,"enemies":"Gremlin Nob","floor":8,"turns":4},{"damage":2,"enemies":"Exordium Wildlife","floor":10,"turns":3},{"damage":19,"enemies":"Lagavulin","floor":14,"turns":8},{"damage":58,"enemies":"Slime Boss","floor":16,"turns":11}],"seed_played":"3887814952037687498","potions_obtained":[{"floor":8,"key":"Weak Potion"},{"floor":10,"key":"Ancient Potion"},{"floor":14,"key":"Dexterity Potion"}],"is_trial":false,"path_per_floor":["M","M","?","$","M","E","R","E","T","M","R","?","?","E","R","B"],"character_chosen":"IRONCLAD","items_purchased":["HandOfGreed"],"campfire_rested":1,"item_purchase_floors":[4],"current_hp_per_floor":[73,73,73,73,75,44,44,18,18,22,44,44,66,53,53,0],"gold":310,"neow_bonus":"HUNDRED_GOLD","is_prod":false,"is_daily":false,"chose_seed":false,"campfire_upgraded":2,"win_rate":0,"timestamp":1549574268,"path_taken":["M","?","?","$","?","E","R","E","T","M","R","?","?","E","R","BOSS"],"build_version":"2019-01-23","purchased_purges":0,"victory":false,"max_hp_per_floor":[75,75,75,75,75,75,75,75,75,75,75,68,68,68,68,68],"card_choices":[{"not_picked":["Iron Wave","Shrug It Off"],"picked":"Pommel Strike","floor":1},{"not_picked":["Sentinel","Cleave"],"picked":"Infernal Blade","floor":2},{"not_picked":["Sword Boomerang","Pummel","Rampage"],"picked":"SKIP","floor":5},{"not_picked":["Intimidate","Shrug It Off"],"picked":"Disarm","floor":6},{"not_picked":["Dropkick","Clothesline"],"picked":"Disarm","floor":8},{"not_picked":["Seeing Red","Sword Boomerang","Warcry"],"picked":"SKIP","floor":10},{"not_picked":["Entrench","Rupture"],"picked":"Armaments","floor":14}],"player_experience":923901,"relics_obtained":[{"floor":6,"key":"Juzu Bracelet"},{"floor":8,"key":"Thread and Needle"},{"floor":9,"key":"Self Forming Clay"},{"floor":14,"key":"Blue Candle"}],"event_choices":[{"cards_removed":["Strike_R"],"damage_healed":0,"gold_gain":0,"player_choice":"Purged","damage_taken":0,"max_hp_gain":0,"max_hp_loss":0,"event_name":"Purifier","floor":3,"gold_loss":0},{"damage_healed":0,"gold_gain":0,"player_choice":"Lose Max HP","damage_taken":0,"relics_obtained":["Golden Idol"],"max_hp_gain":0,"max_hp_loss":7,"event_name":"Golden Idol","floor":12,"gold_loss":0},{"damage_healed":22,"gold_gain":0,"player_choice":"Banana","damage_taken":0,"max_hp_gain":0,"max_hp_loss":0,"event_name":"Big Fish","floor":13,"gold_loss":0}],"is_beta":false,"boss_relics":[],"items_purged_floors":[],"is_endless":false,"potions_floor_spawned":[8,10,14],"killed_by":"Slime Boss","ascension_level":20}