{"gold_per_floor":[118,197,197,221,3,33,47,79,105,134,146,146,146,159,159,233,233,233,3,3,3,3,3,3,3,3,3,3,3,3,3,3,3,3,3,3,3,3,3,3,3,3,3,3,3,3,3,3,3,3,3,3,3,3,3,3],"floor_reached":57,"playtime":6236,"items_purged":["Strike_G","Strike_G"],"score":2824,"play_id":"49ec502f-e331-4292-b380-44000a851594","local_time":"20190405165955","is_ascension_mode":true,"campfire_choices":[{"data":"Malaise","floor":13,"key":"SMITH"},{"data":"Caltrops","floor":15,"key":"SMITH"},{"data":"Well Laid Plans","floor":24,"key":"SMITH"},{"data":"Leg Sweep","floor":27,"key":"SMITH"},{"data":"Survivor","floor":32,"key":"SMITH"},{"data":"Wraith Form v2","floor":40,"key":"SMITH"},{"floor":42,"key":"RECALL"},{"data":"Catalyst","floor":49,"key":"SMITH"},{"floor":53,"key":"REST"}],"neow_cost":"NONE","seed_source_timestamp":11198781430050,"circlet_count":0,"master_deck":["AscendersBane","Defend_G+1","Defend_G","Defend_G","Defend_G","Defend_G","Strike_G","Strike_G","Strike_G","Survivor+1","Neutralize+1","Caltrops+1","Well Laid Plans+1","Malaise+1","Predator","Dagger Throw","Adrenaline","Backstab+1","Noxious Fumes+1","Leg Sweep+1","Dash","Noxious Fumes+1","Dodge and Roll","Wraith Form v2+1","Backflip+1","PiercingWail","Deflect+1","Catalyst+1","PiercingWail","Backflip+1"],"relics":["Ring of the Snake","NeowsBlessing","Tiny Chest","PreservedInsect","Ancient Tea Set","Gambling Chip","Lantern","Bottled Lightning","Ectoplasm","Paper Crane","Bag of Preparation","Omamori","Art of War","Regal Pillow","Sozu","Old Coin","Vajra","Oddly Smooth Stone"],"potions_floor_usage":[23,55,56],"damage_taken":[{"damage":0,"enemies":"Cultist","floor":1,"turns":1},{"damage":0,"enemies":"3 Sentries","floor":6,"turns":1},{"damage":0,"enemies":"Jaw Worm","floor":7,"turns":1},{"damage":18,"enemies":"Lagavulin","floor":8,"turns":8},{"damage":14,"enemies":"Gremlin Nob","floor":10,"turns":4},{"damage":0,"enemies":"Small Slimes","floor":11,"turns":2},{"damage":0,"enemies":"Blue Slaver","floor":14,"turns":4},{"damage":1,"enemies":"Hexaghost","floor":16,"turns":12},{"damage":0,"enemies":"3 Byrds","floor":18,"turns":3},{"damage":0,"enemies":"Spheric Guardian","floor":21,"turns":5},{"damage":4,"enemies":"Slavers","floor":23,"turns":4},{"damage":0,"enemies":"Book of Stabbing","floor":25,"turns":4},{"damage":1,"enemies":"Slavers","floor":28,"turns":3},{"damage":0,"enemies":"Centurion and Healer","floor":29,"turns":7},{"damage":4,"enemies":"3 Cultists","floor":30,"turns":5},{"damage":0,"enemies":"Chosen and Byrds","floor":31,"turns":4},{"damage":7,"enemies":"Collector","floor":33,"turns":10},{"damage":0,"enemies":"3 Shapes","floor":35,"turns":4},{"damage":17,"enemies":"2 Orb Walkers","floor":36,"turns":5},{"damage":0,"enemies":"3 Darklings","floor":39,"turns":5},{"damage":12,"enemies":"Spire Growth","floor":41,"turns":9},{"damage":1,"enemies":"Transient","floor":44,"turns":6},{"damage":0,"enemies":"Maw","floor":45,"turns":9},{"damage":0,"enemies":"Giant Head","floor":46,"turns":11},{"damage":0,"enemies":"4 Shapes","floor":47,"turns":5},{"damage":0,"enemies":"Spire Growth","floor":48,"turns":7},{"damage":5,"enemies":"Awakened One","floor":50,"turns":19},{"damage":18,"enemies":"Time Eater","floor":51,"turns":19},{"damage":2,"enemies":"Shield and Spear","floor":55,"turns":7},{"damage":26,"enemies":"The Heart","floor":56,"turns":11}],"seed_played":"5111795065356536343","potions_obtained":[{"floor":6,"key":"GhostInAJar"},{"floor":29,"key":"AttackPotion"},{"floor":30,"key":"GhostInAJar"}],"is_trial":false,"path_per_floor":["M","T","?","T","$","E","M","E","T","E","M","?","R","M","R","B",null,"M","$","?","M","T","E","R","E","T","R","E","M","M","M","R","B",null,"M","?","?","?","M","R","M","R","T","M","M","E","M","M","R","B","B",null,"R","$","E","B",null],"character_chosen":"THE_SILENT","items_purchased":["Well Laid Plans","Fire Potion","Noxious Fumes","Leg Sweep"],"campfire_rested":1,"item_purchase_floors":[5,5,19,19],"current_hp_per_floor":[59,59,59,59,59,59,59,41,41,27,27,7,7,7,7,6,51,51,51,51,51,51,47,47,47,47,47,46,46,42,42,42,35,58,58,41,54,54,54,54,42,42,42,41,41,41,41,41,41,36,18,54,66,66,64,38],"gold":3,"neow_bonus":"THREE_ENEMY_KILL","is_prod":false,"is_daily":false,"chose_seed":false,"campfire_upgraded":7,"win_rate":0,"timestamp":1554476395,"path_taken":["M","?","?","?","?","E","M","E","T","E","M","?","R","?","R","BOSS","M","$","?","?","?","E","R","E","T","R","E","M","M","?","R","BOSS","M","?","?","?","M","R","M","R","T","M","?","E","M","M","R","BOSS","BOSS","R","$","E","BOSS"],"build_version":"2019-01-23","purchased_purges":2,"victory":true,"max_hp_per_floor":[66,66,66,66,66,66,66,66,66,66,66,66,66,66,66,66,66,66,66,66,66,66,66,66,66,66,66,66,66,66,66,66,66,66,66,66,66,66,66,66,66,66,66,66,66,66,66,66,66,66,66,66,66,66,66,66],"card_choices":[{"not_picked":["Flying Knee","Predator"],"picked":"Caltrops","floor":1},{"not_picked":["Footwork","Dodge and Roll"],"picked":"Malaise","floor":6},{"not_picked":["Blade Dance","Prepared"],"picked":"Predator","floor":7},{"not_picked":["Masterful Stab","Underhanded Strike"],"picked":"Dagger Throw","floor":8},{"not_picked":["Grand Finale","Catalyst","Flechettes"],"picked":"SKIP","floor":10},{"not_picked":["Distraction","All Out Attack","Masterful Stab"],"picked":"SKIP","floor":11},{"not_picked":["Distraction","All Out Attack","Masterful Stab"],"picked":"SKIP","floor":11},{"not_picked":["Well Laid Plans","Bane","Underhanded Strike"],"picked":"SKIP","floor":14},{"not_picked":["Malaise","After Image"],"picked":"Adrenaline","floor":16},{"not_picked":["Dodge and Roll","All Out Attack"],"picked":"Backstab+1","floor":18},{"not_picked":["Deadly Poison","Tactician","All Out Attack"],"picked":"SKIP","floor":21},{"not_picked":["Dagger Spray","Dagger Throw"],"picked":"Dash","floor":23},{"not_picked":["Blade Dance","Finisher","All Out Attack"],"picked":"SKIP","floor":25},{"not_picked":["Bane","Predator","Riddle With Holes"],"picked":"SKIP","floor":28},{"not_picked":["Masterful Stab","Deflect","Poisoned Stab"],"picked":"SKIP","floor":29},{"not_picked":["PiercingWail","Backflip"],"picked":"Noxious Fumes+1","floor":30},{"not_picked":["Phantasmal Killer","Blade Dance"],"picked":"Dodge and Roll","floor":31},{"not_picked":["Bullet Time","Adrenaline"],"picked":"Wraith Form v2","floor":33},{"not_picked":["Sucker Punch","Dagger Throw+1","Slice"],"picked":"SKIP","floor":35},{"not_picked":["Underhanded Strike","Leg Sweep"],"picked":"Backflip+1","floor":36},{"not_picked":["Outmaneuver","Poisoned Stab+1","Bouncing Flask"],"picked":"SKIP","floor":39},{"not_picked":["Poisoned Stab+1","Cloak And Dagger+1"],"picked":"PiercingWail","floor":41},{"not_picked":["Dodge and Roll","Expertise"],"picked":"Deflect+1","floor":44},{"not_picked":["Terror","Sucker Punch","Dagger Spray"],"picked":"SKIP","floor":45},{"not_picked":["Poisoned Stab","Bane","Sucker Punch"],"picked":"SKIP","floor":46},{"not_picked":["Adrenaline","Flying Knee"],"picked":"Catalyst","floor":47},{"not_picked":["Underhanded Strike","Quick Slash+1"],"picked":"PiercingWail","floor":48},{"not_picked":["Acrobatics","Dagger Spray+1"],"picked":"Backflip+1","floor":55}],"player_experience":1078413,"relics_obtained":[{"floor":2,"key":"Tiny Chest"},{"floor":4,"key":"PreservedInsect"},{"floor":6,"key":"Ancient Tea Set"},{"floor":8,"key":"Gambling Chip"},{"floor":9,"key":"Lantern"},{"floor":10,"key":"Bottled Lightning"},{"floor":22,"key":"Paper Crane"},{"floor":23,"key":"Bag of Preparation"},{"floor":25,"key":"Omamori"},{"floor":26,"key":"Art of War"},{"floor":28,"key":"Regal Pillow"},{"floor":36,"key":"Old Coin"},{"floor":46,"key":"Vajra"},{"floor":55,"key":"Oddly Smooth Stone"}],"event_choices":[{"damage_healed":0,"gold_gain":0,"player_choice":"Ignored","damage_taken":0,"max_hp_gain":0,"max_hp_loss":0,"event_name":"Liars Game","floor":3,"gold_loss":0},{"damage_healed":0,"gold_gain":0,"player_choice":"Entered Light","damage_taken":20,"max_hp_gain":0,"max_hp_loss":0,"event_name":"Shining Light","floor":12,"gold_loss":0,"cards_upgraded":["Neutralize","Defend_G"]},{"damage_healed":0,"gold_gain":0,"player_choice":"Forge","damage_taken":0,"max_hp_gain":0,"max_hp_loss":0,"event_name":"Accursed Blacksmith","floor":20,"gold_loss":0,"cards_upgraded":["Noxious Fumes"]},{"damage_healed":0,"gold_gain":0,"player_choice":"Fight","damage_taken":0,"max_hp_gain":0,"max_hp_loss":0,"event_name":"Mysterious Sphere","floor":36,"gold_loss":0},{"damage_healed":13,"gold_gain":0,"player_choice":"Writhe","damage_taken":0,"max_hp_gain":0,"max_hp_loss":0,"event_name":"Winding Halls","floor":37,"gold_loss":0,"cards_obtained":["Writhe"]},{"damage_healed":0,"gold_gain":0,"player_choice":"Leave","damage_taken":0,"max_hp_gain":0,"max_hp_loss":0,"event_name":"FaceTrader","floor":38,"gold_loss":0}],"is_beta":false,"boss_relics":[{"not_picked":["Empty Cage","Runic Dome"],"picked":"Ectoplasm"},{"not_picked":["Philosopher\u0027s Stone","Pandora\u0027s Box"],"picked":"Sozu"}],"items_purged_floors":[5,19],"is_endless":false,"potions_floor_spawned":[6,7,11,18,21,29,30,35,39,41,44,46,48],"ascension_level":20}