{"gold_per_floor":[115,133,58,58,58,90,90,102,150,150,176,188,188,207,207,284,284,295,306,306,51,71,97,97,110,164,189,221,233,259,298,310,322],"floor_reached":33,"playtime":1964,"items_purged":["Strike_B"],"score":684,"play_id":"fcc03989-d251-47ef-9e6a-94ec303154e4","local_time":"20190517184026","is_ascension_mode":true,"campfire_choices":[{"data":"Leap","floor":7.0,"key":"SMITH"},{"data":"Defragment","floor":10.0,"key":"SMITH"},{"data":"Chaos","floor":13.0,"key":"SMITH"},{"data":"Defragment","floor":15.0,"key":"SMITH"},{"data":"Mayhem","floor":24,"key":"SMITH"},{"floor":29,"key":"REST"},{"floor":32,"key":"REST"}],"neow_cost":"NONE","seed_source_timestamp":19886249751197,"circlet_count":0,"master_deck":["AscendersBane","Strike_B","Strike_B","Defend_B","Defend_B","Defend_B","Defend_B","Zap+1","Dualcast","Cold Snap","Leap+1","Defragment+1","Defragment+1","Chaos+1","Cold Snap","Amplify","Chaos+1","Mayhem+1","Genetic Algorithm+1"],"special_seed":0,"relics":["Cracked Core","NeowsBlessing","Regal Pillow","DataDisk","Bag of Preparation","Busted Crown","Mummified Hand","MawBank","Bag of Marbles"],"potions_floor_usage":[18,23,25,27,31,33],"damage_taken":[{"damage":0.0,"enemies":"2 Louse","floor":1.0,"turns":1.0},{"damage":0.0,"enemies":"Jaw Worm","floor":2.0,"turns":1.0},{"damage":0.0,"enemies":"3 Sentries","floor":6.0,"turns":1.0},{"damage":0.0,"enemies":"Cultist","floor":8.0,"turns":4.0},{"damage":11.0,"enemies":"Lagavulin","floor":11.0,"turns":7.0},{"damage":5.0,"enemies":"Exordium Thugs","floor":12.0,"turns":5.0},{"damage":6.0,"enemies":"Lots of Slimes","floor":14.0,"turns":4.0},{"damage":5.0,"enemies":"Hexaghost","floor":16.0,"turns":9.0},{"damage":10,"enemies":"2 Thieves","floor":18,"turns":4},{"damage":0,"enemies":"Chosen","floor":19,"turns":5},{"damage":0,"enemies":"Centurion and Healer","floor":22,"turns":7},{"damage":6,"enemies":"Slavers","floor":23,"turns":11},{"damage":10,"enemies":"Snake Plant","floor":25,"turns":3},{"damage":1,"enemies":"Book of Stabbing","floor":27,"turns":7},{"damage":0,"enemies":"Snecko","floor":28,"turns":5},{"damage":8,"enemies":"Centurion and Healer","floor":30,"turns":10},{"damage":53,"enemies":"Gremlin Leader","floor":31,"turns":14},{"damage":64,"enemies":"Automaton","floor":33,"turns":12}],"seed_played":"-6192785774616943906","potions_obtained":[{"floor":1.0,"key":"Weak Potion"},{"floor":8.0,"key":"GamblersBrew"},{"floor":16.0,"key":"AttackPotion"},{"floor":18,"key":"Dexterity Potion"},{"floor":23,"key":"EssenceOfSteel"},{"floor":25,"key":"Poison Potion"},{"floor":27,"key":"LiquidBronze"},{"floor":31,"key":"Fire Potion"}],"is_trial":false,"path_per_floor":["M","M","?","?","$","E","R","M","T","R","E","M","R","M","R","B",null,"M","M","?","$","M","E","R","M","T","E","M","R","M","E","R","B"],"character_chosen":"DEFECT","items_purchased":["Mayhem"],"campfire_rested":2,"item_purchase_floors":[21],"current_hp_per_floor":[64,64,64,64,64,64,64,64,64,64,53,48,48,42,42,37,63,53,53,53,53,53,47,47,37,37,36,36,71,63,10,46,0],"gold":322,"neow_bonus":"THREE_ENEMY_KILL","is_prod":false,"is_daily":false,"chose_seed":false,"campfire_upgraded":5,"win_rate":0,"timestamp":1558111226,"path_taken":["M","M","?","?","$","E","R","M","T","R","E","M","R","M","R","BOSS","M","?","?","$","?","E","R","M","T","E","M","R","M","E","R","BOSS"],"build_version":"2019-01-23","purchased_purges":1,"victory":false,"max_hp_per_floor":[71,71,71,71,71,71,71,71,71,71,71,71,71,71,71,71,71,71,71,71,71,71,71,71,71,71,71,71,71,71,71,71,71],"card_choices":[{"not_picked":["Consume","Rebound"],"picked":"Cold Snap","floor":1.0},{"not_picked":["Heatsinks","Streamline","Turbo"],"picked":"SKIP","floor":2.0},{"not_picked":["Redo","Sunder"],"picked":"Leap","floor":6.0},{"not_picked":["Steam","Self Repair"],"picked":"Defragment","floor":8.0},{"not_picked":["Stack","Buffer"],"picked":"Defragment","floor":11.0},{"not_picked":["Skim","Redo"],"picked":"Chaos","floor":12.0},{"not_picked":["Steam","Streamline"],"picked":"Cold Snap","floor":14.0},{"not_picked":["Buffer","Reboot"],"picked":"Amplify","floor":16.0},{"not_picked":[],"picked":"Chaos","floor":18},{"not_picked":["Barrage+1"],"picked":"SKIP","floor":19},{"not_picked":["Ball Lightning"],"picked":"SKIP","floor":22},{"not_picked":["Cold Snap"],"picked":"SKIP","floor":23},{"not_picked":["Beam Cell"],"picked":"SKIP","floor":25},{"not_picked":["Steam"],"picked":"SKIP","floor":27},{"not_picked":["Ball Lightning"],"picked":"SKIP","floor":28},{"not_picked":["Barrage"],"picked":"SKIP","floor":30},{"not_picked":[],"picked":"Genetic Algorithm+1","floor":31}],"player_experience":1215167,"relics_obtained":[{"floor":6.0,"key":"Regal Pillow"},{"floor":9.0,"key":"DataDisk"},{"floor":11.0,"key":"Bag of Preparation"},{"floor":23,"key":"Mummified Hand"},{"floor":27,"key":"MawBank"},{"floor":31,"key":"Bag of Marbles"}],"event_choices":[{"cards_removed":["Strike_B"],"damage_healed":0.0,"max_hp_gain":0.0,"max_hp_loss":0.0,"gold_gain":0.0,"event_name":"The Cleric","player_choice":"Card Removal","floor":3.0,"gold_loss":75.0,"damage_taken":0.0},{"damage_healed":0.0,"max_hp_gain":0.0,"max_hp_loss":0.0,"gold_gain":0.0,"event_name":"Upgrade Shrine","player_choice":"Upgraded","floor":4.0,"gold_loss":0.0,"damage_taken":0.0,"cards_upgraded":["Zap"]},{"damage_healed":0,"gold_gain":0,"player_choice":"Upgraded","damage_taken":0,"max_hp_gain":0,"max_hp_loss":0,"event_name":"Upgrade Shrine","floor":20,"gold_loss":0,"cards_upgraded":["Chaos"]}],"is_beta":false,"boss_relics":[{"not_picked":["White Beast Statue","Philosopher\u0027s Stone"],"picked":"Busted Crown"}],"items_purged_floors":[21],"is_endless":false,"potions_floor_spawned":[1,8,12,16,18,23,25,27,31],"killed_by":"Automaton","ascension_level":20}