{"gold_per_floor":[112,112,37,37,54,65,65,100,100,100,158,169,199,211,211,211],"floor_reached":16,"playtime":708,"items_purged":["Regret"],"score":220,"play_id":"140688f4-a452-458f-959a-b982282e2bdc","local_time":"20190223230545","is_ascension_mode":true,"campfire_choices":[{"data":"Whirlwind","floor":7,"key":"SMITH"},{"data":"Bash","floor":10,"key":"SMITH"},{"data":"Shockwave","floor":15,"key":"SMITH"}],"neow_cost":"NONE","seed_source_timestamp":36712168161871,"circlet_count":0,"master_deck":["AscendersBane","Strike_R","Strike_R","Strike_R","Strike_R","Strike_R","Defend_R","Defend_R","Defend_R","Defend_R","Bash+1","Whirlwind+1","Corruption","Pommel Strike","Armaments","Uppercut","Shockwave+1"],"special_seed":0,"relics":["Burning Blood","Blood Vial","Ice Cream","Regal Pillow","Frozen Egg 2","PreservedInsect","Omamori"],"potions_floor_usage":[8,16,16],"damage_taken":[{"damage":1.0,"enemies":"Small Slimes","floor":1.0,"turns":5.0},{"damage":11.0,"enemies":"Jaw Worm","floor":5.0,"turns":5.0},{"damage":0.0,"enemies":"2 Louse","floor":6.0,"turns":1.0},{"damage":10,"enemies":"3 Sentries","floor":8,"turns":3},{"damage":35,"enemies":"3 Sentries","floor":11,"turns":6},{"damage":0,"enemies":"Blue Slaver","floor":12,"turns":4},{"damage":5,"enemies":"Lagavulin","floor":13,"turns":5},{"damage":5,"enemies":"Red Slaver","floor":14,"turns":4},{"damage":63,"enemies":"Hexaghost","floor":16,"turns":9}],"seed_played":"2167626194847005191","potions_obtained":[{"floor":1.0,"key":"BloodPotion"},{"floor":5.0,"key":"EntropicBrew"},{"floor":6,"key":"Energy Potion"},{"floor":11,"key":"Energy Potion"}],"is_trial":false,"path_per_floor":["M","?","$","?","M","M","R","E","T","R","?","M","E","M","R","B"],"character_chosen":"IRONCLAD","items_purchased":[],"campfire_rested":0,"item_purchase_floors":[],"current_hp_per_floor":[75,75,75,75,70,75,75,71,71,71,44,52,55,58,58,0],"gold":211,"neow_bonus":"RANDOM_COMMON_RELIC","is_prod":false,"is_daily":false,"chose_seed":false,"campfire_upgraded":3,"win_rate":0,"timestamp":1550959545,"path_taken":["M","?","$","?","M","M","R","E","T","R","?","M","E","M","R","BOSS"],"build_version":"2019-01-23","purchased_purges":1,"victory":false,"max_hp_per_floor":[75,75,75,75,75,75,75,75,75,75,75,75,75,75,75,75],"card_choices":[{"not_picked":["Dropkick","Sever Soul"],"picked":"Whirlwind","floor":1.0},{"not_picked":["Dual Wield","Burning Pact","Havoc"],"picked":"SKIP","floor":5.0},{"not_picked":["Warcry","Thunderclap"],"picked":"Corruption","floor":6},{"not_picked":["Searing Blow","Flex"],"picked":"Pommel Strike","floor":8},{"not_picked":["Warcry","Whirlwind"],"picked":"Armaments","floor":11},{"not_picked":["Perfected Strike","Anger"],"picked":"Uppercut","floor":12},{"not_picked":["Carnage","Havoc","Blood for Blood"],"picked":"SKIP","floor":13},{"not_picked":["Clash","Sever Soul"],"picked":"Shockwave","floor":14}],"player_experience":977617,"relics_obtained":[{"floor":8,"key":"Regal Pillow"},{"floor":9,"key":"Frozen Egg 2"},{"floor":11,"key":"PreservedInsect"},{"floor":13,"key":"Omamori"}],"event_choices":[{"damage_healed":0.0,"max_hp_gain":0.0,"max_hp_loss":0.0,"gold_gain":0.0,"event_name":"Big Fish","player_choice":"Box","floor":2.0,"gold_loss":0.0,"damage_taken":0.0,"relics_obtained":["Ice Cream"],"cards_obtained":["Regret"]},{"damage_healed":0.0,"max_hp_gain":0.0,"max_hp_loss":0.0,"gold_gain":0.0,"event_name":"Liars Game","player_choice":"Ignored","floor":4.0,"gold_loss":0.0,"damage_taken":0.0},{"damage_healed":0,"gold_gain":0,"player_choice":"Searched \u00271\u0027 times","damage_taken":0,"max_hp_gain":0,"max_hp_loss":0,"event_name":"Dead Adventurer","floor":11,"gold_loss":0}],"is_beta":false,"boss_relics":[],"items_purged_floors":[3],"is_endless":false,"potions_floor_spawned":[1,5,6,11],"killed_by":"Hexaghost","ascension_level":20}