{"gold_per_floor":[113,129,129,179,30,30,61,61,85,116,128,154,180,220,232,315,327,355,367,399,52,66,66,16,50,50,50,70,70,99,114,114,192,192,208,2,16,16,16,16,48,48,48,48,48,81,81,81,81,81,81,81,81,3,3],"floor_reached":55,"playtime":3886,"items_purged":["Strike_B","Pain","Strike_B"],"score":1988,"play_id":"9b48de57-7f27-40ed-8713-ee2d5bb7ab0a","local_time":"20190202155218","is_ascension_mode":true,"campfire_choices":[{"data":"Defragment","floor":6.0,"key":"SMITH"},{"data":"Zap","floor":8.0,"key":"SMITH"},{"data":"Defragment","floor":11.0,"key":"SMITH"},{"data":"Self Repair","floor":15.0,"key":"SMITH"},{"data":"Skim","floor":23,"key":"SMITH"},{"data":"Biased Cognition","floor":27,"key":"SMITH"},{"data":"Defragment","floor":29,"key":"SMITH"},{"floor":32,"key":"REST"},{"floor":40,"key":"REST"},{"floor":45,"key":"REST"},{"floor":47,"key":"RECALL"},{"floor":49,"key":"REST"},{"data":"Loop","floor":53,"key":"SMITH"}],"neow_cost":"NONE","seed_source_timestamp":9404336420776,"circlet_count":0,"master_deck":["AscendersBane","Strike_B","Defend_B","Defend_B","Defend_B","Defend_B","Zap+1","Dualcast","Glacier+1","Ball Lightning","Defragment+1","Darkness+1","Defragment+1","Skim+1","Self Repair+1","Biased Cognition+1","Loop+1","BootSequence","Redo","Recycle+1","Defragment+1","Hologram+1","Capacitor","Rainbow","Heatsinks","Impatience","Bandage Up","Reinforced Body","All For One","Cold Snap"],"special_seed":0,"relics":["Cracked Core","Ancient Tea Set","War Paint","MawBank","Darkstone Periapt","Nuclear Battery","WarpedTongs","Runic Capacitor","Pen Nib","Juzu Bracelet","Runic Pyramid","Bottled Lightning","Bronze Scales","Bag of Marbles"],"potions_floor_usage":[25,31,41,41,51],"damage_taken":[{"damage":6.0,"enemies":"2 Louse","floor":1.0,"turns":2.0},{"damage":3.0,"enemies":"Jaw Worm","floor":2.0,"turns":4.0},{"damage":4.0,"enemies":"Gremlin Nob","floor":7.0,"turns":5.0},{"damage":0.0,"enemies":"Cultist","floor":10.0,"turns":3.0},{"damage":0.0,"enemies":"3 Louse","floor":12.0,"turns":4.0},{"damage":25.0,"enemies":"Gremlin Gang","floor":13.0,"turns":5.0},{"damage":0.0,"enemies":"Lagavulin","floor":14.0,"turns":5.0},{"damage":7.0,"enemies":"Hexaghost","floor":16.0,"turns":7.0},{"damage":12.0,"enemies":"3 Byrds","floor":18.0,"turns":4.0},{"damage":13.0,"enemies":"Chosen","floor":20.0,"turns":6.0},{"damage":0,"enemies":"Centurion and Healer","floor":22,"turns":5},{"damage":27,"enemies":"Gremlin Leader","floor":25,"turns":6},{"damage":0,"enemies":"Snecko","floor":28,"turns":5},{"damage":24,"enemies":"Book of Stabbing","floor":30,"turns":5},{"damage":42,"enemies":"Cultist and Chosen","floor":31,"turns":5},{"damage":15,"enemies":"Champ","floor":33,"turns":9},{"damage":23,"enemies":"3 Shapes","floor":35,"turns":5},{"damage":28,"enemies":"3 Darklings","floor":37,"turns":6},{"damage":61,"enemies":"Reptomancer","floor":41,"turns":5},{"damage":0,"enemies":"Giant Head","floor":46,"turns":6},{"damage":21,"enemies":"Donu and Deca","floor":50,"turns":12},{"damage":43,"enemies":"Time Eater","floor":51,"turns":10},{"damage":86,"enemies":"Shield and Spear","floor":55,"turns":6}],"seed_played":"9058657330054064236","potions_obtained":[{"floor":1.0,"key":"Block Potion"},{"floor":2.0,"key":"Dexterity Potion"},{"floor":10.0,"key":"FocusPotion"},{"floor":22,"key":"Poison Potion"},{"floor":25,"key":"Explosive Potion"},{"floor":30,"key":"Swift Potion"},{"floor":31,"key":"Swift Potion"},{"floor":41,"key":"Regen Potion"}],"is_trial":false,"path_per_floor":["M","M","?","?","$","R","E","R","T","M","R","M","M","E","R","B",null,"M","?","M","$","M","R","$","E","T","R","M","R","E","M","R","B",null,"M","$","M","?","?","R","E","?","T","?","R","E","R","?","R","B","B",null,"R","$","E"],"character_chosen":"DEFECT","items_purchased":["Defragment","Runic Capacitor","Loop","Redo","Heatsinks","Ancient Potion"],"campfire_rested":4,"item_purchase_floors":[5,21,21,24,36,54],"current_hp_per_floor":[65,62,57,50,50,50,46,46,46,46,46,46,21,21,21,24,65,63,69,66,66,76,76,76,59,59,59,69,69,55,23,48,43,74,61,61,43,33,33,58,11,11,11,11,36,50,50,50,74,67,53,73,73,73,0],"gold":3,"neow_bonus":"TEN_PERCENT_HP_BONUS","is_prod":false,"is_daily":false,"chose_seed":false,"campfire_upgraded":8,"win_rate":0,"timestamp":1549119138,"path_taken":["M","M","?","?","$","R","E","R","T","?","R","M","M","E","R","BOSS","M","?","M","$","?","R","$","E","T","R","M","R","E","M","R","BOSS","M","$","M","?","?","R","E","?","T","?","R","E","R","?","R","BOSS","BOSS","R","$","E"],"build_version":"2019-01-23","purchased_purges":3,"victory":false,"max_hp_per_floor":[78,78,78,78,78,78,78,78,78,78,78,78,78,78,78,78,78,78,84,84,84,84,84,84,84,84,84,84,84,84,84,84,84,84,84,84,84,84,84,84,84,84,84,84,84,84,84,80,80,80,80,80,80,80,80],"card_choices":[{"not_picked":["Gash","Consume"],"picked":"Glacier","floor":1.0},{"not_picked":["Leap","Tempest"],"picked":"Ball Lightning","floor":2.0},{"not_picked":["Double Energy","Compile Driver"],"picked":"Darkness","floor":7.0},{"not_picked":["Sweeping Beam","Self Repair"],"picked":"Defragment","floor":10.0},{"not_picked":["White Noise","Cold Snap","Tempest"],"picked":"SKIP","floor":12.0},{"not_picked":["Reprogram","Leap"],"picked":"Skim","floor":13.0},{"not_picked":["FTL","Redo"],"picked":"Self Repair","floor":14.0},{"not_picked":["Thunder Strike","Fission"],"picked":"Biased Cognition","floor":16.0},{"not_picked":["Leap","Go for the Eyes","Rip and Tear"],"picked":"SKIP","floor":18.0},{"not_picked":["Streamline+1","Hello World","Force Field"],"picked":"SKIP","floor":20.0},{"not_picked":["Barrage","Auto Shields+1"],"picked":"BootSequence","floor":22},{"not_picked":["Multi-Cast","Beam Cell"],"picked":"Recycle+1","floor":25},{"not_picked":["Coolheaded+1","Genetic Algorithm"],"picked":"Defragment","floor":28},{"not_picked":["Beam Cell","Stack"],"picked":"Hologram+1","floor":30},{"not_picked":["Stack+1","Streamline"],"picked":"Capacitor","floor":31},{"not_picked":["Thunder Strike","Reboot"],"picked":"Rainbow","floor":33},{"not_picked":["Static Discharge+1","Redo+1","Rebound"],"picked":"SKIP","floor":35},{"not_picked":["Scrape+1","Sweeping Beam","Aggregate"],"picked":"SKIP","floor":37},{"not_picked":["Magnetism","Good Instincts"],"picked":"Impatience","floor":38},{"not_picked":["Trip","Mayhem"],"picked":"Bandage Up","floor":38},{"not_picked":["Recycle","Leap"],"picked":"Reinforced Body","floor":41},{"not_picked":["Turbo","Beam Cell"],"picked":"Cold Snap","floor":46}],"player_experience":826866,"relics_obtained":[{"floor":7.0,"key":"War Paint"},{"floor":9.0,"key":"MawBank"},{"floor":14.0,"key":"Darkstone Periapt"},{"floor":25,"key":"Pen Nib"},{"floor":30,"key":"Juzu Bracelet"},{"floor":41,"key":"Bottled Lightning"},{"floor":43,"key":"Bronze Scales"},{"floor":46,"key":"Bag of Marbles"}],"event_choices":[{"damage_healed":0.0,"max_hp_gain":0.0,"max_hp_loss":0.0,"gold_gain":0.0,"event_name":"Scrap Ooze","player_choice":"Success","floor":3.0,"gold_loss":0.0,"damage_taken":5.0,"relics_obtained":["Ancient Tea Set"]},{"damage_healed":0.0,"max_hp_gain":0.0,"max_hp_loss":0.0,"gold_gain":50.0,"event_name":"FaceTrader","player_choice":"Touch","floor":4.0,"gold_loss":0.0,"damage_taken":7.0},{"damage_healed":0.0,"max_hp_gain":0.0,"max_hp_loss":0.0,"gold_gain":0.0,"event_name":"Accursed Blacksmith","player_choice":"Rummage","floor":19.0,"gold_loss":0.0,"damage_taken":0.0,"relics_obtained":["WarpedTongs"],"cards_obtained":["Pain"]},{"damage_healed":0,"gold_gain":0,"player_choice":"Memory 3","damage_taken":10,"max_hp_gain":0,"max_hp_loss":0,"event_name":"SensoryStone","floor":38,"gold_loss":0},{"damage_healed":0,"gold_gain":0,"player_choice":"Ignored","damage_taken":0,"max_hp_gain":0,"max_hp_loss":0,"event_name":"The Moai Head","floor":39,"gold_loss":0},{"damage_healed":0,"gold_gain":0,"cards_transformed":["Strike_B"],"player_choice":"Transformed","damage_taken":0,"max_hp_gain":0,"max_hp_loss":0,"event_name":"Transmorgrifier","floor":42,"gold_loss":0,"cards_obtained":["All For One"]},{"damage_healed":0,"gold_gain":0,"player_choice":"Ignored","damage_taken":0,"max_hp_gain":0,"max_hp_loss":0,"event_name":"Mysterious Sphere","floor":44,"gold_loss":0},{"damage_healed":0,"gold_gain":0,"player_choice":"Max HP","damage_taken":0,"max_hp_gain":0,"max_hp_loss":4,"event_name":"Winding Halls","floor":48,"gold_loss":0}],"is_beta":false,"boss_relics":[{"not_picked":["White Beast Statue","FrozenCore"],"picked":"Nuclear Battery"},{"not_picked":["Black Star","Sozu"],"picked":"Runic Pyramid"}],"items_purged_floors":[5,21,36],"is_endless":false,"potions_floor_spawned":[1,2,10,14,22,25,30,31,41],"killed_by":"Shield and Spear","ascension_level":20}