{"gold_per_floor":[116,128,139,139,156,156,181,181,206,238,251,268,194,194,194,272,272,288,302,385,403,403],"floor_reached":22,"playtime":918,"items_purged":[],"score":396,"play_id":"21ab389e-c769-4ebd-8c36-d5154a8a2267","local_time":"20190414161719","is_ascension_mode":true,"campfire_choices":[{"data":"Bouncing Flask","floor":6,"key":"SMITH"},{"floor":8,"key":"REST"},{"data":"Neutralize","floor":15,"key":"SMITH"}],"neow_cost":"NONE","seed_source_timestamp":11737487776015,"circlet_count":0,"master_deck":["AscendersBane","Defend_G","Defend_G","Defend_G","Defend_G","Defend_G","Strike_G","Strike_G","Strike_G","Strike_G","Strike_G","Survivor","Neutralize+1","Bouncing Flask+1","Noxious Fumes","Backflip","Poisoned Stab","Adrenaline","Well Laid Plans"],"relics":["Ring of the Snake","The Courier","Bottled Flame","Centennial Puzzle","Ninja Scroll","GremlinMask","Sozu","Tiny Chest"],"potions_floor_usage":[10,16,16,22],"damage_taken":[{"damage":4,"enemies":"Cultist","floor":1,"turns":6},{"damage":3,"enemies":"Small Slimes","floor":2,"turns":7},{"damage":7,"enemies":"2 Louse","floor":3,"turns":3},{"damage":6,"enemies":"Red Slaver","floor":5,"turns":6},{"damage":21,"enemies":"Lagavulin","floor":7,"turns":6},{"damage":34,"enemies":"3 Sentries","floor":10,"turns":8},{"damage":0,"enemies":"Looter","floor":11,"turns":2},{"damage":0,"enemies":"2 Fungi Beasts","floor":12,"turns":4},{"damage":4,"enemies":"Hexaghost","floor":16,"turns":7},{"damage":11,"enemies":"Chosen","floor":18,"turns":5},{"damage":7,"enemies":"2 Thieves","floor":19,"turns":4},{"damage":13,"enemies":"Snake Plant","floor":21,"turns":4},{"damage":32,"enemies":"Masked Bandits","floor":22,"turns":3}],"seed_played":"1114895523561993052","potions_obtained":[{"floor":1,"key":"SteroidPotion"},{"floor":7,"key":"Explosive Potion"},{"floor":11,"key":"EssenceOfSteel"},{"floor":12,"key":"Ancient Potion"},{"floor":16,"key":"FearPotion"}],"is_trial":false,"path_per_floor":["M","M","M","T","M","R","E","R","T","E","M","M","?","?","R","B",null,"M","M","T","M","?"],"character_chosen":"THE_SILENT","items_purchased":[],"campfire_rested":1,"item_purchase_floors":[],"current_hp_per_floor":[61,58,51,51,45,45,24,45,45,11,11,11,11,11,11,7,56,45,38,38,25,0],"gold":403,"neow_bonus":"TEN_PERCENT_HP_BONUS","is_prod":false,"is_daily":false,"chose_seed":false,"campfire_upgraded":2,"win_rate":0,"timestamp":1555251439,"path_taken":["M","?","M","?","M","R","E","R","T","E","M","M","?","?","R","BOSS","M","M","?","M","?"],"build_version":"2019-01-23","purchased_purges":0,"victory":false,"max_hp_per_floor":[72,72,72,72,72,72,72,72,72,72,72,72,72,72,72,72,72,72,72,72,72,72],"card_choices":[{"not_picked":["Acrobatics","Backflip"],"picked":"Bouncing Flask","floor":1},{"not_picked":["Prepared","Blade Dance","Slice"],"picked":"SKIP","floor":2},{"not_picked":["Eviscerate","Acrobatics"],"picked":"Noxious Fumes","floor":3},{"not_picked":["Dagger Throw","Reflex"],"picked":"Backflip","floor":5},{"not_picked":["Bane","Phantasmal Killer","Eviscerate"],"picked":"SKIP","floor":7},{"not_picked":["Bullet Time","Deflect"],"picked":"Poisoned Stab","floor":10},{"not_picked":["Cloak And Dagger","Eviscerate","Sucker Punch"],"picked":"SKIP","floor":11},{"not_picked":["Poisoned Stab","Finisher","Dagger Throw"],"picked":"SKIP","floor":12},{"not_picked":["Bullet Time","Night Terror"],"picked":"Adrenaline","floor":16},{"not_picked":["Prepared","Bane","Endless Agony"],"picked":"SKIP","floor":18},{"not_picked":["Blade Dance","Prepared"],"picked":"Well Laid Plans","floor":19},{"not_picked":["Glass Knife","Slice","Bouncing Flask"],"picked":"SKIP","floor":21}],"player_experience":1126729,"relics_obtained":[{"floor":4,"key":"The Courier"},{"floor":7,"key":"Bottled Flame"},{"floor":9,"key":"Centennial Puzzle"},{"floor":10,"key":"Ninja Scroll"},{"floor":20,"key":"Tiny Chest"}],"event_choices":[{"damage_healed":0,"gold_gain":0,"player_choice":"Left Gold","damage_taken":0,"max_hp_gain":0,"max_hp_loss":0,"event_name":"World of Goop","floor":13,"gold_loss":74},{"damage_healed":0,"gold_gain":0,"player_choice":"Trade","damage_taken":0,"relics_obtained":["GremlinMask"],"max_hp_gain":0,"max_hp_loss":0,"event_name":"FaceTrader","floor":14,"gold_loss":0},{"damage_healed":0,"gold_gain":0,"player_choice":"Fought Bandits","damage_taken":0,"max_hp_gain":0,"max_hp_loss":0,"event_name":"Masked Bandits","floor":22,"gold_loss":0}],"is_beta":false,"boss_relics":[{"not_picked":["Lizard Tail","Philosopher\u0027s Stone"],"picked":"Sozu"}],"items_purged_floors":[],"is_endless":false,"potions_floor_spawned":[1,7,11,12,16,19,21],"killed_by":"Masked Bandits","ascension_level":20}