{"gold_per_floor":[109,119,129,141,152,152,183,38,87,87,87,106,106,139,139,139],"floor_reached":16,"playtime":595,"items_purged":[],"score":157,"play_id":"c8b25c9e-f028-4d2b-9ae3-971237007e6b","local_time":"20190225110457","is_ascension_mode":true,"campfire_choices":[{"floor":6,"key":"REST"},{"data":"Flame Barrier","floor":11,"key":"SMITH"},{"floor":15,"key":"REST"}],"neow_cost":"NONE","seed_source_timestamp":769259839516300,"circlet_count":0,"master_deck":["Strike_R","Strike_R","Strike_R","Strike_R","Strike_R","Defend_R","Defend_R","Defend_R","Defend_R","Bash","Trip","Flame Barrier+1","Twin Strike","Twin Strike","Feed","Inflame"],"relics":["Burning Blood","Calipers","Oddly Smooth Stone","Potion Belt","Singing Bowl","Bronze Scales"],"potions_floor_usage":[2,7],"damage_taken":[{"damage":2,"enemies":"Jaw Worm","floor":1,"turns":3},{"damage":5,"enemies":"Small Slimes","floor":2,"turns":4},{"damage":7,"enemies":"2 Louse","floor":3,"turns":4},{"damage":15,"enemies":"Exordium Thugs","floor":4,"turns":4},{"damage":24,"enemies":"Exordium Wildlife","floor":5,"turns":5},{"damage":28,"enemies":"Lagavulin","floor":7,"turns":7},{"damage":12,"enemies":"Large Slime","floor":12,"turns":8},{"damage":24,"enemies":"Gremlin Nob","floor":14,"turns":4},{"damage":44,"enemies":"The Guardian","floor":16,"turns":9}],"seed_played":"-8515137991600058954","potions_obtained":[{"floor":1,"key":"Weak Potion"},{"floor":5,"key":"Swift Potion"}],"is_trial":false,"path_per_floor":["M","M","M","M","M","R","E","$","T","?","R","M","?","E","R","B"],"character_chosen":"IRONCLAD","items_purchased":["Oddly Smooth Stone"],"campfire_rested":2,"item_purchase_floors":[8],"current_hp_per_floor":[76,77,76,67,49,73,51,51,51,56,56,50,32,16,42,0],"gold":139,"neow_bonus":"RANDOM_COLORLESS","is_prod":false,"is_daily":false,"chose_seed":false,"campfire_upgraded":1,"win_rate":0,"timestamp":1551107097,"path_taken":["M","M","M","M","M","R","E","$","T","?","R","M","?","E","R","BOSS"],"build_version":"2019-01-23","purchased_purges":0,"victory":false,"max_hp_per_floor":[80,80,80,80,80,80,80,80,80,85,85,85,85,87,87,87],"card_choices":[{"not_picked":["Clothesline","Wild Strike"],"picked":"Flame Barrier","floor":1},{"not_picked":["Anger","Shockwave","Clothesline"],"picked":"SKIP","floor":2},{"not_picked":["Heavy Blade","True Grit"],"picked":"Twin Strike","floor":3},{"not_picked":["Rampage","Clothesline"],"picked":"Twin Strike","floor":4},{"not_picked":["Pommel Strike","Thunderclap"],"picked":"Feed","floor":5},{"not_picked":["Dual Wield","Dark Embrace","Cleave"],"picked":"SKIP","floor":7},{"not_picked":["Havoc","Thunderclap"],"picked":"Inflame","floor":12},{"not_picked":["Perfected Strike","Dark Embrace","Havoc"],"picked":"Singing Bowl","floor":14}],"player_experience":461434,"relics_obtained":[{"floor":7,"key":"Calipers"},{"floor":9,"key":"Potion Belt"},{"floor":14,"key":"Bronze Scales"}],"event_choices":[{"damage_healed":0,"gold_gain":0,"player_choice":"Donut","damage_taken":0,"max_hp_gain":5,"max_hp_loss":0,"event_name":"Big Fish","floor":10,"gold_loss":0},{"damage_healed":0,"gold_gain":0,"player_choice":"Success","damage_taken":18,"relics_obtained":["Singing Bowl"],"max_hp_gain":0,"max_hp_loss":0,"event_name":"Scrap Ooze","floor":13,"gold_loss":0}],"is_beta":false,"boss_relics":[],"items_purged_floors":[],"is_endless":false,"potions_floor_spawned":[1,5],"killed_by":"The Guardian","ascension_level":8}