{"gold_per_floor":[109,34,50,62,62,96,96,139,208,208],"floor_reached":10,"playtime":406,"items_purged":["Strike_R"],"score":152,"play_id":"0fd430be-49fb-4ad8-9eea-fb412a229f81","local_time":"20190530220952","is_ascension_mode":true,"campfire_choices":[{"floor":7,"key":"REST"}],"neow_cost":"NONE","seed_source_timestamp":34271618386883,"circlet_count":0,"master_deck":["AscendersBane","Strike_R+1","Strike_R","Strike_R+1","Strike_R","Defend_R","Defend_R","Defend_R","Defend_R","Bash","Shrug It Off","Clothesline","Whirlwind","Reaper","Fiend Fire"],"relics":["Burning Blood","Whetstone","Golden Idol","Bird Faced Urn","Ancient Tea Set","Sundial"],"potions_floor_usage":[10],"damage_taken":[{"damage":7,"enemies":"Small Slimes","floor":1,"turns":3},{"damage":4,"enemies":"Jaw Worm","floor":3,"turns":6},{"damage":8,"enemies":"2 Louse","floor":4,"turns":4},{"damage":43,"enemies":"Lagavulin","floor":6,"turns":9},{"damage":42,"enemies":"Gremlin Nob","floor":8,"turns":6},{"damage":26,"enemies":"Lagavulin","floor":10,"turns":7}],"seed_played":"2111435453016071224","potions_obtained":[{"floor":3,"key":"LiquidBronze"},{"floor":8,"key":"EssenceOfSteel"}],"is_trial":false,"path_per_floor":["M","$","M","M","?","E","R","E","T","E"],"character_chosen":"IRONCLAD","items_purchased":[],"campfire_rested":1,"item_purchase_floors":[],"current_hp_per_floor":[67,67,69,67,67,30,50,18,18,0],"gold":208,"neow_bonus":"RANDOM_COMMON_RELIC","is_prod":false,"is_daily":false,"chose_seed":false,"campfire_upgraded":0,"win_rate":0,"timestamp":1559246992,"path_taken":["M","$","M","M","?","E","R","E","T","E"],"build_version":"2019-01-23","purchased_purges":1,"victory":false,"max_hp_per_floor":[75,75,75,75,68,68,68,68,68,68],"card_choices":[{"not_picked":["Twin Strike","Infernal Blade"],"picked":"Shrug It Off","floor":1},{"not_picked":["Headbutt","Armaments"],"picked":"Clothesline","floor":3},{"not_picked":["Headbutt","Entrench"],"picked":"Whirlwind","floor":4},{"not_picked":["Shockwave","Rupture"],"picked":"Reaper","floor":6},{"not_picked":["Cleave","Flame Barrier"],"picked":"Fiend Fire","floor":8}],"player_experience":1263617,"relics_obtained":[{"floor":6,"key":"Bird Faced Urn"},{"floor":8,"key":"Ancient Tea Set"},{"floor":9,"key":"Sundial"}],"event_choices":[{"damage_healed":0,"gold_gain":0,"player_choice":"Lose Max HP","damage_taken":0,"relics_obtained":["Golden Idol"],"max_hp_gain":0,"max_hp_loss":7,"event_name":"Golden Idol","floor":5,"gold_loss":0}],"is_beta":false,"boss_relics":[],"items_purged_floors":[2],"is_endless":false,"potions_floor_spawned":[3,8],"killed_by":"Lagavulin","ascension_level":20}