{"gold_per_floor":[113,126,14,33,45,45,75,75,98,117,130,161,161,126,126,198,198,209,209,223,40,58,58,91,91,115,140,14,14,41,56,56,133,133,151,161,52,63,163,163,182,196,248,248,263,263,263],"floor_reached":47,"playtime":3360,"items_purged":["Strike_R","Strike_R"],"score":944,"play_id":"98e10d63-1ca9-4c77-83e1-641316482e60","local_time":"20190505115538","is_ascension_mode":true,"campfire_choices":[{"data":"Rage","floor":6,"key":"SMITH"},{"data":"Body Slam","floor":8,"key":"SMITH"},{"data":"Barricade","floor":15,"key":"SMITH"},{"data":"Mayhem","floor":23,"key":"SMITH"},{"floor":25,"key":"REST"},{"data":"Demon Form","floor":29,"key":"SMITH"},{"data":"Heavy Blade","floor":32,"key":"SMITH"},{"data":"Limit Break","floor":40,"key":"SMITH"},{"data":"Double Tap","floor":44,"key":"SMITH"}],"neow_cost":"NONE","seed_source_timestamp":1456082632574401,"circlet_count":0,"master_deck":["AscendersBane","Strike_R","Strike_R","Strike_R+1","Defend_R","Defend_R","Defend_R","Defend_R","Bash","Rage+1","Battle Trance","Metallicize","Iron Wave+1","Body Slam+1","Barricade+1","Demon Form+1","Disarm","Rage+1","Shrug It Off","Mayhem+1","Headbutt","Heavy Blade+1","Shrug It Off","Uppercut+1","Limit Break+1","Metallicize+1","Disarm","Metallicize","Double Tap+1","Disarm","Madness","Madness"],"relics":["Burning Blood","Bag of Marbles","Lantern","Ancient Tea Set","Art of War","Oddly Smooth Stone","Eternal Feather","Torii","Juzu Bracelet","Centennial Puzzle","Whetstone","Lizard Tail","Anchor"],"potions_floor_usage":[5,7,7,18,24,33,42],"damage_taken":[{"damage":0,"enemies":"Small Slimes","floor":1,"turns":3},{"damage":9,"enemies":"Jaw Worm","floor":2,"turns":5},{"damage":0,"enemies":"Cultist","floor":4,"turns":3},{"damage":0,"enemies":"Blue Slaver","floor":5,"turns":4},{"damage":2,"enemies":"3 Sentries","floor":7,"turns":10},{"damage":4,"enemies":"Gremlin Gang","floor":10,"turns":6},{"damage":4,"enemies":"Large Slime","floor":11,"turns":6},{"damage":10,"enemies":"Gremlin Nob","floor":12,"turns":4},{"damage":7,"enemies":"The Guardian","floor":16,"turns":10},{"damage":11,"enemies":"Chosen","floor":18,"turns":6},{"damage":9,"enemies":"Spheric Guardian","floor":20,"turns":5},{"damage":22,"enemies":"3 Cultists","floor":22,"turns":6},{"damage":39,"enemies":"Slavers","floor":24,"turns":7},{"damage":1,"enemies":"Book of Stabbing","floor":27,"turns":8},{"damage":18,"enemies":"Gremlin Leader","floor":30,"turns":5},{"damage":0,"enemies":"Centurion and Healer","floor":31,"turns":7},{"damage":0,"enemies":"Automaton","floor":33,"turns":12},{"damage":2,"enemies":"Orb Walker","floor":35,"turns":6},{"damage":24,"enemies":"3 Darklings","floor":36,"turns":9},{"damage":15,"enemies":"Spire Growth","floor":38,"turns":8},{"damage":27,"enemies":"Jaw Worm Horde","floor":41,"turns":9},{"damage":13,"enemies":"Sphere and 2 Shapes","floor":42,"turns":11},{"damage":8,"enemies":"Spire Growth","floor":45,"turns":6},{"damage":94,"enemies":"Reptomancer","floor":47,"turns":5}],"seed_played":"-3589046971410515013","potions_obtained":[{"floor":1,"key":"Swift Potion"},{"floor":4,"key":"Strength Potion"},{"floor":5,"key":"Energy Potion"},{"floor":16,"key":"AttackPotion"},{"floor":20,"key":"SmokeBomb"},{"floor":22,"key":"SpeedPotion"},{"floor":31,"key":"PowerPotion"},{"floor":36,"key":"SpeedPotion"},{"floor":38,"key":"LiquidBronze"},{"floor":41,"key":"Fire Potion"}],"is_trial":false,"path_per_floor":["M","M","$","M","M","R","E","R","T","M","M","E","?","?","R","B",null,"M","?","M","$","M","R","E","R","T","E","$","R","E","M","R","B",null,"M","M","$","M","?","R","M","M","T","R","M","?","E"],"character_chosen":"IRONCLAD","items_purchased":["Metallicize","Mayhem","Shrug It Off","Disarm","Metallicize"],"campfire_rested":1,"item_purchase_floors":[3,21,28,37,37],"current_hp_per_floor":[78,75,75,80,80,80,80,80,80,80,80,76,64,80,80,79,80,75,75,72,72,56,68,35,71,71,76,76,80,68,74,80,80,80,80,62,62,53,53,68,47,40,40,58,56,46,0],"gold":263,"neow_bonus":"RANDOM_COMMON_RELIC","is_prod":false,"is_daily":false,"chose_seed":false,"campfire_upgraded":8,"win_rate":0,"timestamp":1557068138,"path_taken":["M","M","$","M","M","R","E","R","T","M","M","E","?","?","R","BOSS","M","?","M","?","M","R","E","R","T","E","$","R","E","M","R","BOSS","M","M","$","M","?","R","M","M","T","R","M","?","E"],"build_version":"2019-01-23","purchased_purges":2,"victory":false,"max_hp_per_floor":[80,80,80,80,80,80,80,80,80,80,80,80,80,80,80,80,80,80,80,80,80,80,80,80,80,80,80,80,80,80,80,80,80,80,80,80,80,80,80,80,80,80,80,80,80,80,80],"card_choices":[{"not_picked":["Entrench","Twin Strike"],"picked":"Rage","floor":1},{"not_picked":["Sentinel","Headbutt"],"picked":"Battle Trance","floor":2},{"not_picked":["Twin Strike","Corruption"],"picked":"Iron Wave","floor":4},{"not_picked":["Battle Trance","Armaments","True Grit"],"picked":"SKIP","floor":5},{"not_picked":["Power Through","Clash"],"picked":"Body Slam","floor":7},{"not_picked":["Corruption","Warcry","Dual Wield"],"picked":"SKIP","floor":10},{"not_picked":["Headbutt","Warcry","Clothesline"],"picked":"SKIP","floor":11},{"not_picked":["Battle Trance","Havoc"],"picked":"Barricade","floor":12},{"not_picked":["Reaper","Barricade"],"picked":"Demon Form","floor":16},{"not_picked":["Shrug It Off","Pummel"],"picked":"Disarm","floor":18},{"not_picked":["Warcry","Clothesline"],"picked":"Shrug It Off","floor":20},{"not_picked":["Perfected Strike","Warcry"],"picked":"Headbutt","floor":22},{"not_picked":["Reckless Charge","Searing Blow+1","Twin Strike"],"picked":"SKIP","floor":24},{"not_picked":["Searing Blow","Dual Wield"],"picked":"Heavy Blade","floor":27},{"not_picked":["Berserk","Rage","Clothesline"],"picked":"SKIP","floor":30},{"not_picked":["Clash","True Grit"],"picked":"Uppercut+1","floor":31},{"not_picked":["Dark Embrace","Offering"],"picked":"Limit Break","floor":33},{"not_picked":["Anger","Sentinel","Carnage"],"picked":"SKIP","floor":35},{"not_picked":["Perfected Strike","Havoc"],"picked":"Metallicize+1","floor":36},{"not_picked":["Iron Wave","Rage","Flex"],"picked":"SKIP","floor":38},{"not_picked":["Perfected Strike","Headbutt"],"picked":"Double Tap","floor":41},{"not_picked":["Wild Strike","Pommel Strike"],"picked":"Disarm","floor":42},{"not_picked":["Twin Strike","Flame Barrier","Anger+1"],"picked":"SKIP","floor":45}],"player_experience":697679,"relics_obtained":[{"floor":7,"key":"Lantern"},{"floor":9,"key":"Ancient Tea Set"},{"floor":12,"key":"Art of War"},{"floor":24,"key":"Torii"},{"floor":26,"key":"Juzu Bracelet"},{"floor":27,"key":"Centennial Puzzle"},{"floor":30,"key":"Whetstone"},{"floor":43,"key":"Anchor"}],"event_choices":[{"damage_healed":0,"gold_gain":0,"player_choice":"Success","damage_taken":12,"relics_obtained":["Oddly Smooth Stone"],"max_hp_gain":0,"max_hp_loss":0,"event_name":"Scrap Ooze","floor":13,"gold_loss":0},{"damage_healed":20,"gold_gain":0,"player_choice":"Healed","damage_taken":0,"max_hp_gain":0,"max_hp_loss":0,"event_name":"The Cleric","floor":14,"gold_loss":35},{"damage_healed":0,"gold_gain":0,"player_choice":"Copied","damage_taken":0,"max_hp_gain":0,"max_hp_loss":0,"event_name":"Duplicator","floor":19,"gold_loss":0,"cards_obtained":["Rage"]},{"damage_healed":0,"gold_gain":100,"player_choice":"Pray","damage_taken":0,"max_hp_gain":0,"max_hp_loss":0,"event_name":"Golden Shrine","floor":39,"gold_loss":0},{"damage_healed":0,"gold_gain":0,"player_choice":"Embrace Madness","damage_taken":10,"max_hp_gain":0,"max_hp_loss":0,"event_name":"Winding Halls","floor":46,"gold_loss":0,"cards_obtained":["Madness","Madness"]}],"is_beta":false,"boss_relics":[{"not_picked":["Runic Dome","Fusion Hammer"],"picked":"Eternal Feather"},{"not_picked":["Runic Cube","Philosopher\u0027s Stone"],"picked":"Lizard Tail"}],"items_purged_floors":[3,28],"is_endless":false,"potions_floor_spawned":[1,4,5,16,20,22,31,36,38,41],"killed_by":"Reptomancer","ascension_level":13}