{"gold_per_floor":[109,121,134,147,163,163,173,200,200,200,220,36,36,36,36,166,166,182,142,1,19,39,39,82,82,82,102,117,117,17,35,35,166,166,182,33,0,60,60,60,75,75,101,11,27,27,40,58,58,58],"floor_reached":51,"playtime":3166,"items_purged":["Defend_R","Strike_R","Defend_R"],"score":671,"play_id":"5cb5d79f-1189-4987-b2fa-a8bbc5066415","local_time":"20190203210427","is_ascension_mode":false,"campfire_choices":[{"data":"Bash","floor":6,"key":"SMITH"},{"data":"Inflame","floor":10,"key":"SMITH"},{"data":"Metallicize","floor":13,"key":"SMITH"},{"data":"Intimidate","floor":15,"key":"SMITH"},{"data":"Limit Break","floor":23,"key":"SMITH"},{"floor":25,"key":"REST"},{"data":"Shockwave","floor":32,"key":"SMITH"},{"floor":40,"key":"REST"},{"floor":46,"key":"REST"},{"floor":49,"key":"REST"}],"neow_cost":"NONE","seed_source_timestamp":1156299503848618,"circlet_count":0,"master_deck":["Strike_R","Strike_R","Strike_R","Defend_R","Bash+1","Inflame+1","Headbutt","Metallicize+1","Inflame","Intimidate+1","Impervious","Shockwave+1","Limit Break+1","Heavy Blade+1","Flex+1","Sword Boomerang","Metallicize+1","Exhume","Iron Wave","Inflame","Havoc+1","Shrug It Off+1","Demon Form"],"relics":["Burning Blood","Strawberry","Du-Vu Doll","Golden Idol","Empty Cage","Red Skull","Singing Bowl","Runic Pyramid","Vajra","Red Mask","StoneCalendar","Smiling Mask"],"potions_floor_usage":[7,8,11,16,21,22,24,24,24,28,31,31,31,35,41,45,47,50],"damage_taken":[{"damage":5,"enemies":"Cultist","floor":1,"turns":4},{"damage":3,"enemies":"Small Slimes","floor":2,"turns":3},{"damage":1,"enemies":"Jaw Worm","floor":3,"turns":4},{"damage":13,"enemies":"Red Slaver","floor":4,"turns":3},{"damage":27,"enemies":"Exordium Thugs","floor":5,"turns":8},{"damage":10,"enemies":"Looter","floor":7,"turns":3},{"damage":16,"enemies":"Gremlin Nob","floor":8,"turns":4},{"damage":4,"enemies":"Blue Slaver","floor":11,"turns":3},{"damage":20,"enemies":"The Guardian","floor":16,"turns":12},{"damage":43,"enemies":"3 Byrds","floor":18,"turns":7},{"damage":8,"enemies":"Shell Parasite","floor":21,"turns":6},{"damage":12,"enemies":"Centurion and Healer","floor":22,"turns":6},{"damage":17,"enemies":"Gremlin Leader","floor":24,"turns":5},{"damage":10,"enemies":"Snecko","floor":27,"turns":4},{"damage":0,"enemies":"Snake Plant","floor":28,"turns":4},{"damage":11,"enemies":"3 Cultists","floor":31,"turns":6},{"damage":56,"enemies":"Automaton","floor":33,"turns":10},{"damage":20,"enemies":"3 Darklings","floor":35,"turns":6},{"damage":54,"enemies":"2 Orb Walkers","floor":38,"turns":5},{"damage":21,"enemies":"3 Shapes","floor":41,"turns":6},{"damage":24,"enemies":"3 Darklings","floor":45,"turns":6},{"damage":3,"enemies":"Jaw Worm Horde","floor":47,"turns":4},{"damage":15,"enemies":"Transient","floor":48,"turns":5},{"damage":62,"enemies":"Awakened One","floor":50,"turns":8}],"seed_played":"-7379427283608530707","potions_obtained":[{"floor":3,"key":"BloodPotion"},{"floor":5,"key":"Weak Potion"},{"floor":8,"key":"Explosive Potion"},{"floor":11,"key":"LiquidBronze"},{"floor":19,"key":"EntropicBrew"},{"floor":19,"key":"Dexterity Potion"},{"floor":19,"key":"Explosive Potion"},{"floor":22,"key":"SpeedPotion"},{"floor":27,"key":"SkillPotion"},{"floor":28,"key":"EssenceOfSteel"},{"floor":33,"key":"Strength Potion"},{"floor":35,"key":"Weak Potion"},{"floor":38,"key":"GamblersBrew"},{"floor":45,"key":"AttackPotion"},{"floor":48,"key":"FearPotion"}],"is_trial":false,"path_per_floor":["M","M","M","M","M","R","M","E","T","R","M","$","R","?","R","B",null,"M","?","$","M","M","R","E","R","T","M","M","?","$","M","R","B",null,"M","$","?","?","?","R","M","?","T","$","M","R","M","M","R","B",null],"character_chosen":"IRONCLAD","items_purchased":["Inflame","Intimidate","Limit Break","Vajra","Inflame"],"campfire_rested":4,"item_purchase_floors":[12,12,20,36,44],"current_hp_per_floor":[80,80,80,73,52,52,56,53,53,53,55,55,55,55,55,41,87,50,50,50,48,42,42,31,57,57,55,61,89,89,86,86,36,91,79,79,79,33,33,60,47,47,47,47,29,56,59,50,77,21],"gold":58,"neow_bonus":"REMOVE_CARD","is_prod":false,"is_daily":false,"chose_seed":false,"campfire_upgraded":6,"win_rate":0,"timestamp":1549242267,"path_taken":["M","M","?","M","M","R","M","E","T","R","M","$","R","?","R","BOSS","M","?","$","M","M","R","E","R","T","M","?","?","$","M","R","BOSS","M","$","?","?","?","R","M","?","T","$","?","R","M","M","R","BOSS"],"build_version":"2019-01-23","purchased_purges":3,"victory":true,"max_hp_per_floor":[80,80,80,80,80,80,80,87,87,87,87,87,87,87,87,87,87,87,87,87,87,87,87,87,87,87,89,89,89,89,91,91,91,91,93,93,93,95,90,90,92,92,92,92,92,92,92,92,92,92],"card_choices":[{"not_picked":["Ghostly Armor","Fire Breathing"],"picked":"Flex","floor":1},{"not_picked":["Clothesline","Havoc","Corruption"],"picked":"SKIP","floor":2},{"not_picked":["Cleave","Wild Strike"],"picked":"Inflame","floor":3},{"not_picked":["Uppercut","Clothesline"],"picked":"Headbutt","floor":4},{"not_picked":["Armaments","Sever Soul","Shrug It Off"],"picked":"SKIP","floor":5},{"not_picked":["Sword Boomerang","Warcry","Power Through"],"picked":"SKIP","floor":7},{"not_picked":["Ghostly Armor","Uppercut","Wild Strike"],"picked":"SKIP","floor":8},{"not_picked":["Blood for Blood","Havoc"],"picked":"Metallicize","floor":11},{"not_picked":["Immolate","Berserk"],"picked":"Impervious","floor":16},{"not_picked":["Shrug It Off+1","Spot Weakness+1"],"picked":"Shockwave","floor":18},{"not_picked":["Blood for Blood","True Grit+1"],"picked":"Heavy Blade+1","floor":21},{"not_picked":["Clash","Pommel Strike+1"],"picked":"Flex+1","floor":22},{"not_picked":["Perfected Strike","Rupture+1"],"picked":"Sword Boomerang","floor":24},{"not_picked":["Uppercut","Armaments","Thunderclap+1"],"picked":"Singing Bowl","floor":27},{"not_picked":["Iron Wave","Perfected Strike"],"picked":"Metallicize+1","floor":28},{"not_picked":["Spot Weakness","Entrench+1","Perfected Strike"],"picked":"Singing Bowl","floor":31},{"not_picked":["Berserk","Fiend Fire"],"picked":"Exhume","floor":33},{"not_picked":["Headbutt","Body Slam","Corruption"],"picked":"Singing Bowl","floor":35},{"not_picked":["Corruption+1","Twin Strike","Warcry"],"picked":"Singing Bowl","floor":38},{"not_picked":["Body Slam+1","Corruption","Warcry+1"],"picked":"Singing Bowl","floor":41},{"not_picked":["Anger","Inflame+1"],"picked":"Havoc+1","floor":45},{"not_picked":["Uppercut","Entrench"],"picked":"Shrug It Off+1","floor":47},{"not_picked":["Combust","Entrench"],"picked":"Demon Form","floor":48}],"player_experience":413408,"relics_obtained":[{"floor":8,"key":"Strawberry"},{"floor":9,"key":"Du-Vu Doll"},{"floor":24,"key":"Red Skull"},{"floor":26,"key":"Singing Bowl"},{"floor":38,"key":"StoneCalendar"},{"floor":43,"key":"Smiling Mask"}],"event_choices":[{"damage_healed":0,"gold_gain":0,"player_choice":"Take Wound","damage_taken":0,"relics_obtained":["Golden Idol"],"max_hp_gain":0,"max_hp_loss":0,"event_name":"Golden Idol","floor":14,"gold_loss":0,"cards_obtained":["Injury"]},{"damage_healed":0,"gold_gain":0,"player_choice":"Bought 3 Potions","damage_taken":0,"max_hp_gain":0,"max_hp_loss":0,"event_name":"The Woman in Blue","floor":19,"gold_loss":0},{"damage_healed":29,"gold_gain":0,"player_choice":"Heal","damage_taken":0,"max_hp_gain":0,"max_hp_loss":0,"event_name":"The Library","floor":29,"gold_loss":0},{"damage_healed":0,"gold_gain":0,"player_choice":"Paid","damage_taken":0,"relics_obtained":["Red Mask"],"max_hp_gain":0,"max_hp_loss":0,"event_name":"Tomb of Lord Red Mask","floor":37,"gold_loss":33},{"damage_healed":0,"gold_gain":0,"player_choice":"Fight","damage_taken":0,"max_hp_gain":0,"max_hp_loss":0,"event_name":"Mysterious Sphere","floor":38,"gold_loss":0},{"damage_healed":0,"gold_gain":0,"player_choice":"Max HP","damage_taken":0,"max_hp_gain":0,"max_hp_loss":5,"event_name":"Winding Halls","floor":39,"gold_loss":0},{"cards_removed":["Flex"],"damage_healed":0,"gold_gain":0,"player_choice":"Took Card","damage_taken":0,"max_hp_gain":0,"max_hp_loss":0,"event_name":"NoteForYourself","floor":42,"gold_loss":0,"cards_obtained":["Iron Wave"]}],"is_beta":false,"boss_relics":[{"not_picked":["Cursed Key","Pandora\u0027s Box"],"picked":"Empty Cage"},{"not_picked":["Runic Dome","Coffee Dripper"],"picked":"Runic Pyramid"}],"items_purged_floors":[12,30,44],"is_endless":false,"potions_floor_spawned":[3,5,8,11,22,27,28,33,35,38,45,48],"ascension_level":0}