{"path_per_floor":["M","?","M","$","?","R","M","M","T","$","M","T","?","E","R","B",null,"M","$","?","M","M","R","M","$","T","M","M"],"character_chosen":"THE_SILENT","items_purchased":["Poisoned Stab","Dagger Throw","Toxic Egg 2","Sucker Punch"],"gold_per_floor":[119,119,129,30,30,30,43,59,59,35,51,51,51,95,95,221,259,283,27,27,41,54,54,69,20,47,71,85],"floor_reached":29,"campfire_rested":1,"playtime":1506,"current_hp_per_floor":[70,70,70,70,67,67,67,67,67,67,53,53,53,47,68,32,75,75,75,75,57,57,57,46,46,46,25,2],"items_purged":["Strike_G"],"gold":85,"score":238,"play_id":"146efb58-afa1-414a-8c42-f5b2d1ae5080","is_prod":false,"is_daily":false,"is_ascension_mode":true,"campfire_upgraded":2,"path_taken":["M","?","M","$","?","R","M","?","T","?","M","?","?","E","R","BOSS","M","$","?","M","M","R","M","$","T","M","M","M"],"build_version":"2018-02-15-PROD1","purchased_purges":1,"victory":false,"master_deck":["Defend_G","Defend_G+1","Defend_G","Defend_G","Defend_G","Strike_G","Strike_G","Strike_G+1","Strike_G","Survivor","Neutralize+1","Crippling Poison+1","Normality","Quick Slash","Poisoned Stab","Outmaneuver","Quick Slash","Dagger Throw","Quick Slash","Injury","Skewer","Tactician+1","Footwork","Skewer","Calculated Gamble+1","Sucker Punch","Tools of the Trade","Escape Plan+1"],"max_hp_per_floor":[70,70,70,70,70,70,70,70,70,70,70,70,70,70,70,70,75,75,75,75,75,75,75,75,75,75,75,75],"relics":["Ring of the Snake","NeowsBlessing","Pen Nib","Dodecahedron","Ice Cream","Paper Crane","Golden Idol","War Paint","Tiny House","Toxic Egg 2","Happy Flower"],"card_choices":[{"not_picked":["PiercingWail","Slice"],"picked":"Crippling Poison"},{"not_picked":["PiercingWail","Backflip"],"picked":"Quick Slash"},{"not_picked":["Dodge and Roll","Bane"],"picked":"Outmaneuver"},{"not_picked":["Cloak And Dagger","Masterful Stab"],"picked":"Quick Slash"},{"not_picked":["Predator","Setup"],"picked":"Quick Slash"},{"not_picked":["Backflip","Venomology"],"picked":"Skewer"},{"not_picked":["Grand Finale","Doppelganger"],"picked":"Tactician"},{"not_picked":["Dagger Throw","Flying Knee"],"picked":"Footwork"},{"not_picked":["Quick Slash","Cloak And Dagger"],"picked":"Skewer"},{"not_picked":["Distraction","Finisher"],"picked":"Calculated Gamble"},{"not_picked":["Caltrops","Deflect"],"picked":"Tools of the Trade"},{"not_picked":["Riddle With Holes","Underhanded Strike"],"picked":"Escape Plan"}],"player_experience":157030,"potions_floor_usage":[16,16,18,22,22,22,28],"damage_taken":[{"damage":0,"enemies":"Jaw Worm","floor":1,"turns":1},{"damage":0,"enemies":"Cultist","floor":3,"turns":1},{"damage":0,"enemies":"2 Louse","floor":7,"turns":1},{"damage":0,"enemies":"2 Fungi Beasts","floor":8,"turns":4},{"damage":14,"enemies":"Lots of Slimes","floor":11,"turns":4},{"damage":6,"enemies":"Gremlin Nob","floor":14,"turns":4},{"damage":36,"enemies":"Hexaghost","floor":16,"turns":11},{"damage":0,"enemies":"Chosen","floor":18,"turns":5},{"damage":18,"enemies":"2 Thieves","floor":21,"turns":4},{"damage":0,"enemies":"Centurion and Healer","floor":22,"turns":9},{"damage":11,"enemies":"Snecko","floor":24,"turns":6},{"damage":21,"enemies":"Snake Plant","floor":27,"turns":4},{"damage":23,"enemies":"3 Cultists","floor":28,"turns":7},{"damage":8,"enemies":"Centurion and Healer","floor":29,"turns":2}],"event_choices":[{"event_name":"Accursed Blacksmith","player_choice":"Rummage","floor":2,"damage_taken":0},{"event_name":"Scrap Ooze","player_choice":"success","floor":5,"damage_taken":3},{"event_name":"Golden Idol","player_choice":"Take Wound","floor":13,"damage_taken":0},{"event_name":"Addict","player_choice":"Ignored","floor":20,"damage_taken":0}],"boss_relics":[{"not_picked":["Philosopher\u0027s Stone","Astrolabe"],"picked":"Tiny House"}],"potions_floor_spawned":[7,8,11,18,21,27],"seed_played":"-6842650506536050715","killed_by":"Centurion and Healer","ascension_level":1,"is_trial":false}