{"path_per_floor":["M","M","$","?","?","E","R","?","T","R","M","R","E","M","R","B",null,"M","M","?","?","?","E","R","$","T","R","M","M","E","M","R","B",null,"M","M","M","?","?","E","R","$","T","R","M","M","R","M","R","B"],"character_chosen":"IRONCLAD","items_purchased":["Clothesline","Flex","Kunai"],"gold_per_floor":[110,124,19,19,94,127,127,127,178,178,192,192,220,237,237,336,336,336,276,276,276,276,276,276,23,23,23,23,23,23,23,23,23,23,23,23,23,23,23,23,23,23,23,23,23,23,23,23,23,23],"floor_reached":51,"campfire_rested":3,"playtime":3245,"current_hp_per_floor":[80,80,80,80,69,42,66,63,63,63,67,67,54,60,60,56,80,76,55,55,80,80,75,75,75,75,75,75,74,80,80,80,48,88,62,71,67,67,66,59,106,106,106,106,103,108,108,72,108,64],"items_purged":[],"gold":23,"score":679,"play_id":"dec9f2cf-405b-4dbf-9751-c2a3fcbe6e24","is_prod":false,"is_daily":false,"is_ascension_mode":true,"campfire_upgraded":8,"path_taken":["M","M","?","?","?","E","R","?","T","R","M","R","E","M","R","BOSS","M","M","?","?","?","E","R","$","T","R","M","?","E","M","R","BOSS","M","?","M","?","?","E","R","$","T","R","M","M","R","M","R","BOSS"],"build_version":"2018-02-15-PROD1","purchased_purges":0,"victory":true,"master_deck":["Strike_R+1","Strike_R+1","Strike_R+1","Strike_R+1","Strike_R+1","Defend_R+1","Defend_R+1","Defend_R+1","Defend_R+1","Bash","Headbutt","Cleave+1","Clothesline","Flex+1","Demon Form+1","Seeing Red+1","Blood for Blood+1","Limit Break+1","Dropkick+1","Clothesline","Writhe","Fire Breathing+1","Armaments+1","Whirlwind+1","Feed","Pommel Strike+1","Double Tap+1","Heavy Blade+1","Flex+1","Disarm+1","Blood for Blood+1","Thunderclap+1","Shockwave+1","Sword Boomerang+1","Whirlwind+1"],"max_hp_per_floor":[80,80,80,80,80,80,80,80,80,80,80,80,80,80,80,80,80,80,80,80,80,80,80,80,80,80,80,80,80,80,80,80,83,88,88,91,91,91,94,108,108,108,108,108,108,108,108,108,108,108],"relics":["Burning Blood","Bag of Preparation","Bronze Scales","Gambling Chip","Bag of Marbles","Ginger","Ectoplasm","Tiny Chest","Regal Pillow","Kunai","Lantern","Toolbox","Tiny House","Champion Belt","Mango","War Paint"],"card_choices":[{"not_picked":["Power Through","Twin Strike"],"picked":"Headbutt"},{"not_picked":["Sentinel","True Grit"],"picked":"Cleave"},{"not_picked":["Intimidate","Havoc"],"picked":"Demon Form"},{"not_picked":["Clothesline","Iron Wave"],"picked":"Headbutt"},{"not_picked":["Infernal Blade","Dropkick"],"picked":"Seeing Red"},{"not_picked":["Iron Wave","Intimidate"],"picked":"Blood for Blood"},{"not_picked":["Demon Form","Brutality"],"picked":"Limit Break"},{"not_picked":["Body Slam","Flex"],"picked":"Dropkick"},{"not_picked":["True Grit","Iron Wave"],"picked":"Clothesline"},{"not_picked":["Clothesline","Dual Wield"],"picked":"Fire Breathing"},{"not_picked":["Pummel","Shrug It Off"],"picked":"Armaments"},{"not_picked":["Shockwave","Bloodletting"],"picked":"Whirlwind"},{"not_picked":["Combust","Battle Trance"],"picked":"Feed"},{"not_picked":["Perfected Strike","Pummel"],"picked":"Pommel Strike"},{"not_picked":["Juggernaut","Demon Form"],"picked":"Double Tap"},{"not_picked":["Thunderclap","Spot Weakness"],"picked":"Heavy Blade"},{"not_picked":["Warcry","Anger"],"picked":"Flex"},{"not_picked":["Dropkick","Battle Trance"],"picked":"Disarm"},{"not_picked":["Havoc","Seeing Red"],"picked":"Blood for Blood"},{"not_picked":["Rupture","Body Slam"],"picked":"Thunderclap"},{"not_picked":["Shrug It Off","Searing Blow"],"picked":"Shockwave"},{"not_picked":["Second Wind","Corruption"],"picked":"Sword Boomerang"},{"not_picked":["Flex","Disarm"],"picked":"Whirlwind"}],"player_experience":73214,"potions_floor_usage":[13,16,28,33,33,36,39,48,50],"damage_taken":[{"damage":6,"enemies":"Cultist","floor":1,"turns":3},{"damage":1,"enemies":"2 Louse","floor":2,"turns":3},{"damage":33,"enemies":"Lagavulin","floor":6,"turns":7},{"damage":2,"enemies":"Small Slimes","floor":11,"turns":3},{"damage":19,"enemies":"Gremlin Nob","floor":13,"turns":4},{"damage":0,"enemies":"2 Fungi Beasts","floor":14,"turns":3},{"damage":10,"enemies":"Hexaghost","floor":16,"turns":6},{"damage":10,"enemies":"3 Byrds","floor":18,"turns":3},{"damage":27,"enemies":"2 Thieves","floor":19,"turns":4},{"damage":11,"enemies":"Book of Stabbing","floor":23,"turns":4},{"damage":6,"enemies":"Snecko","floor":28,"turns":3},{"damage":7,"enemies":"Centurion and Healer","floor":29,"turns":3},{"damage":0,"enemies":"Slavers","floor":30,"turns":1},{"damage":2,"enemies":"Snake Plant","floor":31,"turns":3},{"damage":47,"enemies":"Collector","floor":33,"turns":5},{"damage":32,"enemies":"3 Shapes","floor":35,"turns":3},{"damage":0,"enemies":"3 Darklings","floor":36,"turns":2},{"damage":10,"enemies":"Sphere and 2 Shapes","floor":37,"turns":4},{"damage":10,"enemies":"Mysterious Sphere","floor":39,"turns":4},{"damage":27,"enemies":"Nemesis","floor":40,"turns":3},{"damage":9,"enemies":"4 Shapes","floor":45,"turns":1},{"damage":0,"enemies":"3 Darklings","floor":46,"turns":1},{"damage":42,"enemies":"Sphere and 2 Shapes","floor":48,"turns":3},{"damage":50,"enemies":"Time Eater","floor":50,"turns":6}],"event_choices":[{"event_name":"The Cleric","player_choice":"Leave","floor":4,"damage_taken":0},{"event_name":"World of Goop","player_choice":"Gather Gold","floor":5,"damage_taken":0},{"event_name":"Scrap Ooze","player_choice":"success","floor":8,"damage_taken":3},{"event_name":"Back to Basics","player_choice":"Simplicity","floor":20,"damage_taken":0},{"event_name":"The Library","player_choice":"Heal","floor":21,"damage_taken":0},{"event_name":"The Mausoleum","player_choice":"Yes","floor":22,"damage_taken":0},{"event_name":"Mysterious Sphere","player_choice":"Fight","floor":39,"damage_taken":0}],"boss_relics":[{"not_picked":["Astrolabe","Runic Dome"],"picked":"Ectoplasm"},{"not_picked":["Runic Cube","Philosopher\u0027s Stone"],"picked":"Tiny House"}],"potions_floor_spawned":[2,13,18,19,29,33,37,45],"seed_played":"-2776229860307278520","ascension_level":1,"is_trial":false}