{"gold_per_floor":[110,285,285,139,153,173,207,282,282,182,182,207,217,236,236,340,340,354,383,308,308,408,408,426,103,127,127,139,170,170,182,182,281,281,294,304,79,79,79,99,321,346,346,346,221,238,238,253,253,253,253,253,17,17],"floor_reached":54,"playtime":2868,"items_purged":["Pain","Doubt","Strike_R"],"score":793,"play_id":"c00581ab-b406-4a09-a05b-26c0b787b045","local_time":"20190325162012","is_ascension_mode":false,"campfire_choices":[{"data":"Bash","floor":11,"key":"SMITH"},{"floor":15,"key":"REST"},{"data":"Body Slam","floor":23,"key":"SMITH"},{"floor":30,"key":"RECALL"},{"floor":32,"key":"REST"},{"floor":47,"key":"REST"},{"data":"Metallicize","floor":49,"key":"SMITH"},{"data":"Disarm","floor":52,"key":"SMITH"}],"neow_cost":"NONE","seed_source_timestamp":106629997731945,"circlet_count":0,"master_deck":["Strike_R+1","Strike_R+1","Strike_R","Defend_R","Defend_R","Defend_R","Bash+1","Cleave","Body Slam+1","Metallicize","Cleave","Anger","Dropkick","Disarm+1","Metallicize","Anger","Metallicize","Feel No Pain+1","Exhume+1","Warcry+1","Metallicize+1","Pommel Strike","Warcry+1","Feel No Pain"],"relics":["Burning Blood","WarpedTongs","Bag of Marbles","Gremlin Horn","Ancient Tea Set","Mark of Pain","Red Mask","Orichalcum","Pocketwatch","Darkstone Periapt","Mummified Hand","Bird Faced Urn","Eternal Feather","Anchor","Letter Opener","Mercury Hourglass","Molten Egg 2","Whetstone"],"potions_floor_usage":[7,14,16,28,29,33,33,40,48,50,54],"damage_taken":[{"damage":1,"enemies":"Cultist","floor":1,"turns":4},{"damage":9,"enemies":"Small Slimes","floor":5,"turns":5},{"damage":12,"enemies":"Jaw Worm","floor":6,"turns":4},{"damage":14,"enemies":"Lagavulin","floor":7,"turns":5},{"damage":16,"enemies":"3 Sentries","floor":12,"turns":5},{"damage":9,"enemies":"Blue Slaver","floor":13,"turns":2},{"damage":0,"enemies":"Large Slime","floor":14,"turns":4},{"damage":0,"enemies":"The Guardian","floor":16,"turns":11},{"damage":15,"enemies":"2 Thieves","floor":18,"turns":3},{"damage":20,"enemies":"Masked Bandits","floor":19,"turns":4},{"damage":10,"enemies":"Colosseum Slavers","floor":22,"turns":4},{"damage":6,"enemies":"Colosseum Nobs","floor":22,"turns":6},{"damage":0,"enemies":"Shell Parasite","floor":24,"turns":4},{"damage":4,"enemies":"Sentry and Sphere","floor":28,"turns":5},{"damage":1,"enemies":"Book of Stabbing","floor":29,"turns":6},{"damage":7,"enemies":"Snake Plant","floor":31,"turns":4},{"damage":39,"enemies":"Automaton","floor":33,"turns":10},{"damage":13,"enemies":"3 Shapes","floor":35,"turns":6},{"damage":3,"enemies":"Orb Walker","floor":36,"turns":4},{"damage":18,"enemies":"Maw","floor":40,"turns":10},{"damage":48,"enemies":"Nemesis","floor":42,"turns":11},{"damage":13,"enemies":"Jaw Worm Horde","floor":46,"turns":4},{"damage":25,"enemies":"Spire Growth","floor":48,"turns":5},{"damage":74,"enemies":"Donu and Deca","floor":50,"turns":12},{"damage":105,"enemies":"Shield and Spear","floor":54,"turns":6}],"seed_played":"-3381519271544786980","potions_obtained":[{"floor":6,"key":"PowerPotion"},{"floor":12,"key":"Poison Potion"},{"floor":14,"key":"AttackPotion"},{"floor":22,"key":"Poison Potion"},{"floor":28,"key":"Swift Potion"},{"floor":29,"key":"Strength Potion"},{"floor":31,"key":"PowerPotion"},{"floor":35,"key":"Poison Potion"},{"floor":36,"key":"Weak Potion"},{"floor":48,"key":"Strength Potion"}],"is_trial":false,"path_per_floor":["M","?","?","$","M","M","E","?","T","$","R","E","M","M","R","B",null,"M","?","?","T","?","R","M","$","T","?","M","E","R","M","R","B",null,"M","M","$","?","?","M","?","E","T","T","$","M","R","M","R","B",null,"R","$","E"],"character_chosen":"IRONCLAD","items_purchased":["Metallicize","Mummified Hand","Metallicize","Metallicize","Anchor","Whetstone","Feel No Pain","Swift Potion"],"campfire_rested":3,"item_purchase_floors":[4,25,25,37,37,53,53,53],"current_hp_per_floor":[80,80,80,80,77,71,63,55,55,55,55,45,42,48,72,78,80,71,57,57,57,53,53,59,59,59,44,46,51,51,58,83,54,85,81,85,85,85,85,73,73,41,41,41,41,44,81,70,82,21,85,85,85,0],"gold":17,"neow_bonus":"THREE_CARDS","is_prod":false,"is_daily":false,"chose_seed":false,"campfire_upgraded":4,"win_rate":0,"timestamp":1553541612,"path_taken":["M","?","?","$","M","?","E","?","T","?","R","E","M","M","R","BOSS","M","?","?","?","?","R","M","$","T","?","M","E","R","M","R","BOSS","M","M","$","?","?","?","?","E","T","?","?","?","R","M","R","BOSS","R","$","E"],"build_version":"2019-01-23","purchased_purges":3,"victory":false,"max_hp_per_floor":[80,80,80,80,80,80,80,80,80,80,80,80,80,80,80,80,80,80,80,80,80,80,80,80,80,80,85,85,85,85,85,85,85,85,85,85,85,85,85,85,85,85,85,85,85,85,85,85,85,85,85,85,85,85],"card_choices":[{"not_picked":["Seeing Red","Warcry"],"picked":"Cleave","floor":0},{"not_picked":["Havoc","Warcry"],"picked":"Body Slam","floor":1},{"not_picked":["Fiend Fire","Body Slam"],"picked":"Cleave","floor":5},{"not_picked":["Thunderclap","Feel No Pain"],"picked":"Anger","floor":6},{"not_picked":["Heavy Blade","Sentinel"],"picked":"Dropkick","floor":7},{"not_picked":["Hemokinesis","Fire Breathing"],"picked":"Disarm","floor":12},{"not_picked":["Pummel","Burning Pact","Headbutt"],"picked":"SKIP","floor":13},{"not_picked":["Warcry","Carnage"],"picked":"Metallicize","floor":14},{"not_picked":["Sword Boomerang","Combust","Body Slam"],"picked":"SKIP","floor":18},{"not_picked":["Body Slam","True Grit"],"picked":"Anger","floor":24},{"not_picked":["Corruption+1","Heavy Blade","Wild Strike"],"picked":"SKIP","floor":28},{"not_picked":["Clash","Rampage"],"picked":"Feel No Pain+1","floor":29},{"not_picked":["Fire Breathing","Cleave","Corruption+1"],"picked":"SKIP","floor":31},{"not_picked":["Fiend Fire","Berserk"],"picked":"Exhume","floor":33},{"not_picked":["True Grit","Iron Wave","Twin Strike+1"],"picked":"SKIP","floor":35},{"not_picked":["Cleave+1","Clothesline"],"picked":"Warcry+1","floor":36},{"not_picked":["Hemokinesis","Flex+1"],"picked":"Pommel Strike","floor":40},{"not_picked":["Sever Soul","Thunderclap+1"],"picked":"Warcry+1","floor":42},{"not_picked":["Anger+1","Warcry","Heavy Blade+1"],"picked":"SKIP","floor":46},{"not_picked":["Iron Wave+1","Berserk","Flex+1"],"picked":"SKIP","floor":48}],"player_experience":531708,"relics_obtained":[{"floor":7,"key":"Bag of Marbles"},{"floor":9,"key":"Gremlin Horn"},{"floor":12,"key":"Ancient Tea Set"},{"floor":19,"key":"Red Mask"},{"floor":21,"key":"Orichalcum"},{"floor":22,"key":"Pocketwatch"},{"floor":22,"key":"Darkstone Periapt"},{"floor":29,"key":"Bird Faced Urn"},{"floor":42,"key":"Letter Opener"},{"floor":43,"key":"Mercury Hourglass"},{"floor":44,"key":"Molten Egg 2"}],"event_choices":[{"damage_healed":0,"gold_gain":175,"player_choice":"AGREE","damage_taken":0,"max_hp_gain":0,"max_hp_loss":0,"event_name":"Liars Game","floor":2,"gold_loss":0,"cards_obtained":["Doubt"]},{"damage_healed":0,"gold_gain":0,"player_choice":"Rummage","damage_taken":0,"relics_obtained":["WarpedTongs"],"max_hp_gain":0,"max_hp_loss":0,"event_name":"Accursed Blacksmith","floor":3,"gold_loss":0,"cards_obtained":["Pain"]},{"damage_healed":0,"gold_gain":75,"player_choice":"Touch","damage_taken":8,"max_hp_gain":0,"max_hp_loss":0,"event_name":"FaceTrader","floor":8,"gold_loss":0},{"damage_healed":0,"gold_gain":0,"player_choice":"Fought Bandits","damage_taken":0,"max_hp_gain":0,"max_hp_loss":0,"event_name":"Masked Bandits","floor":19,"gold_loss":0},{"cards_removed":["Strike_R"],"damage_healed":0,"gold_gain":0,"player_choice":"Gave Gold","damage_taken":0,"max_hp_gain":0,"max_hp_loss":0,"event_name":"Beggar","floor":20,"gold_loss":75},{"damage_healed":0,"gold_gain":0,"player_choice":"Fight","damage_taken":0,"max_hp_gain":0,"max_hp_loss":0,"event_name":"Colosseum","floor":22,"gold_loss":0},{"damage_healed":0,"gold_gain":0,"player_choice":"Fought Nobs","damage_taken":0,"max_hp_gain":0,"max_hp_loss":0,"event_name":"Colosseum","floor":22,"gold_loss":0},{"damage_healed":0,"gold_gain":0,"player_choice":"Shed Blood","damage_taken":20,"max_hp_gain":5,"max_hp_loss":0,"event_name":"Forgotten Altar","floor":27,"gold_loss":0},{"cards_removed":["Defend_R"],"damage_healed":0,"gold_gain":0,"player_choice":"Removed Skill","damage_taken":0,"max_hp_gain":0,"max_hp_loss":0,"event_name":"Falling","floor":38,"gold_loss":0},{"damage_healed":0,"gold_gain":0,"player_choice":"Upgraded","damage_taken":0,"max_hp_gain":0,"max_hp_loss":0,"event_name":"Upgrade Shrine","floor":39,"gold_loss":0,"cards_upgraded":["Exhume"]},{"damage_healed":0,"gold_gain":222,"player_choice":"Wore Mask","damage_taken":0,"max_hp_gain":0,"max_hp_loss":0,"event_name":"Tomb of Lord Red Mask","floor":41,"gold_loss":0}],"is_beta":false,"boss_relics":[{"not_picked":["Snecko Eye","Coffee Dripper"],"picked":"Mark of Pain"},{"not_picked":["Tiny House","Fusion Hammer"],"picked":"Eternal Feather"}],"items_purged_floors":[4,10,45],"is_endless":false,"potions_floor_spawned":[6,12,14,22,22,28,29,31,35,36,48],"killed_by":"Shield and Spear","ascension_level":0}