{"gold_per_floor":[114,114,114,129,28,57,57,72,72,105,10,10,23,23,23,128,128,148,174,194,34,34,34,46,46,46,56,83,183,203,221,221,324,324,340,68,80,80],"floor_reached":38,"playtime":2546,"items_purged":["Biased Cognition","Defend_B","Writhe"],"score":404,"play_id":"6934827f-fc29-4784-b14c-ef69c870b6d9","local_time":"20190203171005","is_ascension_mode":false,"campfire_choices":[{"floor":7.0,"key":"REST"},{"floor":12.0,"key":"RECALL"},{"data":"Strike_B","floor":15.0,"key":"PURGE"},{"floor":23.0,"key":"REST"},{"floor":25.0,"key":"REST"},{"floor":32,"key":"REST"}],"neow_cost":"NONE","seed_source_timestamp":1482535561800,"circlet_count":0,"master_deck":["Zap","Dualcast","Conserve Battery","Sweeping Beam","Melter","Cold Snap","Gash","Conserve Battery","Machine Learning","Melter","Go for the Eyes","Sunder","Cold Snap","Fusion","Steam","Glacier","Gash","Echo Form","Conserve Battery+1","Reinforced Body","BootSequence","Meteor Strike","Loop+1"],"special_seed":0,"relics":["Cracked Core","Smiling Mask","Gremlin Horn","Cables","Peace Pipe","Letter Opener","Pandora\u0027s Box","Red Mask","Blue Candle","Singing Bowl","Calipers","Unceasing Top","Dodecahedron","Inserter","Pen Nib"],"potions_floor_usage":[29,29,38,38],"damage_taken":[{"damage":0.0,"enemies":"2 Louse","floor":1.0,"turns":2.0},{"damage":0.0,"enemies":"Small Slimes","floor":4.0,"turns":3.0},{"damage":14.0,"enemies":"3 Sentries","floor":6.0,"turns":7.0},{"damage":0.0,"enemies":"Cultist","floor":8.0,"turns":2.0},{"damage":3.0,"enemies":"Gremlin Nob","floor":10.0,"turns":4.0},{"damage":5.0,"enemies":"Blue Slaver","floor":13.0,"turns":2.0},{"damage":37.0,"enemies":"The Guardian","floor":16.0,"turns":11.0},{"damage":26.0,"enemies":"2 Thieves","floor":18.0,"turns":4.0},{"damage":19.0,"enemies":"Masked Bandits","floor":19.0,"turns":4.0},{"damage":2.0,"enemies":"Chosen","floor":20.0,"turns":5.0},{"damage":27.0,"enemies":"Centurion and Healer","floor":24.0,"turns":6.0},{"damage":0.0,"enemies":"Cultist and Chosen","floor":27.0,"turns":8.0},{"damage":15.0,"enemies":"Book of Stabbing","floor":28.0,"turns":6.0},{"damage":1,"enemies":"Colosseum Slavers","floor":29,"turns":5},{"damage":18,"enemies":"Colosseum Nobs","floor":29,"turns":6},{"damage":14,"enemies":"Shelled Parasite and Fungi","floor":30,"turns":5},{"damage":0,"enemies":"Snecko","floor":31,"turns":5},{"damage":9,"enemies":"Champ","floor":33,"turns":13},{"damage":1,"enemies":"3 Shapes","floor":35,"turns":5},{"damage":18,"enemies":"3 Darklings","floor":37,"turns":7},{"damage":80,"enemies":"2 Orb Walkers","floor":38,"turns":6}],"seed_played":"1188799561658290658","potions_obtained":[{"floor":10.0,"key":"FairyPotion"},{"floor":13.0,"key":"Ancient Potion"},{"floor":16.0,"key":"EssenceOfSteel"},{"floor":20.0,"key":"Explosive Potion"},{"floor":27.0,"key":"Dexterity Potion"},{"floor":30,"key":"Poison Potion"},{"floor":35,"key":"Weak Potion"}],"is_trial":false,"path_per_floor":["M","?","?","M","$","E","R","M","T","E","$","R","M","?","R","B",null,"M","?","M","$","?","R","M","R","T","M","E","?","M","M","R","B",null,"M","$","M","?"],"character_chosen":"DEFECT","items_purchased":["Sweeping Beam","Beam Cell","Echo Form","Pen Nib","LiquidBronze"],"campfire_rested":4,"item_purchase_floors":[5,11,21,36,36],"current_hp_per_floor":[75,60,60,60,60,46,68,68,68,65,65,65,60,60,60,23,75,49,30,28,28,28,50,23,45,45,47,32,13,9,11,35,26,81,82,82,64,0],"gold":80,"neow_bonus":"RANDOM_COMMON_RELIC","is_prod":false,"is_daily":false,"chose_seed":false,"campfire_upgraded":0,"win_rate":0,"timestamp":1549231805,"path_taken":["M","?","?","M","$","E","R","M","T","E","$","R","M","?","R","BOSS","M","?","M","$","?","R","M","R","T","M","E","?","M","M","R","BOSS","M","$","M","?"],"build_version":"2019-01-23","purchased_purges":3,"victory":false,"max_hp_per_floor":[75,75,75,75,75,75,75,75,75,75,75,75,75,75,75,75,75,75,75,75,75,75,75,75,75,75,77,77,77,79,81,81,81,81,83,83,83,83],"card_choices":[{"not_picked":["Turbo","Beam Cell"],"picked":"Conserve Battery","floor":1.0},{"not_picked":["Barrage","Thunder Strike","Turbo"],"picked":"SKIP","floor":4.0},{"not_picked":["Fission","Double Energy"],"picked":"Melter","floor":6.0},{"not_picked":["Force Field","Leap"],"picked":"Cold Snap","floor":8.0},{"not_picked":["Redo","Darkness"],"picked":"Gash","floor":10.0},{"not_picked":["Sweeping Beam","Doom and Gloom"],"picked":"Conserve Battery","floor":13.0},{"not_picked":["Multi-Cast","Amplify"],"picked":"Machine Learning","floor":16.0},{"not_picked":["Leap","Barrage"],"picked":"Steam","floor":18.0},{"not_picked":["Cold Snap","Redo"],"picked":"Glacier","floor":19.0},{"not_picked":["Genetic Algorithm+1","Turbo"],"picked":"Gash","floor":20.0},{"not_picked":["Heatsinks","Blizzard"],"picked":"Conserve Battery+1","floor":24.0},{"not_picked":["Recycle","Coolheaded","White Noise"],"picked":"Singing Bowl","floor":27.0},{"not_picked":["All For One","Beam Cell"],"picked":"Reinforced Body","floor":28.0},{"not_picked":["Auto Shields","Beam Cell"],"picked":"BootSequence","floor":29},{"not_picked":["Stack","Ball Lightning","Chill"],"picked":"Singing Bowl","floor":30},{"not_picked":["Redo+1","Cold Snap","Streamline+1"],"picked":"Singing Bowl","floor":31},{"not_picked":["Biased Cognition","Buffer"],"picked":"Meteor Strike","floor":33},{"not_picked":["Scrape","Conserve Battery+1","Steam"],"picked":"Singing Bowl","floor":35},{"not_picked":["Blizzard","BootSequence+1"],"picked":"Loop+1","floor":37}],"player_experience":270423,"relics_obtained":[{"floor":6.0,"key":"Gremlin Horn"},{"floor":9.0,"key":"Cables"},{"floor":10.0,"key":"Peace Pipe"},{"floor":19.0,"key":"Red Mask"},{"floor":26.0,"key":"Singing Bowl"},{"floor":28.0,"key":"Calipers"},{"floor":29,"key":"Unceasing Top"},{"floor":29,"key":"Dodecahedron"}],"event_choices":[{"damage_healed":0.0,"max_hp_gain":0.0,"max_hp_loss":0.0,"gold_gain":0.0,"event_name":"Shining Light","player_choice":"Entered Light","floor":2.0,"gold_loss":0.0,"damage_taken":15.0,"cards_upgraded":["Strike_B","Strike_B"]},{"damage_healed":0.0,"max_hp_gain":0.0,"max_hp_loss":0.0,"gold_gain":0.0,"cards_transformed":["Strike_B"],"event_name":"Living Wall","player_choice":"Change","floor":3.0,"gold_loss":0.0,"damage_taken":0.0,"cards_obtained":["Biased Cognition"]},{"cards_removed":["Beam Cell"],"damage_healed":0.0,"max_hp_gain":0.0,"max_hp_loss":0.0,"gold_gain":0.0,"event_name":"WeMeetAgain","player_choice":"Gave Card","floor":14.0,"gold_loss":0.0,"damage_taken":0.0,"relics_obtained":["Letter Opener"]},{"damage_healed":0.0,"max_hp_gain":0.0,"max_hp_loss":0.0,"gold_gain":0.0,"event_name":"Masked Bandits","player_choice":"Fought Bandits","floor":19.0,"gold_loss":0.0,"damage_taken":0.0},{"damage_healed":0.0,"max_hp_gain":0.0,"max_hp_loss":0.0,"gold_gain":0.0,"event_name":"The Mausoleum","player_choice":"Opened","floor":22.0,"gold_loss":0.0,"damage_taken":0.0,"relics_obtained":["Blue Candle"],"cards_obtained":["Writhe"]},{"damage_healed":0,"gold_gain":0,"player_choice":"Fight","damage_taken":0,"max_hp_gain":0,"max_hp_loss":0,"event_name":"Colosseum","floor":29,"gold_loss":0},{"damage_healed":0,"gold_gain":0,"player_choice":"Fought Nobs","damage_taken":0,"max_hp_gain":0,"max_hp_loss":0,"event_name":"Colosseum","floor":29,"gold_loss":0},{"damage_healed":0,"gold_gain":0,"player_choice":"Fight","damage_taken":0,"max_hp_gain":0,"max_hp_loss":0,"event_name":"Mysterious Sphere","floor":38,"gold_loss":0}],"is_beta":false,"boss_relics":[{"not_picked":["Black Star","Coffee Dripper"],"picked":"Pandora\u0027s Box"},{"not_picked":["Tiny House","Sozu"],"picked":"Inserter"}],"items_purged_floors":[5,11,36],"is_endless":false,"potions_floor_spawned":[10,13,16,20,27,28,30,35],"killed_by":"2 Orb Walkers","ascension_level":0}