{"gold_per_floor":[117,131,14,89,89,124,136,180,192,204],"floor_reached":10,"playtime":341,"items_purged":["Strike_B"],"score":148,"play_id":"04a6b5ae-fda1-4481-83b4-aa0f7eadd10d","local_time":"20181210180607","is_ascension_mode":true,"campfire_choices":[{"data":"Streamline","floor":7,"key":"SMITH"}],"neow_cost":"NONE","seed_source_timestamp":6145392306065,"circlet_count":0,"master_deck":["AscendersBane","Strike_B","Strike_B","Strike_B","Defend_B","Defend_B","Defend_B","Defend_B","Zap","Dualcast","Streamline+1","Sweeping Beam","FTL","Hologram","Leap"],"relics":["Cracked Core","MawBank","Kunai","Dodecahedron"],"potions_floor_usage":[6,6,8,10],"damage_taken":[{"damage":1,"enemies":"Cultist","floor":1,"turns":3},{"damage":0,"enemies":"2 Louse","floor":2,"turns":2},{"damage":25,"enemies":"Lagavulin","floor":6,"turns":4},{"damage":8,"enemies":"Gremlin Nob","floor":8,"turns":3},{"damage":28,"enemies":"3 Sentries","floor":10,"turns":5}],"seed_played":"831569281162062379","potions_obtained":[{"floor":0,"key":"FearPotion"},{"floor":0,"key":"SmokeBomb"},{"floor":1,"key":"Weak Potion"},{"floor":6,"key":"PowerPotion"},{"floor":8,"key":"GamblersBrew"}],"is_trial":false,"path_per_floor":["M","M","$","?","?","E","R","E","T","E"],"character_chosen":"DEFECT","items_purchased":["FTL"],"campfire_rested":0,"item_purchase_floors":[3],"current_hp_per_floor":[63,63,63,52,57,32,32,24,24,0],"gold":204,"neow_bonus":"THREE_SMALL_POTIONS","is_prod":false,"is_daily":false,"chose_seed":false,"campfire_upgraded":1,"win_rate":0,"timestamp":1544461567,"path_taken":["M","M","$","?","?","E","R","E","T","E"],"build_version":"2018-12-06","purchased_purges":1,"victory":false,"max_hp_per_floor":[71,71,71,71,76,76,76,76,76,76],"card_choices":[{"not_picked":["Conserve Battery","Turbo"],"picked":"Streamline","floor":1},{"not_picked":["Undo","Steam Power"],"picked":"Sweeping Beam","floor":2},{"not_picked":["Rainbow","Tempest"],"picked":"Hologram","floor":6},{"not_picked":["Hello World","Stack"],"picked":"Leap","floor":8}],"player_experience":637508,"relics_obtained":[{"floor":6,"key":"MawBank"},{"floor":8,"key":"Kunai"},{"floor":9,"key":"Dodecahedron"}],"event_choices":[{"damage_healed":0,"gold_gain":75,"player_choice":"Gather Gold","damage_taken":11,"max_hp_gain":0,"max_hp_loss":0,"event_name":"World of Goop","floor":4,"gold_loss":0},{"damage_healed":0,"gold_gain":0,"player_choice":"Donut","damage_taken":0,"max_hp_gain":5,"max_hp_loss":0,"event_name":"Big Fish","floor":5,"gold_loss":0}],"is_beta":false,"boss_relics":[],"items_purged_floors":[3],"is_endless":false,"potions_floor_spawned":[1,6,8],"killed_by":"3 Sentries","ascension_level":20}