{"gold_per_floor":[14,14,33,49,62,92,92,92,92,92,50,76,133,159,159,235,235,249,249,30,48,74,74,106,106,106,106,132,147,147,174,174,245,245,257,68,121,138,152,179,179,189,242,464,480,480,509,522,522,522,522,522,522,47,78,78],"floor_reached":57,"playtime":4922,"items_purged":["Anger"],"score":3122,"play_id":"87f9b641-5402-4907-b37c-79159b519519","local_time":"20190526182419","is_ascension_mode":true,"campfire_choices":[{"data":"Combust","floor":7.0,"key":"SMITH"},{"floor":10.0,"key":"REST"},{"data":"Shockwave","floor":15.0,"key":"SMITH"},{"data":"Corruption","floor":23.0,"key":"SMITH"},{"data":"True Grit","floor":25.0,"key":"SMITH"},{"data":"Fiend Fire","floor":27.0,"key":"SMITH"},{"data":"Inflame","floor":30.0,"key":"SMITH"},{"data":"Burning Pact","floor":32.0,"key":"SMITH"},{"floor":41.0,"key":"RECALL"},{"data":"True Grit","floor":46.0,"key":"SMITH"},{"data":"Limit Break","floor":49.0,"key":"SMITH"},{"floor":53.0,"key":"REST"}],"neow_cost":"NO_GOLD","seed_source_timestamp":15676867032762,"circlet_count":0,"master_deck":["AscendersBane","Defend_R","Defend_R","Defend_R","Defend_R","Bash","Shrug It Off","Combust+1","Iron Wave+1","Limit Break+1","Rupture","Shockwave+1","Corruption+1","Fiend Fire+1","Shrug It Off","Bite","Bite","Bite","Bite+1","Bite","True Grit+1","Flame Barrier+1","Pommel Strike+1","Inflame+1","Exhume","Inflame+1","Burning Pact+1","Brutality","Shrug It Off","Shrug It Off+1","Exhume","True Grit+1","Evolve","Armaments+1","Limit Break+1"],"special_seed":0,"relics":["Burning Blood","StoneCalendar","Anchor","Dead Branch","Shuriken","Art of War","Boot","Ancient Tea Set","Lizard Tail","Potion Belt","Red Mask","Sundial","Bronze Scales","Whetstone","Snecko Eye","FossilizedHelix","Pear","Oddly Smooth Stone","Toxic Egg 2","Membership Card","Mummified Hand","Pocketwatch"],"potions_floor_usage":[56,56,56,56],"damage_taken":[{"damage":11.0,"enemies":"Jaw Worm","floor":1.0,"turns":7.0},{"damage":1.0,"enemies":"Small Slimes","floor":3.0,"turns":4.0},{"damage":0.0,"enemies":"2 Louse","floor":4.0,"turns":5.0},{"damage":27.0,"enemies":"Large Slime","floor":5.0,"turns":7.0},{"damage":16.0,"enemies":"Lagavulin","floor":6.0,"turns":6.0},{"damage":16.0,"enemies":"3 Sentries","floor":12.0,"turns":5.0},{"damage":10.0,"enemies":"Gremlin Nob","floor":13.0,"turns":3.0},{"damage":14.0,"enemies":"Gremlin Nob","floor":14.0,"turns":4.0},{"damage":24.0,"enemies":"The Guardian","floor":16.0,"turns":8.0},{"damage":14.0,"enemies":"2 Thieves","floor":18.0,"turns":5.0},{"damage":6.0,"enemies":"Chosen","floor":21.0,"turns":5.0},{"damage":3.0,"enemies":"Masked Bandits","floor":22.0,"turns":3.0},{"damage":12.0,"enemies":"Book of Stabbing","floor":24.0,"turns":4.0},{"damage":5.0,"enemies":"Gremlin Leader","floor":28.0,"turns":4.0},{"damage":6.0,"enemies":"Centurion and Healer","floor":29.0,"turns":4.0},{"damage":22.0,"enemies":"Slavers","floor":31.0,"turns":4.0},{"damage":20.0,"enemies":"Automaton","floor":33.0,"turns":7.0},{"damage":0.0,"enemies":"Orb Walker","floor":35.0,"turns":1.0},{"damage":19.0,"enemies":"2 Orb Walkers","floor":37.0,"turns":4.0},{"damage":0.0,"enemies":"3 Shapes","floor":38.0,"turns":3.0},{"damage":0.0,"enemies":"Sphere and 2 Shapes","floor":39.0,"turns":3.0},{"damage":0.0,"enemies":"Giant Head","floor":40.0,"turns":4.0},{"damage":0.0,"enemies":"Maw","floor":42.0,"turns":3.0},{"damage":8.0,"enemies":"3 Darklings","floor":45.0,"turns":5.0},{"damage":2.0,"enemies":"Reptomancer","floor":47.0,"turns":4.0},{"damage":0.0,"enemies":"Jaw Worm Horde","floor":48.0,"turns":3.0},{"damage":61.0,"enemies":"Awakened One","floor":50.0,"turns":19.0},{"damage":35.0,"enemies":"Donu and Deca","floor":51.0,"turns":5.0},{"damage":45,"enemies":"Shield and Spear","floor":55,"turns":15},{"damage":9,"enemies":"The Heart","floor":56,"turns":6}],"seed_played":"-3141337132331761153","potions_obtained":[{"floor":1.0,"key":"EssenceOfSteel"},{"floor":5.0,"key":"PowerPotion"},{"floor":6.0,"key":"Block Potion"},{"floor":13.0,"key":"Block Potion"},{"floor":29.0,"key":"AttackPotion"},{"floor":33.0,"key":"Fruit Juice"},{"floor":35.0,"key":"BloodPotion"},{"floor":37.0,"key":"LiquidBronze"},{"floor":39.0,"key":"SpeedPotion"},{"floor":47.0,"key":"Dexterity Potion"}],"is_trial":false,"path_per_floor":["M","?","M","M","M","E","R","?","T","R","$","E","?","E","R","B",null,"M","?","$","M","?","R","E","R","T","R","E","M","R","E","R","B",null,"M","$","?","M","M","E","R","M","T","?","M","R","E","M","R","B","B",null,"R","$","E","B",null],"character_chosen":"IRONCLAD","items_purchased":["Rupture","Potion Belt","True Grit","Shrug It Off","PowerPotion","Membership Card","Mummified Hand","Ancient Potion","Evolve","Armaments+1"],"campfire_rested":2,"item_purchase_floors":[11,20,20,36,36,54,54,54,54,54],"current_hp_per_floor":[63,58,63,69,48,38,38,38,38,60,60,50,46,38,38,20,61,53,52,52,52,52,52,52,52,52,52,52,52,52,42,42,41,49,52,57,53,57,57,67,67,67,67,67,67,67,67,67,67,36,14,54,67,67,39,55],"gold":78,"neow_bonus":"ONE_RARE_RELIC","is_prod":false,"is_daily":false,"chose_seed":false,"campfire_upgraded":9,"win_rate":0,"timestamp":1558887859,"path_taken":["M","?","M","M","M","E","R","?","T","R","$","E","?","E","R","BOSS","M","?","$","M","?","R","E","R","T","R","E","M","R","E","R","BOSS","M","$","?","M","M","E","R","M","T","?","M","R","E","M","R","BOSS","BOSS","R","$","E","BOSS"],"build_version":"2019-01-23","purchased_purges":1,"victory":true,"max_hp_per_floor":[75,75,75,75,75,75,75,75,75,75,75,75,75,75,75,75,75,75,52,52,52,52,52,52,52,52,52,52,52,52,52,52,52,52,52,57,57,57,57,67,67,67,67,67,67,67,67,67,67,67,67,67,67,67,67,67],"card_choices":[{"not_picked":["Infernal Blade","Thunderclap"],"picked":"Shrug It Off","floor":1.0},{"not_picked":["Dropkick","Clothesline"],"picked":"Combust","floor":3.0},{"not_picked":["Feel No Pain","True Grit"],"picked":"Iron Wave","floor":4.0},{"not_picked":["Havoc","Thunderclap"],"picked":"Anger","floor":5.0},{"not_picked":["Whirlwind","Evolve"],"picked":"Limit Break","floor":6.0},{"not_picked":["Perfected Strike","Warcry","Blood for Blood"],"picked":"SKIP","floor":12.0},{"not_picked":["Flex","Entrench"],"picked":"Shockwave","floor":13.0},{"not_picked":["Sentinel","Clash"],"picked":"Corruption","floor":14.0},{"not_picked":["Brutality","Double Tap"],"picked":"Fiend Fire","floor":16.0},{"not_picked":["Thunderclap","Headbutt"],"picked":"Shrug It Off","floor":18.0},{"not_picked":["Cleave","Heavy Blade+1"],"picked":"Flame Barrier+1","floor":21.0},{"not_picked":["Headbutt","Armaments"],"picked":"Pommel Strike+1","floor":22.0},{"not_picked":["Flex","Searing Blow"],"picked":"Inflame","floor":24.0},{"not_picked":["Pummel","Inflame"],"picked":"Exhume","floor":28.0},{"not_picked":["Corruption","Twin Strike"],"picked":"Inflame+1","floor":29.0},{"not_picked":["Uppercut","Rage"],"picked":"Burning Pact","floor":31.0},{"not_picked":["Limit Break","Demon Form"],"picked":"Brutality","floor":33.0},{"not_picked":["Armaments","Hemokinesis","Warcry+1"],"picked":"SKIP","floor":35.0},{"not_picked":["Pommel Strike","Rampage","Havoc"],"picked":"SKIP","floor":38.0},{"not_picked":["Heavy Blade","Warcry+1"],"picked":"Shrug It Off+1","floor":39.0},{"not_picked":["Shrug It Off","Armaments"],"picked":"Exhume","floor":40.0},{"not_picked":["Anger","Wild Strike","Pummel"],"picked":"SKIP","floor":42.0},{"not_picked":["Dual Wield","Clothesline+1"],"picked":"True Grit","floor":45.0},{"not_picked":["Blood for Blood","Power Through","Warcry+1"],"picked":"SKIP","floor":47.0},{"not_picked":["Havoc+1","Pommel Strike","Thunderclap"],"picked":"SKIP","floor":48.0},{"not_picked":["Hemokinesis","Clash"],"picked":"Limit Break+1","floor":55}],"player_experience":1255773,"relics_obtained":[{"floor":6.0,"key":"Dead Branch"},{"floor":9.0,"key":"Shuriken"},{"floor":12.0,"key":"Art of War"},{"floor":13.0,"key":"Boot"},{"floor":14.0,"key":"Ancient Tea Set"},{"floor":22.0,"key":"Red Mask"},{"floor":24.0,"key":"Sundial"},{"floor":28.0,"key":"Bronze Scales"},{"floor":31.0,"key":"Whetstone"},{"floor":37.0,"key":"FossilizedHelix"},{"floor":40.0,"key":"Pear"},{"floor":43.0,"key":"Oddly Smooth Stone"},{"floor":47.0,"key":"Toxic Egg 2"},{"floor":55,"key":"Pocketwatch"}],"event_choices":[{"damage_healed":0.0,"max_hp_gain":0.0,"max_hp_loss":0.0,"gold_gain":0.0,"event_name":"Scrap Ooze","player_choice":"Success","floor":2.0,"gold_loss":0.0,"damage_taken":5.0,"relics_obtained":["Anchor"]},{"cards_removed":["Strike_R"],"damage_healed":0.0,"max_hp_gain":0.0,"max_hp_loss":0.0,"gold_gain":0.0,"event_name":"Living Wall","player_choice":"Forget","floor":8.0,"gold_loss":0.0,"damage_taken":0.0},{"damage_healed":0.0,"max_hp_gain":0.0,"max_hp_loss":0.0,"gold_gain":0.0,"event_name":"Dead Adventurer","player_choice":"Searched \u00271\u0027 times","floor":13.0,"gold_loss":0.0,"damage_taken":0.0},{"damage_healed":0.0,"max_hp_gain":0.0,"max_hp_loss":23.0,"gold_gain":0.0,"event_name":"Vampires","player_choice":"Became a vampire","floor":19.0,"gold_loss":0.0,"damage_taken":0.0,"cards_obtained":["Bite","Bite","Bite","Bite","Bite"]},{"damage_healed":0.0,"max_hp_gain":0.0,"max_hp_loss":0.0,"gold_gain":0.0,"event_name":"Masked Bandits","player_choice":"Fought Bandits","floor":22.0,"gold_loss":0.0,"damage_taken":0.0},{"damage_healed":0.0,"max_hp_gain":0.0,"max_hp_loss":0.0,"gold_gain":0.0,"event_name":"Mysterious Sphere","player_choice":"Fight","floor":37.0,"gold_loss":0.0,"damage_taken":0.0},{"damage_healed":0.0,"max_hp_gain":0.0,"max_hp_loss":0.0,"gold_gain":222.0,"event_name":"Tomb of Lord Red Mask","player_choice":"Wore Mask","floor":44.0,"gold_loss":0.0,"damage_taken":0.0}],"is_beta":false,"boss_relics":[{"not_picked":["Calling Bell","Runic Dome"],"picked":"Lizard Tail"},{"not_picked":["Busted Crown","Tiny House"],"picked":"Snecko Eye"}],"items_purged_floors":[36],"is_endless":false,"potions_floor_spawned":[1,5,6,13,29,33,35,37,39,47,55],"ascension_level":20}