{"gold_per_floor":[109,120,45,120,170,203,203,237,313,348,348,363,363,381,381,381],"floor_reached":16,"playtime":561,"items_purged":["Strike_B"],"score":286,"play_id":"063a425f-2ed0-47bd-adcf-c97fa94d4963","local_time":"20190530225135","is_ascension_mode":true,"campfire_choices":[{"data":"Zap","floor":7,"key":"SMITH"},{"data":"Reinforced Body","floor":11,"key":"SMITH"},{"floor":13,"key":"REST"},{"data":"Capacitor","floor":15,"key":"SMITH"}],"neow_cost":"NONE","seed_source_timestamp":36621744176289,"circlet_count":0,"master_deck":["AscendersBane","Strike_B","Strike_B","Strike_B","Defend_B","Defend_B","Defend_B","Defend_B","Zap+1","Dualcast","Reinforced Body+1","Cold Snap","Compile Driver","Capacitor+1","Gash","Self Repair"],"relics":["Cracked Core","NeowsBlessing","Anchor","Vajra","Bird Faced Urn"],"potions_floor_usage":[16],"damage_taken":[{"damage":0,"enemies":"Cultist","floor":1,"turns":1},{"damage":0,"enemies":"Jaw Worm","floor":2,"turns":1},{"damage":0,"enemies":"Lagavulin","floor":6,"turns":1},{"damage":17,"enemies":"3 Sentries","floor":8,"turns":8},{"damage":17,"enemies":"Lagavulin","floor":10,"turns":10},{"damage":5,"enemies":"Small Slimes","floor":12,"turns":3},{"damage":8,"enemies":"Gremlin Gang","floor":14,"turns":5},{"damage":55,"enemies":"Slime Boss","floor":16,"turns":7}],"seed_played":"-4530737504839811577","potions_obtained":[{"floor":10,"key":"Fire Potion"},{"floor":12,"key":"SpeedPotion"}],"is_trial":false,"path_per_floor":["M","M","$","?","?","E","R","E","T","E","R","M","R","M","R","B"],"character_chosen":"DEFECT","items_purchased":[],"campfire_rested":1,"item_purchase_floors":[],"current_hp_per_floor":[64,64,64,53,53,53,53,36,36,19,19,16,37,40,40,0],"gold":381,"neow_bonus":"THREE_ENEMY_KILL","is_prod":false,"is_daily":false,"chose_seed":false,"campfire_upgraded":3,"win_rate":0,"timestamp":1559249495,"path_taken":["M","M","$","?","?","E","R","E","T","E","R","M","R","M","R","BOSS"],"build_version":"2019-01-23","purchased_purges":1,"victory":false,"max_hp_per_floor":[71,71,71,71,71,71,71,71,71,71,71,71,71,71,71,71],"card_choices":[{"not_picked":["Leap","Go for the Eyes"],"picked":"Reinforced Body","floor":1},{"not_picked":["Aggregate","Redo"],"picked":"Cold Snap","floor":2},{"not_picked":["Hologram","Coolheaded"],"picked":"Compile Driver","floor":6},{"not_picked":["Undo","Hello World"],"picked":"Capacitor","floor":8},{"not_picked":["Barrage","Force Field"],"picked":"Gash","floor":10},{"not_picked":["Redo","Recycle"],"picked":"Self Repair","floor":12},{"not_picked":["Turbo","Stack","Steam"],"picked":"SKIP","floor":14}],"player_experience":1265261,"relics_obtained":[{"floor":6,"key":"Anchor"},{"floor":8,"key":"Vajra"},{"floor":10,"key":"Bird Faced Urn"}],"event_choices":[{"damage_healed":0,"gold_gain":75,"player_choice":"Gather Gold","damage_taken":11,"max_hp_gain":0,"max_hp_loss":0,"event_name":"World of Goop","floor":4,"gold_loss":0},{"damage_healed":0,"gold_gain":50,"player_choice":"Pray","damage_taken":0,"max_hp_gain":0,"max_hp_loss":0,"event_name":"Golden Shrine","floor":5,"gold_loss":0}],"is_beta":false,"boss_relics":[],"items_purged_floors":[3],"is_endless":false,"potions_floor_spawned":[10,12],"killed_by":"Slime Boss","ascension_level":20}