{"gold_per_floor":[211,33,33,47,57,57,82,82,82,82,155,186,186,197,197,272,272,292,322,62,81,31,31,60,60,84,96,96,111,138,155,155,227,227,242,242,242,259,73,73],"floor_reached":40,"playtime":2643,"items_purged":["Strike_G","Strike_G","Poisoned Stab"],"score":864,"play_id":"75745d27-effb-4ed3-b785-79772e3acee1","local_time":"20190523004211","is_ascension_mode":true,"campfire_choices":[{"data":"Neutralize","floor":6.0,"key":"SMITH"},{"data":"Noxious Fumes","floor":8.0,"key":"SMITH"},{"data":"Crippling Poison","floor":10.0,"key":"SMITH"},{"data":"All Out Attack","floor":15.0,"key":"SMITH"},{"data":"Footwork","floor":23.0,"key":"SMITH"},{"data":"Crippling Poison","floor":25.0,"key":"SMITH"},{"floor":28.0,"key":"REST"},{"data":"Bouncing Flask","floor":32.0,"key":"SMITH"}],"neow_cost":"NONE","seed_source_timestamp":46569224433898,"circlet_count":0,"master_deck":["AscendersBane","Defend_G","Defend_G","Defend_G","Defend_G","Defend_G+1","Survivor","Neutralize+1","Crippling Poison+1","Noxious Fumes+1","All Out Attack+1","Cloak And Dagger","After Image+1","PiercingWail","Footwork+1","Leg Sweep","Backflip+1","Crippling Poison+1","PiercingWail","Bouncing Flask+1","Backflip+1","Footwork"],"special_seed":0,"relics":["Ring of the Serpent","Unceasing Top","Ninja Scroll","Strawberry","Red Mask","Smiling Mask","War Paint","Singing Bowl","Empty Cage"],"potions_floor_usage":[33,40],"damage_taken":[{"damage":1.0,"enemies":"Jaw Worm","floor":1.0,"turns":4.0},{"damage":0.0,"enemies":"Cultist","floor":4.0,"turns":5.0},{"damage":0.0,"enemies":"Small Slimes","floor":5.0,"turns":4.0},{"damage":22.0,"enemies":"Lagavulin","floor":7.0,"turns":7.0},{"damage":19.0,"enemies":"Gremlin Nob","floor":12.0,"turns":4.0},{"damage":5.0,"enemies":"Exordium Thugs","floor":14.0,"turns":5.0},{"damage":6.0,"enemies":"The Guardian","floor":16.0,"turns":10.0},{"damage":0.0,"enemies":"3 Byrds","floor":18.0,"turns":4.0},{"damage":15.0,"enemies":"Masked Bandits","floor":19.0,"turns":3.0},{"damage":0.0,"enemies":"Shell Parasite","floor":21.0,"turns":8.0},{"damage":31.0,"enemies":"Slavers","floor":24.0,"turns":7.0},{"damage":3.0,"enemies":"Cultist and Chosen","floor":27.0,"turns":9.0},{"damage":1.0,"enemies":"Snecko","floor":29.0,"turns":6.0},{"damage":15.0,"enemies":"Book of Stabbing","floor":30.0,"turns":8.0},{"damage":1.0,"enemies":"Centurion and Healer","floor":31.0,"turns":7.0},{"damage":19,"enemies":"Automaton","floor":33,"turns":11},{"damage":16,"enemies":"Orb Walker","floor":35,"turns":5},{"damage":27,"enemies":"3 Darklings","floor":38,"turns":5},{"damage":33,"enemies":"Giant Head","floor":40,"turns":10}],"seed_played":"-1624835417102107009","potions_obtained":[{"floor":7.0,"key":"SpeedPotion"},{"floor":12.0,"key":"LiquidBronze"},{"floor":14.0,"key":"Regen Potion"},{"floor":21.0,"key":"SpeedPotion"},{"floor":24.0,"key":"Regen Potion"},{"floor":27.0,"key":"Regen Potion"},{"floor":30.0,"key":"PowerPotion"},{"floor":33,"key":"FearPotion"},{"floor":38,"key":"Fire Potion"}],"is_trial":false,"path_per_floor":["M","$","?","M","M","R","E","R","T","R","?","E","?","M","R","B",null,"M","?","$","M","?","R","E","R","T","M","R","M","E","M","R","B",null,"M","?","?","M","$","E"],"character_chosen":"THE_SILENT","items_purchased":["Noxious Fumes","Poisoned Stab","Footwork","Leg Sweep","Footwork","Energy Potion"],"campfire_rested":1,"item_purchase_floors":[2,2,20,20,39,39],"current_hp_per_floor":[58,58,58,58,58,58,36,36,36,36,36,24,24,19,19,13,58,58,55,55,55,55,55,24,24,24,36,57,56,58,59,59,42,70,56,56,56,29,29,0],"gold":73,"neow_bonus":"HUNDRED_GOLD","is_prod":false,"is_daily":false,"chose_seed":false,"campfire_upgraded":7,"win_rate":0,"timestamp":1558564931,"path_taken":["M","$","?","?","M","R","E","R","T","R","?","E","?","M","R","BOSS","M","?","?","?","?","R","E","R","T","?","R","?","E","M","R","BOSS","M","?","?","?","?","E"],"build_version":"2019-01-23","purchased_purges":3,"victory":false,"max_hp_per_floor":[66,66,66,66,66,66,66,66,66,66,66,73,73,73,73,73,73,73,73,73,73,73,73,73,73,73,73,73,73,75,77,77,79,79,81,77,77,77,77,77],"card_choices":[{"not_picked":["Deadly Poison","Bouncing Flask"],"picked":"Crippling Poison","floor":1.0},{"not_picked":["Cloak And Dagger","Acrobatics","Calculated Gamble"],"picked":"SKIP","floor":4.0},{"not_picked":["Finisher","Escape Plan"],"picked":"All Out Attack","floor":5.0},{"not_picked":["Dodge and Roll","Deadly Poison","Infinite Blades"],"picked":"SKIP","floor":7.0},{"not_picked":["Sucker Punch","Infinite Blades","Predator"],"picked":"SKIP","floor":12.0},{"not_picked":["All Out Attack","Blade Dance"],"picked":"Cloak And Dagger","floor":14.0},{"not_picked":["Adrenaline","Grand Finale"],"picked":"After Image","floor":16.0},{"not_picked":["Sucker Punch","Blade Dance","Bane"],"picked":"SKIP","floor":18.0},{"not_picked":["Expertise","Predator"],"picked":"PiercingWail","floor":19.0},{"not_picked":["Catalyst","Predator"],"picked":"Backflip","floor":21.0},{"not_picked":["Storm of Steel","All Out Attack"],"picked":"Crippling Poison","floor":24.0},{"not_picked":["Poisoned Stab","Slice"],"picked":"PiercingWail","floor":27.0},{"not_picked":["Deadly Poison","Flechettes"],"picked":"Bouncing Flask","floor":29.0},{"not_picked":["Venomology","Slice","Outmaneuver"],"picked":"Singing Bowl","floor":30.0},{"not_picked":["Endless Agony","Dagger Throw","Quick Slash"],"picked":"Singing Bowl","floor":31.0},{"not_picked":["Venomology","Glass Knife","Phantasmal Killer"],"picked":"Singing Bowl","floor":33},{"not_picked":["Poisoned Stab","Tactician+1","Caltrops"],"picked":"Singing Bowl","floor":35},{"not_picked":["Bouncing Flask","Accuracy"],"picked":"Backflip+1","floor":38}],"player_experience":1240677,"relics_obtained":[{"floor":7.0,"key":"Unceasing Top"},{"floor":9.0,"key":"Ninja Scroll"},{"floor":12.0,"key":"Strawberry"},{"floor":19.0,"key":"Red Mask"},{"floor":24.0,"key":"Smiling Mask"},{"floor":26.0,"key":"War Paint"},{"floor":30.0,"key":"Singing Bowl"}],"event_choices":[{"damage_healed":0.0,"max_hp_gain":0.0,"max_hp_loss":0.0,"gold_gain":0.0,"event_name":"Match and Keep!","player_choice":"0 cards matched","floor":3.0,"gold_loss":0.0,"damage_taken":0.0,"cards_obtained":[]},{"damage_healed":0.0,"max_hp_gain":0.0,"max_hp_loss":0.0,"gold_gain":73.0,"event_name":"Golden Wing","player_choice":"Gained Gold","floor":11.0,"gold_loss":0.0,"damage_taken":0.0},{"cards_removed":["Strike_G"],"damage_healed":0.0,"max_hp_gain":0.0,"max_hp_loss":0.0,"gold_gain":0.0,"event_name":"Purifier","player_choice":"Purged","floor":13.0,"gold_loss":0.0,"damage_taken":0.0},{"damage_healed":0.0,"max_hp_gain":0.0,"max_hp_loss":0.0,"gold_gain":0.0,"event_name":"Masked Bandits","player_choice":"Fought Bandits","floor":19.0,"gold_loss":0.0,"damage_taken":0.0},{"damage_healed":0.0,"max_hp_gain":0.0,"max_hp_loss":0.0,"gold_gain":0.0,"event_name":"Designer","player_choice":"Upgrade","floor":22.0,"gold_loss":50.0,"damage_taken":0.0,"cards_upgraded":["After Image"]},{"damage_healed":0,"gold_gain":0,"player_choice":"Max HP","damage_taken":0,"max_hp_gain":0,"max_hp_loss":4,"event_name":"Winding Halls","floor":36,"gold_loss":0},{"damage_healed":0,"gold_gain":0,"player_choice":"0 cards matched","damage_taken":0,"max_hp_gain":0,"max_hp_loss":0,"event_name":"Match and Keep!","floor":37,"gold_loss":0,"cards_obtained":[]}],"is_beta":false,"boss_relics":[{"not_picked":["Coffee Dripper","Busted Crown"],"picked":"Ring of the Serpent"},{"not_picked":["Lizard Tail","WristBlade"],"picked":"Empty Cage"}],"items_purged_floors":[2,20,39],"is_endless":false,"potions_floor_spawned":[7,12,14,21,24,27,30,33,38],"killed_by":"Giant Head","ascension_level":20}