{"gold_per_floor":[113,131,81,81,3,64,64,64,91,110,143,143,162,198,198,327,327,346,346,23,33,47,47,77,91,159,187,187,187],"floor_reached":29,"playtime":1987,"items_purged":[],"score":450,"play_id":"dc56aa84-27dd-430b-90a4-758878914db3","local_time":"20190617033335","is_ascension_mode":true,"campfire_choices":[{"floor":8,"key":"REST"},{"floor":12,"key":"REST"},{"floor":15,"key":"REST"},{"data":"Forethought","floor":23,"key":"SMITH"},{"floor":28,"key":"REST"}],"neow_cost":"NONE","seed_source_timestamp":215385180575803,"circlet_count":0,"master_deck":["AscendersBane","Survivor+1","Neutralize","Madness","Choke","Prepared+1","Backstab","Backflip","Leg Sweep","Burst","Cloak And Dagger","Bouncing Flask","Blade Dance","Acrobatics","A Thousand Cuts","Malaise","Wraith Form v2","Sucker Punch","Endless Agony","Sucker Punch","Crippling Poison","Bouncing Flask","Envenom","Flying Knee","Forethought+1","Flechettes","Finisher"],"relics":["Ring of the Snake","Bloody Idol","Tiny Chest","Dream Catcher","Bronze Scales","Strawberry","Pandora\u0027s Box","Membership Card","Pen Nib","Juzu Bracelet","Kunai","Darkstone Periapt"],"potions_floor_usage":[6,14,22,24,27,27],"damage_taken":[{"damage":0,"enemies":"2 Louse","floor":1,"turns":2},{"damage":13,"enemies":"Jaw Worm","floor":2,"turns":5},{"damage":23,"enemies":"Gremlin Nob","floor":6,"turns":5},{"damage":2,"enemies":"Small Slimes","floor":10,"turns":2},{"damage":21,"enemies":"3 Sentries","floor":11,"turns":17},{"damage":1,"enemies":"Exordium Wildlife","floor":13,"turns":6},{"damage":17,"enemies":"Gremlin Nob","floor":14,"turns":4},{"damage":4,"enemies":"The Guardian","floor":16,"turns":11},{"damage":6,"enemies":"Chosen","floor":18,"turns":4},{"damage":1,"enemies":"3 Byrds","floor":21,"turns":3},{"damage":9,"enemies":"Snake Plant","floor":22,"turns":3},{"damage":30,"enemies":"Book of Stabbing","floor":24,"turns":8},{"damage":13,"enemies":"Centurion and Healer","floor":25,"turns":6},{"damage":18,"enemies":"Gremlin Leader","floor":27,"turns":7},{"damage":40,"enemies":"Shelled Parasite and Fungi","floor":29,"turns":5}],"seed_played":"-2004807721607221669","potions_obtained":[{"floor":1,"key":"Block Potion"},{"floor":2,"key":"Strength Potion"},{"floor":6,"key":"Weak Potion"},{"floor":16,"key":"FearPotion"},{"floor":22,"key":"Fire Potion"},{"floor":24,"key":"GhostInAJar"}],"is_trial":false,"path_per_floor":["M","M","?","?","$","E","?","R","T","M","E","R","M","E","R","B",null,"M","?","$","M","M","R","E","M","T","E","R","M"],"character_chosen":"THE_SILENT","items_purchased":["Backstab","Membership Card","Pen Nib","Forethought"],"campfire_rested":4,"item_purchase_floors":[5,20,20,20],"current_hp_per_floor":[63,50,50,50,50,27,14,33,33,31,10,29,28,18,39,35,63,57,57,57,61,57,57,32,24,29,16,37,0],"gold":187,"neow_bonus":"RANDOM_COLORLESS","is_prod":false,"is_daily":false,"chose_seed":false,"campfire_upgraded":1,"win_rate":0,"timestamp":1560731615,"path_taken":["M","M","?","?","$","E","?","R","T","M","E","R","?","E","R","BOSS","M","?","$","M","M","R","E","M","T","E","R","M"],"build_version":"2019-06-13","purchased_purges":0,"victory":false,"max_hp_per_floor":[70,70,70,65,65,65,65,65,65,65,65,65,65,72,72,72,72,72,72,72,72,72,72,72,72,72,72,72,72],"card_choices":[{"not_picked":["Dash","Masterful Stab"],"picked":"Choke","floor":1},{"not_picked":["Poisoned Stab","PiercingWail"],"picked":"Prepared","floor":2},{"not_picked":["Accuracy","Sucker Punch"],"picked":"Backflip","floor":6},{"not_picked":["Acrobatics","Dagger Spray"],"picked":"Leg Sweep","floor":10},{"not_picked":["Bane","Riddle With Holes"],"picked":"Burst","floor":11},{"not_picked":["Outmaneuver","Setup"],"picked":"Cloak And Dagger","floor":12},{"not_picked":["Deflect","Riddle With Holes"],"picked":"Bouncing Flask","floor":13},{"not_picked":["Cloak And Dagger","Poisoned Stab"],"picked":"Blade Dance","floor":14},{"not_picked":["Slice","Setup"],"picked":"Acrobatics","floor":15},{"not_picked":["Storm of Steel","Tools of the Trade"],"picked":"A Thousand Cuts","floor":16},{"not_picked":["Cloak And Dagger","Eviscerate","Poisoned Stab"],"picked":"SKIP","floor":18},{"not_picked":["PiercingWail","Riddle With Holes"],"picked":"Flechettes","floor":21},{"not_picked":["Quick Slash","Deflect","Sucker Punch"],"picked":"SKIP","floor":22},{"not_picked":["Flechettes","Crippling Poison","Concentrate"],"picked":"SKIP","floor":24},{"not_picked":["Choke+1","Eviscerate"],"picked":"Finisher","floor":25},{"not_picked":["Setup","Predator","Eviscerate"],"picked":"SKIP","floor":27}],"player_experience":814818,"relics_obtained":[{"floor":6,"key":"Tiny Chest"},{"floor":9,"key":"Dream Catcher"},{"floor":11,"key":"Bronze Scales"},{"floor":14,"key":"Strawberry"},{"floor":24,"key":"Juzu Bracelet"},{"floor":26,"key":"Kunai"},{"floor":27,"key":"Darkstone Periapt"}],"event_choices":[{"cards_removed":["Strike_G"],"damage_healed":0,"gold_gain":0,"player_choice":"Card Removal","damage_taken":0,"max_hp_gain":0,"max_hp_loss":0,"event_name":"The Cleric","floor":3,"gold_loss":50},{"damage_healed":0,"gold_gain":0,"player_choice":"Lose Max HP","damage_taken":0,"relics_obtained":["Golden Idol"],"max_hp_gain":0,"max_hp_loss":5,"event_name":"Golden Idol","floor":4,"gold_loss":0},{"damage_healed":0,"gold_gain":0,"player_choice":"Entered Light","damage_taken":13,"max_hp_gain":0,"max_hp_loss":0,"event_name":"Shining Light","floor":7,"gold_loss":0,"cards_upgraded":["Survivor","Prepared"]},{"damage_healed":0,"gold_gain":0,"player_choice":"Gave Idol","damage_taken":0,"relics_obtained":["Bloody Idol"],"max_hp_gain":0,"max_hp_loss":0,"event_name":"Forgotten Altar","floor":19,"relics_lost":["Golden Idol"],"gold_loss":0}],"is_beta":true,"boss_relics":[{"not_picked":["Velvet Choker","Cursed Key"],"picked":"Pandora\u0027s Box"}],"items_purged_floors":[],"is_endless":false,"potions_floor_spawned":[1,2,6,16,22,24,25],"killed_by":"Shelled Parasite and Fungi","ascension_level":12}