{"path_per_floor":["M","M","M","M","M","R","M","E","T","M","R","M","M","$","R","B",null,"M","M","M","M","$","R","M","?","T","R","M","R","M","M","R"],"character_chosen":"THE_SILENT","items_purchased":["Terror","Strength Potion","Flying Knee","Panache","Ancient Potion"],"gold_per_floor":[110,126,142,156,169,169,183,213,238,255,255,271,283,141,141,240,270,235,251,263,274,15,15,32,32,32,32,51,51,69,83,83],"floor_reached":33,"campfire_rested":4,"playtime":4088,"current_hp_per_floor":[70,70,70,70,68,68,68,47,47,49,49,49,49,49,70,4,77,70,42,39,53,53,77,61,61,61,61,53,77,77,62,81],"items_purged":[],"gold":83,"score":272,"play_id":"6106f03e-b589-4ead-affa-33793be330e6","is_prod":false,"is_daily":false,"is_ascension_mode":true,"campfire_upgraded":3,"path_taken":["M","M","M","M","M","R","M","E","T","M","R","M","M","$","R","BOSS","M","M","M","M","?","R","M","?","T","R","M","R","M","M","R","BOSS"],"build_version":"2018-02-15-PROD1","purchased_purges":1,"victory":false,"master_deck":["Defend_G","Defend_G","Defend_G","Defend_G","Defend_G","Strike_G","Strike_G","Strike_G","Strike_G","Survivor+1","Neutralize+1","Backstab","Escape Plan","Calculated Gamble","Dodge and Roll+1","Outmaneuver","Adrenaline","Footwork+1","Terror","Terror","Flying Knee","Unload","Deadly Poison","Deadly Poison+1","Escape Plan","Panache","Escape Plan","Flechettes","Prepared","Well Laid Plans"],"max_hp_per_floor":[70,70,70,70,70,70,70,70,70,72,72,72,72,72,72,72,77,79,79,79,81,81,81,81,81,81,81,81,81,81,81,81],"relics":["Ring of the Snake","Bag of Marbles","Singing Bowl","Tiny House","Ice Cream","Unceasing Top"],"card_choices":[{"not_picked":["Bane","Prepared"],"picked":"Backstab"},{"not_picked":["Calculated Gamble","Bane"],"picked":"Escape Plan"},{"not_picked":["Bane","Choke"],"picked":"Calculated Gamble"},{"not_picked":["Backflip","Masterful Stab"],"picked":"Dodge and Roll"},{"not_picked":["Night Terror","Malaise"],"picked":"Outmaneuver"},{"not_picked":["Blur","Expertise"],"picked":"Adrenaline"},{"not_picked":["Deflect","Caltrops"],"picked":"Footwork"},{"not_picked":["Quick Slash","Outmaneuver"],"picked":"Terror"},{"not_picked":["Tactician","Glass Knife"],"picked":"Unload"},{"not_picked":["Bouncing Flask","Poisoned Stab"],"picked":"Deadly Poison"},{"not_picked":["Masterful Stab","Dodge and Roll"],"picked":"Deadly Poison"},{"not_picked":["Dodge and Roll","Doppelganger"],"picked":"Escape Plan"},{"not_picked":["Quick Slash","Dodge and Roll"],"picked":"Escape Plan"},{"not_picked":["Quick Slash","Sucker Punch"],"picked":"Flechettes"},{"not_picked":["Bane","Cloak And Dagger"],"picked":"Prepared"},{"not_picked":["Flechettes","Bane"],"picked":"Well Laid Plans"}],"player_experience":127724,"potions_floor_usage":[8,8,8,12,16,18,21,21,24,24],"damage_taken":[{"damage":0,"enemies":"Cultist","floor":1,"turns":4},{"damage":0,"enemies":"Small Slimes","floor":2,"turns":3},{"damage":0,"enemies":"Jaw Worm","floor":3,"turns":4},{"damage":0,"enemies":"2 Fungi Beasts","floor":4,"turns":4},{"damage":2,"enemies":"Looter","floor":5,"turns":4},{"damage":0,"enemies":"Blue Slaver","floor":7,"turns":5},{"damage":21,"enemies":"Lagavulin","floor":8,"turns":13},{"damage":0,"enemies":"Exordium Thugs","floor":10,"turns":4},{"damage":0,"enemies":"Red Slaver","floor":12,"turns":3},{"damage":0,"enemies":"Large Slime","floor":13,"turns":9},{"damage":66,"enemies":"Slime Boss","floor":16,"turns":20},{"damage":9,"enemies":"2 Thieves","floor":18,"turns":5},{"damage":28,"enemies":"Chosen","floor":19,"turns":7},{"damage":3,"enemies":"Snecko","floor":20,"turns":5},{"damage":0,"enemies":"Snake Plant","floor":21,"turns":5},{"damage":16,"enemies":"Sentry and Sphere","floor":24,"turns":5},{"damage":8,"enemies":"Chosen and Byrds","floor":28,"turns":7},{"damage":0,"enemies":"Snake Plant","floor":30,"turns":3},{"damage":15,"enemies":"3 Cultists","floor":31,"turns":5},{"damage":87,"enemies":"Champ","floor":33,"turns":13}],"event_choices":[{"event_name":"The Mausoleum","player_choice":"Yes","floor":25,"damage_taken":0}],"boss_relics":[{"not_picked":["Pandora\u0027s Box","White Beast Statue"],"picked":"Tiny House"}],"potions_floor_spawned":[1,5,7,8,13,19,20],"seed_played":"6629884352608473165","killed_by":"Champ","ascension_level":1,"is_trial":false}