{"gold_per_floor":[367,383,15,34,16,16,51,51,51,51,51,70,105,85,85,159,159,176,176,76,94,144,144,162,196,220,220,240,266,266,283,283,359,359,376,476,476,489,499,499,511,511,511,511,386,411,411,430,430,430,430,430,430,41,73,73],"floor_reached":56,"playtime":5107,"items_purged":["Normality","Strike_G","Strike_G+1"],"score":1950,"play_id":"e2504833-82d6-4571-823f-03238d118828","local_time":"20190201002650","is_ascension_mode":true,"campfire_choices":[{"floor":6,"key":"REST"},{"data":"Noxious Fumes","floor":8,"key":"SMITH"},{"floor":10,"key":"REST"},{"data":"Neutralize","floor":15,"key":"SMITH"},{"data":"Noxious Fumes","floor":23,"key":"SMITH"},{"data":"Crippling Poison","floor":27,"key":"SMITH"},{"floor":30,"key":"REST"},{"floor":32,"key":"REST"},{"data":"Crippling Poison","floor":40,"key":"SMITH"},{"data":"Malaise","floor":44,"key":"SMITH"},{"floor":49,"key":"RECALL"},{"floor":53,"key":"REST"}],"neow_cost":"CURSE","seed_source_timestamp":10508508170056,"circlet_count":0,"master_deck":["AscendersBane","Defend_G","Defend_G","Defend_G","Defend_G","Defend_G","Strike_G+1","Survivor","Neutralize+1","All Out Attack","Dash","Flying Knee","Noxious Fumes+1","After Image","Noxious Fumes+1","Dagger Spray","Adrenaline","Backflip","Crippling Poison+1","Deflect","Malaise+1","Backflip","PiercingWail","Prepared+1","Crippling Poison+1","Night Terror","Adrenaline","Backflip"],"relics":["Ring of the Snake","Whetstone","Matryoshka","Lantern","Singing Bowl","FossilizedHelix","Du-Vu Doll","Runic Pyramid","Boot","PreservedInsect","Happy Flower","Lizard Tail","Pocketwatch","Bird Faced Urn","Peace Pipe","Ginger","The Specimen","TwistedFunnel","Pen Nib"],"potions_floor_usage":[7,25,31,38,39,46,50,51],"damage_taken":[{"damage":34,"enemies":"Jaw Worm","floor":1,"turns":10},{"damage":0,"enemies":"Cultist","floor":2,"turns":4},{"damage":0,"enemies":"Small Slimes","floor":4,"turns":3},{"damage":6,"enemies":"Exordium Thugs","floor":5,"turns":4},{"damage":15,"enemies":"3 Sentries","floor":7,"turns":4},{"damage":0,"enemies":"2 Fungi Beasts","floor":12,"turns":3},{"damage":14,"enemies":"Gremlin Nob","floor":13,"turns":5},{"damage":23,"enemies":"Hexaghost","floor":16,"turns":12},{"damage":7,"enemies":"3 Byrds","floor":18,"turns":6},{"damage":0,"enemies":"Chosen","floor":21,"turns":5},{"damage":8,"enemies":"Snake Plant","floor":24,"turns":5},{"damage":8,"enemies":"Book of Stabbing","floor":25,"turns":6},{"damage":0,"enemies":"Centurion and Healer","floor":28,"turns":6},{"damage":9,"enemies":"Slavers","floor":29,"turns":5},{"damage":5,"enemies":"Cultist and Chosen","floor":31,"turns":6},{"damage":33,"enemies":"Champ","floor":33,"turns":15},{"damage":0,"enemies":"3 Shapes","floor":35,"turns":6},{"damage":0,"enemies":"Mind Bloom Boss Battle","floor":36,"turns":8},{"damage":0,"enemies":"3 Darklings","floor":38,"turns":5},{"damage":7,"enemies":"Spire Growth","floor":39,"turns":7},{"damage":0,"enemies":"4 Shapes","floor":41,"turns":4},{"damage":0,"enemies":"Giant Head","floor":46,"turns":11},{"damage":0,"enemies":"Writhing Mass","floor":48,"turns":7},{"damage":27,"enemies":"Awakened One","floor":50,"turns":20},{"damage":55,"enemies":"Donu and Deca","floor":51,"turns":11},{"damage":53,"enemies":"Shield and Spear","floor":55,"turns":9},{"damage":113,"enemies":"The Heart","floor":56,"turns":15}],"seed_played":"-3716705082364799350","potions_obtained":[{"floor":2,"key":"LiquidBronze"},{"floor":4,"key":"FearPotion"},{"floor":5,"key":"GhostInAJar"},{"floor":14,"key":"SneckoOil"},{"floor":21,"key":"Dexterity Potion"},{"floor":28,"key":"Fruit Juice"},{"floor":31,"key":"Energy Potion"},{"floor":38,"key":"Energy Potion"},{"floor":39,"key":"SkillPotion"},{"floor":48,"key":"PowerPotion"}],"is_trial":false,"path_per_floor":["M","M","$","M","M","R","E","R","T","R","?","M","E","?","R","B",null,"M","?","$","M","?","R","M","E","T","R","M","E","R","M","R","B",null,"M","?","T","M","M","R","M","?","T","R","$","E","T","M","R","B","B",null,"R","$","E","B"],"character_chosen":"THE_SILENT","items_purchased":["Whetstone","Dash","Fire Potion","Adrenaline","TwistedFunnel"],"campfire_rested":5,"item_purchase_floors":[3,3,3,54,54],"current_hp_per_floor":[25,25,25,25,19,38,23,23,23,42,42,44,32,32,32,9,55,48,48,48,48,48,48,40,34,34,34,36,27,49,51,75,42,71,71,71,71,77,75,75,81,81,81,81,81,83,83,85,85,60,13,67,85,85,36,0],"gold":73,"neow_bonus":"TWO_FIFTY_GOLD","is_prod":false,"is_daily":false,"chose_seed":false,"campfire_upgraded":6,"win_rate":0,"timestamp":1548977210,"path_taken":["M","M","$","M","M","R","E","R","T","R","?","?","E","?","R","BOSS","M","?","$","M","?","R","M","E","T","R","M","E","R","M","R","BOSS","M","?","?","?","M","R","M","?","T","R","$","E","?","M","R","BOSS","BOSS","R","$","E","BOSS"],"build_version":"2019-01-23","purchased_purges":3,"victory":false,"max_hp_per_floor":[66,66,66,66,66,66,66,66,66,66,66,68,70,70,70,70,70,70,70,70,70,70,70,70,72,72,72,74,74,74,81,81,81,81,81,81,81,81,81,81,81,81,81,81,81,83,83,85,85,85,85,85,85,85,85,85],"card_choices":[{"not_picked":["Dodge and Roll","Slice"],"picked":"All Out Attack","floor":1},{"not_picked":["All Out Attack","Heel Hook"],"picked":"Deadly Poison","floor":2},{"not_picked":["Choke","Finisher"],"picked":"Flying Knee","floor":4},{"not_picked":["Eviscerate","Dagger Spray"],"picked":"Noxious Fumes","floor":5},{"not_picked":["Flechettes","Finisher","Phantasmal Killer"],"picked":"SKIP","floor":7},{"not_picked":["Quick Slash","Escape Plan","Choke"],"picked":"Singing Bowl","floor":12},{"not_picked":["Riddle With Holes","Heel Hook","Dagger Spray"],"picked":"Singing Bowl","floor":13},{"not_picked":["Venomology","Bullet Time"],"picked":"After Image","floor":16},{"not_picked":["Dagger Throw+1","Prepared+1"],"picked":"Noxious Fumes","floor":18},{"not_picked":["Deflect","Bane"],"picked":"Backflip","floor":21},{"not_picked":["Flying Knee","Acrobatics"],"picked":"Crippling Poison","floor":24},{"not_picked":["All Out Attack+1","Quick Slash","Blade Dance+1"],"picked":"Singing Bowl","floor":25},{"not_picked":["Bane","Grand Finale","Quick Slash"],"picked":"Singing Bowl","floor":28},{"not_picked":["Blade Dance","Infinite Blades"],"picked":"Deflect","floor":29},{"not_picked":["Flying Knee","Tactician","Reflex"],"picked":"Singing Bowl","floor":31},{"not_picked":["Envenom","After Image"],"picked":"Malaise","floor":33},{"not_picked":["Poisoned Stab","Choke"],"picked":"Backflip","floor":35},{"not_picked":["Slice","Quick Slash+1"],"picked":"PiercingWail","floor":36},{"not_picked":["Setup","Dagger Throw"],"picked":"Prepared+1","floor":38},{"not_picked":["Distraction","Dodge and Roll"],"picked":"Crippling Poison","floor":39},{"not_picked":["Slice","Dagger Throw"],"picked":"Night Terror","floor":41},{"not_picked":["Choke","Dodge and Roll","Dagger Throw"],"picked":"Singing Bowl","floor":46},{"not_picked":["Quick Slash","Poisoned Stab","Backstab"],"picked":"Singing Bowl","floor":48},{"not_picked":["Sucker Punch","Skewer+1"],"picked":"Backflip","floor":55}],"player_experience":816573,"relics_obtained":[{"floor":7,"key":"Matryoshka"},{"floor":9,"key":"Lantern"},{"floor":9,"key":"Singing Bowl"},{"floor":13,"key":"Du-Vu Doll"},{"floor":25,"key":"Boot"},{"floor":26,"key":"PreservedInsect"},{"floor":29,"key":"Happy Flower"},{"floor":36,"key":"Pocketwatch"},{"floor":37,"key":"Bird Faced Urn"},{"floor":43,"key":"Peace Pipe"},{"floor":46,"key":"Ginger"},{"floor":47,"key":"The Specimen"},{"floor":55,"key":"Pen Nib"}],"event_choices":[{"cards_removed":["Deadly Poison"],"damage_healed":0,"gold_gain":0,"player_choice":"Gave Card","damage_taken":0,"relics_obtained":["FossilizedHelix"],"max_hp_gain":0,"max_hp_loss":0,"event_name":"WeMeetAgain","floor":11,"gold_loss":0},{"damage_healed":0,"gold_gain":0,"player_choice":"Bought 1 Potion","damage_taken":0,"max_hp_gain":0,"max_hp_loss":0,"event_name":"The Woman in Blue","floor":14,"gold_loss":0},{"damage_healed":0,"gold_gain":0,"cards_transformed":["Strike_G","Strike_G"],"player_choice":"Became Test Subject","damage_taken":0,"max_hp_gain":0,"max_hp_loss":0,"event_name":"Drug Dealer","floor":19,"gold_loss":0,"cards_obtained":["Dagger Spray","Adrenaline"]},{"damage_healed":0,"gold_gain":50,"player_choice":"Stole From Cult","damage_taken":0,"max_hp_gain":0,"max_hp_loss":0,"event_name":"Nest","floor":22,"gold_loss":0},{"damage_healed":0,"gold_gain":0,"player_choice":"Fight","damage_taken":0,"max_hp_gain":0,"max_hp_loss":0,"event_name":"MindBloom","floor":36,"gold_loss":0},{"damage_healed":0,"gold_gain":0,"player_choice":"Ignored","damage_taken":0,"max_hp_gain":0,"max_hp_loss":0,"event_name":"Mysterious Sphere","floor":42,"gold_loss":0}],"is_beta":false,"boss_relics":[{"not_picked":["Ectoplasm","White Beast Statue"],"picked":"Runic Pyramid"},{"not_picked":["Snecko Eye","WristBlade"],"picked":"Lizard Tail"}],"items_purged_floors":[3,20,45],"is_endless":false,"potions_floor_spawned":[2,4,5,21,28,31,35,38,39,48],"killed_by":"The Heart","ascension_level":20}