{"gold_per_floor":[119,119,154,2,2,2,36,36,63,102,127,143,167,192,192,192],"floor_reached":16,"playtime":669,"items_purged":[],"score":212,"play_id":"3e376e01-0fe7-4bb9-8022-b018d624c255","local_time":"20190426083036","is_ascension_mode":true,"campfire_choices":[{"data":"Jack Of All Trades","floor":6,"key":"SMITH"},{"data":"Bash","floor":8,"key":"SMITH"},{"floor":15,"key":"REST"}],"neow_cost":"TEN_PERCENT_HP_LOSS","seed_source_timestamp":668877602731371,"circlet_count":0,"master_deck":["AscendersBane","Strike_R","Strike_R","Strike_R","Strike_R","Strike_R","Defend_R","Defend_R","Defend_R","Defend_R","Bash+1","Jack Of All Trades+1","Forethought","Battle Trance","Injury","Evolve","Whirlwind"],"relics":["Burning Blood","Bag of Marbles","Golden Idol","Strawberry","Vajra","Bottled Flame"],"potions_floor_usage":[7,13],"damage_taken":[{"damage":9,"enemies":"Jaw Worm","floor":1,"turns":4},{"damage":10,"enemies":"Cultist","floor":3,"turns":4},{"damage":6,"enemies":"Lagavulin","floor":7,"turns":3},{"damage":53,"enemies":"Gremlin Nob","floor":10,"turns":5},{"damage":0,"enemies":"Small Slimes","floor":11,"turns":3},{"damage":6,"enemies":"Blue Slaver","floor":12,"turns":3},{"damage":8,"enemies":"Large Slime","floor":13,"turns":5},{"damage":0,"enemies":"3 Louse","floor":14,"turns":3},{"damage":67,"enemies":"Hexaghost","floor":16,"turns":9}],"seed_played":"7846979915276108348","potions_obtained":[{"floor":1,"key":"SteroidPotion"},{"floor":7,"key":"FearPotion"},{"floor":10,"key":"GamblersBrew"}],"is_trial":false,"path_per_floor":["M","?","M","$","?","R","E","R","T","E","M","M","M","M","R","B"],"character_chosen":"IRONCLAD","items_purchased":["Bag of Marbles"],"campfire_rested":1,"item_purchase_floors":[4],"current_hp_per_floor":[69,74,70,70,70,70,77,77,77,30,36,36,34,40,65,0],"gold":192,"neow_bonus":"RANDOM_COLORLESS_2","is_prod":false,"is_daily":false,"chose_seed":false,"campfire_upgraded":2,"win_rate":0,"timestamp":1556278236,"path_taken":["M","?","M","$","?","R","E","R","T","E","M","M","M","M","R","BOSS"],"build_version":"2019-01-23","purchased_purges":0,"victory":false,"max_hp_per_floor":[72,77,77,77,77,77,84,84,84,84,84,84,84,84,84,84],"card_choices":[{"not_picked":["Twin Strike","Pommel Strike"],"picked":"Battle Trance","floor":1},{"not_picked":["Wild Strike","Carnage","Power Through"],"picked":"SKIP","floor":3},{"not_picked":["Power Through","Perfected Strike","Clothesline"],"picked":"SKIP","floor":7},{"not_picked":["True Grit","Wild Strike","Pommel Strike"],"picked":"SKIP","floor":10},{"not_picked":["Sword Boomerang","Clash"],"picked":"Evolve","floor":11},{"not_picked":["Anger","Barricade","Twin Strike"],"picked":"SKIP","floor":12},{"not_picked":["Heavy Blade","Perfected Strike"],"picked":"Whirlwind","floor":13},{"not_picked":["Spot Weakness","Headbutt","Intimidate"],"picked":"SKIP","floor":14}],"player_experience":660271,"relics_obtained":[{"floor":7,"key":"Strawberry"},{"floor":9,"key":"Vajra"},{"floor":10,"key":"Bottled Flame"}],"event_choices":[{"damage_healed":0,"gold_gain":0,"player_choice":"Donut","damage_taken":0,"max_hp_gain":5,"max_hp_loss":0,"event_name":"Big Fish","floor":2,"gold_loss":0},{"damage_healed":0,"gold_gain":0,"player_choice":"Take Wound","damage_taken":0,"relics_obtained":["Golden Idol"],"max_hp_gain":0,"max_hp_loss":0,"event_name":"Golden Idol","floor":5,"gold_loss":0,"cards_obtained":["Injury"]}],"is_beta":false,"boss_relics":[],"items_purged_floors":[],"is_endless":false,"potions_floor_spawned":[1,7,10,11],"killed_by":"Hexaghost","ascension_level":11}