{"gold_per_floor":[118,129,279,204,204,204,232,242,242,242,266,39,65,81,81,160,160,179,129,129,139,151,151,169,169],"floor_reached":25,"playtime":1584,"items_purged":["Doubt","Strike_B"],"score":422,"play_id":"39231075-84d0-4d32-9e27-7d76da587371","local_time":"20190107143518","is_ascension_mode":true,"campfire_choices":[{"data":"Sunder","floor":6,"key":"SMITH"},{"floor":10,"key":"REST"},{"data":"Fusion","floor":15,"key":"SMITH"},{"floor":23,"key":"REST"}],"neow_cost":"NONE","seed_source_timestamp":7188575675093,"circlet_count":0,"master_deck":["AscendersBane","Defend_B","Defend_B+1","Defend_B+1","Defend_B","Zap","Dualcast","Sunder+1","Compile Driver","FTL","Fusion+1","Compile Driver","Leap","Machine Learning","Multi-Cast+1","Steam Power+1","Electrodynamics+1","Glacier","Compile Driver","White Noise","Self Repair"],"relics":["Cracked Core","Gremlin Horn","Kunai","Odd Mushroom","ClockworkSouvenir","Smiling Mask","Astrolabe"],"potions_floor_usage":[13,14,24,25],"damage_taken":[{"damage":3,"enemies":"Small Slimes","floor":1,"turns":4},{"damage":14,"enemies":"Jaw Worm","floor":2,"turns":4},{"damage":19,"enemies":"Lagavulin","floor":7,"turns":6},{"damage":0,"enemies":"2 Louse","floor":8,"turns":2},{"damage":0,"enemies":"The Mushroom Lair","floor":11,"turns":2},{"damage":5,"enemies":"3 Sentries","floor":13,"turns":4},{"damage":0,"enemies":"2 Fungi Beasts","floor":14,"turns":1},{"damage":28,"enemies":"The Guardian","floor":16,"turns":15},{"damage":19,"enemies":"3 Byrds","floor":18,"turns":3},{"damage":0,"enemies":"Chosen","floor":21,"turns":4},{"damage":10,"enemies":"Sentry and Sphere","floor":22,"turns":6},{"damage":13,"enemies":"Snecko","floor":24,"turns":6},{"damage":22,"enemies":"Book of Stabbing","floor":25,"turns":5}],"seed_played":"-237896379542451653","potions_obtained":[{"floor":1,"key":"SpeedPotion"},{"floor":8,"key":"PowerPotion"},{"floor":13,"key":"Explosive Potion"},{"floor":14,"key":"Block Potion"},{"floor":16,"key":"Weak Potion"}],"is_trial":false,"path_per_floor":["M","M","?","$","?","R","E","M","T","R","?","$","E","M","R","B",null,"M","$","?","M","M","R","M","E"],"character_chosen":"DEFECT","items_purchased":["ClockworkSouvenir"],"campfire_rested":2,"item_purchase_floors":[12],"current_hp_per_floor":[68,54,54,54,31,31,12,12,12,35,35,35,30,30,30,2,59,40,40,18,18,8,32,19,0],"gold":169,"neow_bonus":"TEN_PERCENT_HP_BONUS","is_prod":false,"is_daily":false,"chose_seed":false,"campfire_upgraded":2,"win_rate":0,"timestamp":1546868118,"path_taken":["M","M","?","$","?","R","E","M","T","R","?","$","E","M","R","BOSS","M","$","?","M","M","R","M","E"],"build_version":"2019-01-03v4","purchased_purges":2,"victory":false,"max_hp_per_floor":[78,78,78,78,78,78,78,78,78,78,78,78,78,78,78,78,78,78,78,83,83,83,83,83,83],"card_choices":[{"not_picked":["Undo","Redo"],"picked":"Sunder","floor":1},{"not_picked":["Chill","Streamline"],"picked":"Compile Driver","floor":2},{"not_picked":["Conserve Battery","Capacitor"],"picked":"FTL","floor":7},{"not_picked":["Streamline","Redo","Force Field"],"picked":"SKIP","floor":8},{"not_picked":["BootSequence","Beam Cell"],"picked":"Fusion","floor":11},{"not_picked":["Reinforced Body","Turbo"],"picked":"Compile Driver","floor":13},{"not_picked":["Rebound","Steam Power"],"picked":"Leap","floor":14},{"not_picked":["Thunder Strike","Multi-Cast"],"picked":"Machine Learning","floor":16},{"not_picked":["Beam Cell+1","Cold Snap"],"picked":"Glacier","floor":18},{"not_picked":["Conserve Battery","Steam"],"picked":"Compile Driver","floor":21},{"not_picked":["Undo","Gash"],"picked":"White Noise","floor":22},{"not_picked":["Rainbow","Compile Driver"],"picked":"Self Repair","floor":24}],"player_experience":734062,"relics_obtained":[{"floor":7,"key":"Gremlin Horn"},{"floor":9,"key":"Kunai"},{"floor":11,"key":"Odd Mushroom"},{"floor":13,"key":"Smiling Mask"}],"event_choices":[{"damage_healed":0,"gold_gain":150,"player_choice":"AGREE","damage_taken":0,"max_hp_gain":0,"max_hp_loss":0,"event_name":"Liars Game","floor":3,"gold_loss":0,"cards_obtained":["Doubt"]},{"damage_healed":0,"gold_gain":0,"player_choice":"Entered Light","damage_taken":23,"max_hp_gain":0,"max_hp_loss":0,"event_name":"Shining Light","floor":5,"gold_loss":0,"cards_upgraded":["Defend_B","Defend_B"]},{"damage_healed":0,"gold_gain":0,"player_choice":"Fought Mushrooms","damage_taken":0,"max_hp_gain":0,"max_hp_loss":0,"event_name":"Mushrooms","floor":11,"gold_loss":0},{"damage_healed":0,"gold_gain":0,"player_choice":"Shed Blood","damage_taken":27,"max_hp_gain":5,"max_hp_loss":0,"event_name":"Forgotten Altar","floor":20,"gold_loss":0}],"is_beta":false,"boss_relics":[{"not_picked":["Philosopher\u0027s Stone","Fusion Hammer"],"picked":"Astrolabe"}],"items_purged_floors":[4,19],"is_endless":false,"potions_floor_spawned":[1,8,13,14,16,22],"killed_by":"Book of Stabbing","ascension_level":20}