{"path_per_floor":["M","M","M","$","M","E","M","?","T","R","E","M","M","M","R","B",null,"M","T","M","$","M","R","E","M","T","M","$","?","M","M","R","B",null,"M","M","?","?","M","M","R","M","T","R","M","R","M","T","R"],"character_chosen":"THE_SILENT","items_purchased":["Footwork","Dead Branch","Backflip","Panacea"],"gold_per_floor":[115,131,150,4,17,50,60,60,90,90,122,139,151,165,165,264,264,277,301,321,26,46,46,76,86,136,156,31,31,51,70,70,173,173,189,207,207,207,225,241,241,254,324,324,338,338,351,351,351],"floor_reached":50,"campfire_rested":4,"playtime":4797,"current_hp_per_floor":[68,68,68,68,68,62,62,67,67,67,52,49,46,46,68,44,75,64,64,60,60,48,70,51,40,40,42,42,42,42,40,64,37,83,67,32,32,53,47,39,76,77,77,87,89,89,68,68,80],"items_purged":["Strike_G"],"gold":351,"score":507,"play_id":"6bca458e-478c-4310-a9c1-2b5a2d0ce246","is_prod":false,"is_daily":false,"is_ascension_mode":true,"campfire_upgraded":3,"path_taken":["M","M","M","$","M","E","M","?","T","R","E","M","?","M","R","BOSS","M","?","M","$","M","R","E","M","T","M","$","?","M","M","R","BOSS","M","M","?","?","M","M","R","M","T","R","M","R","M","?","R","BOSS"],"build_version":"2018-02-22-PROD2","purchased_purges":1,"victory":false,"master_deck":["Survivor","Neutralize","Footwork","Dagger Throw","Dagger Throw","Footwork+1","Skewer","Envenom+1","Backstab+1","Noxious Fumes+1","PiercingWail","Flying Knee","Terror","Tools of the Trade","Poisoned Stab","Slice+1","Dagger Throw","Slice","Distraction","Catalyst","Backflip","Dagger Throw","Quick Slash","Outmaneuver","Deflect","Cloak And Dagger","Cloak And Dagger+1","Backflip","Panacea","Well Laid Plans","Leg Sweep+1","Writhe","Cloak And Dagger+1","Dodge and Roll+1"],"max_hp_per_floor":[70,70,70,70,70,70,70,75,75,75,75,75,75,75,75,75,75,75,75,75,75,75,75,77,77,77,79,79,79,79,81,81,83,83,83,85,85,85,85,85,85,87,87,87,89,89,91,91,91],"relics":["Ring of the Snake","Pen Nib","Bronze Scales","Tiny Chest","Pandora\u0027s Box","Singing Bowl","Dead Branch","Whetstone","Orichalcum","Nloth\u0027s Gift","Eternal Feather","Bottled Lightning","Girya"],"card_choices":[{"not_picked":["Terror","PiercingWail"],"picked":"Footwork"},{"not_picked":["Acrobatics","Slice"],"picked":"Dagger Throw"},{"not_picked":["Backflip","Distraction"],"picked":"Dagger Throw"},{"not_picked":["Dodge and Roll","Eviscerate"],"picked":"Skewer"},{"not_picked":["Skewer","Deadly Poison"],"picked":"Envenom"},{"not_picked":["Dagger Spray","Catalyst"],"picked":"Backstab"},{"not_picked":["All Out Attack","Prepared"],"picked":"Noxious Fumes"},{"not_picked":["Deflect","Slice"],"picked":"PiercingWail"},{"not_picked":["Infinite Blades","Masterful Stab"],"picked":"Flying Knee"},{"not_picked":["Calculated Gamble","Backstab"],"picked":"Terror"},{"not_picked":["Doppelganger","Glass Knife"],"picked":"Tools of the Trade"},{"not_picked":["Sucker Punch","Expertise"],"picked":"Outmaneuver"},{"not_picked":["Dagger Spray","Bane"],"picked":"Deflect"},{"not_picked":["Dagger Throw","Flying Knee"],"picked":"Cloak And Dagger"},{"not_picked":["Acrobatics","Flechettes"],"picked":"Cloak And Dagger"},{"not_picked":["Quick Slash","Acrobatics"],"picked":"Well Laid Plans"},{"not_picked":["Caltrops","Cloak And Dagger"],"picked":"Leg Sweep"},{"not_picked":["Bane","Acrobatics"],"picked":"Cloak And Dagger"},{"not_picked":["Outmaneuver","Underhanded Strike"],"picked":"Dodge and Roll"}],"player_experience":168842,"potions_floor_usage":[6,7,22,24,24,27,33,39,39,39,50,50],"damage_taken":[{"damage":2,"enemies":"Small Slimes","floor":1,"turns":4},{"damage":0,"enemies":"Jaw Worm","floor":2,"turns":4},{"damage":0,"enemies":"Cultist","floor":3,"turns":4},{"damage":0,"enemies":"Exordium Thugs","floor":5,"turns":5},{"damage":6,"enemies":"Gremlin Nob","floor":6,"turns":4},{"damage":0,"enemies":"2 Fungi Beasts","floor":7,"turns":4},{"damage":15,"enemies":"3 Sentries","floor":11,"turns":7},{"damage":3,"enemies":"Red Slaver","floor":12,"turns":4},{"damage":3,"enemies":"Blue Slaver","floor":13,"turns":4},{"damage":0,"enemies":"Looter","floor":14,"turns":2},{"damage":24,"enemies":"The Guardian","floor":16,"turns":10},{"damage":11,"enemies":"Chosen","floor":18,"turns":4},{"damage":4,"enemies":"3 Byrds","floor":20,"turns":4},{"damage":12,"enemies":"Snecko","floor":22,"turns":4},{"damage":21,"enemies":"Gremlin Leader","floor":24,"turns":6},{"damage":11,"enemies":"Snake Plant","floor":25,"turns":4},{"damage":0,"enemies":"Chosen and Byrds","floor":27,"turns":5},{"damage":0,"enemies":"Centurion and Healer","floor":30,"turns":7},{"damage":4,"enemies":"Snecko","floor":31,"turns":4},{"damage":29,"enemies":"Automaton","floor":33,"turns":10},{"damage":16,"enemies":"3 Shapes","floor":35,"turns":7},{"damage":37,"enemies":"3 Darklings","floor":36,"turns":8},{"damage":6,"enemies":"Maw","floor":39,"turns":7},{"damage":8,"enemies":"Sphere and 2 Shapes","floor":40,"turns":8},{"damage":1,"enemies":"4 Shapes","floor":42,"turns":8},{"damage":0,"enemies":"Maw","floor":45,"turns":7},{"damage":23,"enemies":"3 Darklings","floor":47,"turns":6},{"damage":88,"enemies":"Awakened One","floor":50,"turns":9}],"event_choices":[{"event_name":"Big Fish","player_choice":"Donut","floor":8,"damage_taken":0},{"event_name":"N\u0027loth","player_choice":"Traded a Sundial","floor":29,"damage_taken":0},{"event_name":"The Lab","player_choice":"Got Potions","floor":37,"damage_taken":0},{"event_name":"Winding Halls","player_choice":"Writhe","floor":38,"damage_taken":0}],"boss_relics":[{"not_picked":["Cursed Key","Snecko Eye"],"picked":"Pandora\u0027s Box"},{"not_picked":["White Beast Statue","Astrolabe"],"picked":"Eternal Feather"}],"potions_floor_spawned":[1,2,11,13,20,22,27,33,35,40,45],"seed_played":"-42148014956720595","killed_by":"Awakened One","ascension_level":1,"is_trial":false}