{"gold_per_floor":[115,17,17,37,37,37,64,64,64,84,110,110,128,28,28,28],"floor_reached":16,"playtime":759,"items_purged":["Normality","Decay"],"score":158,"play_id":"a2f82661-7ef3-4e8f-b1c1-01008aedc5ca","local_time":"20190203112556","is_ascension_mode":false,"campfire_choices":[{"data":"Armaments","floor":6,"key":"SMITH"},{"data":"Fire Breathing","floor":8,"key":"SMITH"},{"data":"Bash","floor":12,"key":"SMITH"},{"data":"Dual Wield","floor":15,"key":"SMITH"}],"neow_cost":"CURSE","seed_source_timestamp":1123989355291262,"circlet_count":0,"master_deck":["Strike_R","Strike_R","Strike_R","Strike_R","Strike_R","Defend_R","Defend_R","Defend_R","Defend_R","Bash+1","Armaments+1","Shrug It Off","Fire Breathing+1","Inflame","Dual Wield+1"],"relics":["Burning Blood","Ornamental Fan","Darkstone Periapt","Mango"],"potions_floor_usage":[11,13],"damage_taken":[{"damage":5,"enemies":"Jaw Worm","floor":1,"turns":5},{"damage":0,"enemies":"Small Slimes","floor":4,"turns":3},{"damage":52,"enemies":"3 Sentries","floor":7,"turns":16},{"damage":1,"enemies":"Cultist","floor":10,"turns":4},{"damage":17,"enemies":"Lagavulin","floor":11,"turns":9},{"damage":4,"enemies":"Looter","floor":13,"turns":4},{"damage":76,"enemies":"Hexaghost","floor":16,"turns":11}],"seed_played":"-4658516244598741592","potions_obtained":[{"floor":10,"key":"Regen Potion"},{"floor":11,"key":"PowerPotion"}],"is_trial":false,"path_per_floor":["M","$","?","M","?","R","E","R","T","M","E","R","M","$","R","B"],"character_chosen":"IRONCLAD","items_purchased":["Shrug It Off"],"campfire_rested":0,"item_purchase_floors":[2],"current_hp_per_floor":[96,96,96,96,96,96,50,50,50,55,73,73,75,75,75,0],"gold":28,"neow_bonus":"TWENTY_PERCENT_HP_BONUS","is_prod":false,"is_daily":false,"chose_seed":false,"campfire_upgraded":4,"win_rate":0,"timestamp":1549207556,"path_taken":["M","$","?","M","?","R","E","R","T","M","E","R","M","$","R","BOSS"],"build_version":"2019-01-23","purchased_purges":2,"victory":false,"max_hp_per_floor":[96,96,96,96,96,96,96,96,96,96,110,110,110,110,110,110],"card_choices":[{"not_picked":["Rampage","Clothesline"],"picked":"Armaments","floor":1},{"not_picked":["Warcry","Anger","Reckless Charge"],"picked":"SKIP","floor":4},{"not_picked":["Flame Barrier","Limit Break"],"picked":"Fire Breathing","floor":7},{"not_picked":["Havoc","Second Wind"],"picked":"Inflame","floor":10},{"not_picked":["Metallicize","Armaments","Heavy Blade"],"picked":"SKIP","floor":11},{"not_picked":["Metallicize","Armaments","Heavy Blade"],"picked":"SKIP","floor":11},{"not_picked":["Clothesline","Shockwave"],"picked":"Dual Wield","floor":13}],"player_experience":403364,"relics_obtained":[{"floor":7,"key":"Ornamental Fan"},{"floor":9,"key":"Darkstone Periapt"},{"floor":11,"key":"Mango"}],"event_choices":[{"damage_healed":0,"gold_gain":0,"player_choice":"Ignored","damage_taken":0,"max_hp_gain":0,"max_hp_loss":0,"event_name":"Liars Game","floor":3,"gold_loss":0},{"damage_healed":0,"gold_gain":0,"player_choice":"Cursed","damage_taken":0,"max_hp_gain":0,"max_hp_loss":0,"event_name":"Wheel of Change","floor":5,"gold_loss":0,"cards_obtained":["Decay"]}],"is_beta":false,"boss_relics":[],"items_purged_floors":[2,14],"is_endless":false,"potions_floor_spawned":[10,11],"killed_by":"Hexaghost","ascension_level":0}