{"gold_per_floor":[117,67,142,67,77,107,122,135,158,158,184,194,194],"floor_reached":13,"playtime":532,"items_purged":["Strike_R"],"score":150,"play_id":"98aed19b-e878-4011-b476-26e58a217da2","local_time":"20190205125308","is_ascension_mode":true,"campfire_choices":[],"neow_cost":"NONE","seed_source_timestamp":10361349482930,"circlet_count":0,"master_deck":["Strike_R","Strike_R","Defend_R","Defend_R","Defend_R","Defend_R","Bash","Disarm","Cleave","Spot Weakness","Limit Break"],"relics":["Burning Blood","NeowsBlessing","Ancient Tea Set","Omamori"],"potions_floor_usage":[12,13,13],"damage_taken":[{"damage":0,"enemies":"Small Slimes","floor":1,"turns":1},{"damage":0,"enemies":"Jaw Worm","floor":5,"turns":1},{"damage":0,"enemies":"Lagavulin","floor":6,"turns":1},{"damage":5,"enemies":"2 Louse","floor":7,"turns":3},{"damage":6,"enemies":"Lots of Slimes","floor":8,"turns":2},{"damage":50,"enemies":"3 Sentries","floor":11,"turns":7},{"damage":11,"enemies":"Exordium Thugs","floor":12,"turns":6},{"damage":26,"enemies":"Lagavulin","floor":13,"turns":5}],"seed_played":"-4310435138153030880","potions_obtained":[{"floor":6,"key":"Poison Potion"},{"floor":11,"key":"LiquidBronze"},{"floor":12,"key":"AttackPotion"}],"is_trial":false,"path_per_floor":["M","?","?","$","M","E","M","M","T","?","E","M","E"],"character_chosen":"IRONCLAD","items_purchased":[],"campfire_rested":0,"item_purchase_floors":[],"current_hp_per_floor":[80,80,69,69,75,80,80,80,80,73,29,24,0],"gold":194,"neow_bonus":"THREE_ENEMY_KILL","is_prod":false,"is_daily":false,"chose_seed":false,"campfire_upgraded":0,"win_rate":0,"timestamp":1549385588,"path_taken":["M","?","?","?","M","E","M","M","T","?","E","M","E"],"build_version":"2019-01-23","purchased_purges":1,"victory":false,"max_hp_per_floor":[80,80,80,80,80,80,80,80,80,80,80,80,80],"card_choices":[{"not_picked":["Flex","Havoc"],"picked":"Disarm","floor":1},{"not_picked":["Evolve","Warcry"],"picked":"Cleave","floor":6},{"not_picked":["Twin Strike","Heavy Blade","Headbutt"],"picked":"SKIP","floor":7},{"not_picked":["Power Through","Thunderclap"],"picked":"Spot Weakness","floor":8},{"not_picked":["Combust","Body Slam","Feel No Pain"],"picked":"SKIP","floor":11},{"not_picked":["Evolve","Second Wind"],"picked":"Limit Break","floor":12}],"player_experience":428685,"relics_obtained":[{"floor":6,"key":"Ancient Tea Set"},{"floor":11,"key":"Omamori"}],"event_choices":[{"cards_removed":["Strike_R"],"damage_healed":0,"gold_gain":0,"player_choice":"Card Removal","damage_taken":0,"max_hp_gain":0,"max_hp_loss":0,"event_name":"The Cleric","floor":2,"gold_loss":50},{"damage_healed":0,"gold_gain":75,"player_choice":"Gather Gold","damage_taken":11,"max_hp_gain":0,"max_hp_loss":0,"event_name":"World of Goop","floor":3,"gold_loss":0},{"cards_removed":["Strike_R"],"damage_healed":0,"gold_gain":0,"player_choice":"Card Removal","damage_taken":7,"max_hp_gain":0,"max_hp_loss":0,"event_name":"Golden Wing","floor":10,"gold_loss":0}],"is_beta":false,"boss_relics":[],"items_purged_floors":[4],"is_endless":false,"potions_floor_spawned":[6,11,12],"killed_by":"Lagavulin","ascension_level":5}