{"gold_per_floor":[114,114,39,56,56,56,56,89,89,51,61,71,71,146,146,243,243,211,211,310,325,325],"floor_reached":22,"playtime":788,"items_purged":["Bash"],"score":259,"play_id":"9b754a98-ca07-4b44-9a41-73749abd097e","local_time":"20190205130630","is_ascension_mode":true,"campfire_choices":[{"data":"Evolve","floor":6,"key":"SMITH"},{"data":"Armaments","floor":15,"key":"SMITH"}],"neow_cost":"NONE","seed_source_timestamp":10908208898263,"circlet_count":0,"master_deck":["Strike_R","Strike_R","Strike_R","Strike_R","Strike_R","Defend_R","Defend_R","Defend_R","Defend_R","Evolve+1","Twin Strike","Searing Blow","Clash","Whirlwind","Shrug It Off","Armaments+1","Feed","Intimidate+1"],"relics":["Burning Blood","NeowsBlessing","Bronze Scales","White Beast Statue"],"potions_floor_usage":[16,16,22,22],"damage_taken":[{"damage":0,"enemies":"Cultist","floor":1,"turns":1},{"damage":0,"enemies":"Jaw Worm","floor":4,"turns":1},{"damage":0,"enemies":"Gremlin Nob","floor":8,"turns":1},{"damage":1,"enemies":"Small Slimes","floor":11,"turns":3},{"damage":4,"enemies":"Looter","floor":12,"turns":3},{"damage":33,"enemies":"The Guardian","floor":16,"turns":12},{"damage":29,"enemies":"2 Thieves","floor":18,"turns":5},{"damage":22,"enemies":"Spheric Guardian","floor":21,"turns":4},{"damage":46,"enemies":"3 Cultists","floor":22,"turns":5}],"seed_played":"7972048784877070538","potions_obtained":[{"floor":1,"key":"LiquidBronze"},{"floor":4,"key":"Strength Potion"},{"floor":18,"key":"LiquidBronze"},{"floor":21,"key":"BloodPotion"}],"is_trial":false,"path_per_floor":["M","?","$","M","$","R","$","E","T","$","M","M","?","?","R","B",null,"M","$","?","M","M"],"character_chosen":"IRONCLAD","items_purchased":["Whirlwind"],"campfire_rested":0,"item_purchase_floors":[10],"current_hp_per_floor":[80,80,80,80,80,80,80,80,80,80,80,80,85,74,74,47,76,53,53,53,37,0],"gold":325,"neow_bonus":"THREE_ENEMY_KILL","is_prod":false,"is_daily":false,"chose_seed":false,"campfire_upgraded":2,"win_rate":0,"timestamp":1549386390,"path_taken":["M","?","$","M","$","R","?","E","T","$","?","M","?","?","R","BOSS","M","$","?","M","M"],"build_version":"2019-01-23","purchased_purges":1,"victory":false,"max_hp_per_floor":[80,80,80,80,80,80,80,80,80,80,80,80,85,85,85,85,85,85,85,85,85,85],"card_choices":[{"not_picked":["Disarm","Pommel Strike"],"picked":"Evolve","floor":1},{"not_picked":["Flex","Pommel Strike"],"picked":"Searing Blow","floor":4},{"not_picked":["Headbutt","Heavy Blade"],"picked":"Clash","floor":8},{"not_picked":["Spot Weakness","Reckless Charge"],"picked":"Shrug It Off","floor":11},{"not_picked":["Headbutt","Wild Strike"],"picked":"Armaments","floor":12},{"not_picked":["Exhume","Berserk"],"picked":"Feed","floor":16},{"not_picked":["Anger","Pummel+1"],"picked":"Intimidate+1","floor":18},{"not_picked":["Pummel","True Grit","Warcry"],"picked":"SKIP","floor":21}],"player_experience":429217,"relics_obtained":[{"floor":8,"key":"Bronze Scales"}],"event_choices":[{"damage_healed":0,"gold_gain":0,"player_choice":"1 cards matched","damage_taken":0,"max_hp_gain":0,"max_hp_loss":0,"event_name":"Match and Keep!","floor":2,"gold_loss":0,"cards_obtained":["Twin Strike"]},{"damage_healed":0,"gold_gain":0,"player_choice":"Donut","damage_taken":0,"max_hp_gain":5,"max_hp_loss":0,"event_name":"Big Fish","floor":13,"gold_loss":0},{"damage_healed":0,"gold_gain":75,"player_choice":"Gather Gold","damage_taken":11,"max_hp_gain":0,"max_hp_loss":0,"event_name":"World of Goop","floor":14,"gold_loss":0},{"damage_healed":0,"gold_gain":99,"player_choice":"Stole From Cult","damage_taken":0,"max_hp_gain":0,"max_hp_loss":0,"event_name":"Nest","floor":20,"gold_loss":0}],"is_beta":false,"boss_relics":[{"not_picked":["Coffee Dripper","Snecko Eye"],"picked":"White Beast Statue"}],"items_purged_floors":[3],"is_endless":false,"potions_floor_spawned":[1,4,18,21],"killed_by":"3 Cultists","ascension_level":5}