{"gold_per_floor":[113,133,408,0,16,44,44,78,78,78,96,96,121,30,30,104,104,124,144,94,17,17,17,42,54,78,78,28,39,69,84,84,163,163,181,281,299,299,316,316,342,342,342,376,376,406,406,417,417,417,417,417,417,67,95,95],"floor_reached":57,"playtime":4287,"items_purged":["Regret","Strike_G","Strike_G","Strike_G","Strike_G"],"score":2867,"play_id":"ed6e8a67-9b51-455e-9b4b-fea0a286832e","local_time":"20190128181455","is_ascension_mode":true,"campfire_choices":[{"floor":7,"key":"REST"},{"floor":12,"key":"REST"},{"data":"Noxious Fumes","floor":15,"key":"SMITH"},{"data":"Bouncing Flask","floor":23,"key":"SMITH"},{"data":"Footwork","floor":27,"key":"SMITH"},{"data":"After Image","floor":32,"key":"SMITH"},{"data":"Malaise","floor":40,"key":"SMITH"},{"floor":42,"key":"RECALL"},{"data":"Footwork","floor":47,"key":"SMITH"},{"data":"Burst","floor":49,"key":"SMITH"},{"data":"Leg Sweep","floor":53,"key":"SMITH"}],"neow_cost":"NONE","seed_source_timestamp":16458841087084,"circlet_count":0,"master_deck":["AscendersBane","Defend_G","Defend_G","Defend_G","Defend_G","Defend_G","Survivor","Neutralize","Flying Knee","Predator","Poisoned Stab","Crippling Poison+1","Bouncing Flask+1","Noxious Fumes+1","Leg Sweep+1","After Image+1","Footwork+1","Escape Plan","Leg Sweep","Backflip","Malaise+1","Backflip+1","Catalyst+1","PiercingWail","Dodge and Roll","Escape Plan","Deadly Poison+1","Footwork+1","Burst+1","Calculated Gamble+1"],"relics":["Ring of the Snake","Juzu Bracelet","Gambling Chip","Smiling Mask","Question Card","Paper Crane","Pantograph","Velvet Choker","Lantern","Bag of Marbles","Bronze Scales","Runic Pyramid","Prayer Wheel","Ornamental Fan","Incense Burner","Mango","OrangePellets","Vajra"],"potions_floor_usage":[8,19,30,33,44,56,56],"damage_taken":[{"damage":4,"enemies":"Jaw Worm","floor":1,"turns":6},{"damage":0,"enemies":"Cultist","floor":2,"turns":4},{"damage":1,"enemies":"Small Slimes","floor":5,"turns":4},{"damage":27,"enemies":"3 Sentries","floor":6,"turns":8},{"damage":27,"enemies":"Lagavulin","floor":8,"turns":7},{"damage":0,"enemies":"2 Fungi Beasts","floor":11,"turns":2},{"damage":23,"enemies":"3 Sentries","floor":13,"turns":8},{"damage":6,"enemies":"The Guardian","floor":16,"turns":11},{"damage":9,"enemies":"Spheric Guardian","floor":18,"turns":5},{"damage":2,"enemies":"Chosen","floor":19,"turns":4},{"damage":10,"enemies":"Gremlin Leader","floor":24,"turns":6},{"damage":5,"enemies":"Snake Plant","floor":25,"turns":4},{"damage":0,"enemies":"Centurion and Healer","floor":29,"turns":5},{"damage":0,"enemies":"Book of Stabbing","floor":30,"turns":6},{"damage":0,"enemies":"Snecko","floor":31,"turns":5},{"damage":34,"enemies":"Champ","floor":33,"turns":14},{"damage":0,"enemies":"3 Darklings","floor":35,"turns":5},{"damage":4,"enemies":"Mind Bloom Boss Battle","floor":36,"turns":9},{"damage":0,"enemies":"3 Shapes","floor":37,"turns":4},{"damage":3,"enemies":"Jaw Worm Horde","floor":39,"turns":5},{"damage":0,"enemies":"Nemesis","floor":41,"turns":7},{"damage":22,"enemies":"Reptomancer","floor":44,"turns":6},{"damage":3,"enemies":"Nemesis","floor":46,"turns":7},{"damage":0,"enemies":"Sphere and 2 Shapes","floor":48,"turns":6},{"damage":1,"enemies":"Donu and Deca","floor":50,"turns":11},{"damage":8,"enemies":"Awakened One","floor":51,"turns":16},{"damage":6,"enemies":"Shield and Spear","floor":55,"turns":7},{"damage":15,"enemies":"The Heart","floor":56,"turns":9}],"seed_played":"4086440968741008091","potions_obtained":[{"floor":1,"key":"Swift Potion"},{"floor":6,"key":"Dexterity Potion"},{"floor":13,"key":"Regen Potion"},{"floor":25,"key":"Swift Potion"},{"floor":29,"key":"LiquidBronze"},{"floor":30,"key":"Strength Potion"},{"floor":36,"key":"Strength Potion"},{"floor":37,"key":"Poison Potion"},{"floor":44,"key":"Dexterity Potion"}],"is_trial":false,"path_per_floor":["M","M","?","$","M","E","R","E","T","?","M","R","E","$","R","B",null,"M","M","$","$","?","R","E","M","T","R","$","M","E","M","R","B",null,"M","?","M","?","M","R","E","R","T","E","?","E","R","M","R","B","B",null,"R","$","E","B",null],"character_chosen":"THE_SILENT","items_purchased":["Gambling Chip","Leg Sweep","Footwork","OrangePellets","GhostInAJar"],"campfire_rested":2,"item_purchase_floors":[4,14,21,54,54],"current_hp_per_floor":[55,55,55,55,54,27,46,19,19,19,19,38,15,15,15,34,58,49,59,59,59,59,59,49,44,44,44,44,44,44,44,44,32,58,58,62,62,62,59,59,59,59,59,37,37,48,48,48,48,72,72,78,78,78,72,65],"gold":95,"neow_bonus":"RANDOM_COMMON_RELIC","is_prod":false,"is_daily":false,"chose_seed":false,"campfire_upgraded":8,"win_rate":0,"timestamp":1548695695,"path_taken":["M","M","?","$","M","E","R","E","T","?","M","R","E","?","R","BOSS","M","M","?","$","?","R","E","M","T","R","$","M","E","M","R","BOSS","M","?","M","?","M","R","E","R","T","E","?","E","R","M","R","BOSS","BOSS","R","$","E","BOSS"],"build_version":"2019-01-23","purchased_purges":5,"victory":true,"max_hp_per_floor":[66,66,66,66,66,66,66,66,66,66,66,66,66,66,66,66,66,66,66,66,66,66,66,66,66,66,66,66,66,66,66,66,66,66,66,66,66,66,66,66,66,66,66,66,66,80,80,80,80,80,80,80,80,80,80,80],"card_choices":[{"not_picked":["Predator","Sucker Punch"],"picked":"Flying Knee","floor":1},{"not_picked":["Quick Slash","Cloak And Dagger"],"picked":"Predator","floor":2},{"not_picked":["Catalyst","Underhanded Strike","Bane"],"picked":"SKIP","floor":5},{"not_picked":["Tools of the Trade","Concentrate"],"picked":"Poisoned Stab","floor":6},{"not_picked":["Masterful Stab","Deadly Poison"],"picked":"Crippling Poison","floor":8},{"not_picked":["Dodge and Roll","Flying Knee","Poisoned Stab"],"picked":"Bouncing Flask","floor":11},{"not_picked":["Accuracy","Phantasmal Killer","Sucker Punch"],"picked":"Noxious Fumes","floor":13},{"not_picked":["Tools of the Trade","Grand Finale","A Thousand Cuts"],"picked":"After Image","floor":16},{"not_picked":["Outmaneuver","Endless Agony","Slice","Quick Slash"],"picked":"SKIP","floor":18},{"not_picked":["Outmaneuver","Reflex","Flechettes","Quick Slash"],"picked":"SKIP","floor":19},{"not_picked":["Setup","Underhanded Strike","Infinite Blades","Dagger Spray"],"picked":"SKIP","floor":24},{"not_picked":["Acrobatics","Distraction","Caltrops"],"picked":"Escape Plan","floor":25},{"not_picked":["Dagger Spray","Unload","Deadly Poison","Prepared"],"picked":"SKIP","floor":29},{"not_picked":["PiercingWail","Slice","Quick Slash"],"picked":"Leg Sweep","floor":30},{"not_picked":["Skewer+1","Concentrate","Acrobatics"],"picked":"Backflip","floor":31},{"not_picked":["A Thousand Cuts","Tools of the Trade","After Image"],"picked":"Malaise","floor":33},{"not_picked":["Skewer","Choke","Concentrate"],"picked":"Backflip+1","floor":35},{"not_picked":["Dagger Spray","Endless Agony","Quick Slash"],"picked":"Catalyst+1","floor":36},{"not_picked":["Acrobatics","Dagger Spray","Choke"],"picked":"PiercingWail","floor":37},{"not_picked":["Deflect","Sucker Punch+1","Deadly Poison"],"picked":"Dodge and Roll","floor":37},{"not_picked":["Quick Slash","Reflex","Bane"],"picked":"Escape Plan","floor":39},{"not_picked":["Cloak And Dagger","Reflex","Quick Slash+1"],"picked":"Deadly Poison+1","floor":39},{"not_picked":["Cloak And Dagger","Accuracy","Flying Knee","Glass Knife"],"picked":"SKIP","floor":41},{"not_picked":["Crippling Poison","Slice","Poisoned Stab"],"picked":"Footwork","floor":44},{"not_picked":["Blade Dance","Prepared","Outmaneuver"],"picked":"Burst","floor":46},{"not_picked":["Sucker Punch","Distraction","Dagger Throw","Deadly Poison"],"picked":"SKIP","floor":48},{"not_picked":["Bullet Time","Caltrops","Blade Dance","Distraction"],"picked":"SKIP","floor":48},{"not_picked":["Riddle With Holes","Bane+1","Dodge and Roll"],"picked":"Calculated Gamble+1","floor":55}],"player_experience":794059,"relics_obtained":[{"floor":6,"key":"Smiling Mask"},{"floor":8,"key":"Question Card"},{"floor":9,"key":"Paper Crane"},{"floor":13,"key":"Pantograph"},{"floor":24,"key":"Lantern"},{"floor":26,"key":"Bag of Marbles"},{"floor":30,"key":"Bronze Scales"},{"floor":36,"key":"Prayer Wheel"},{"floor":41,"key":"Ornamental Fan"},{"floor":44,"key":"Incense Burner"},{"floor":46,"key":"Mango"},{"floor":55,"key":"Vajra"}],"event_choices":[{"damage_healed":0,"gold_gain":275,"player_choice":"Desecrate","damage_taken":0,"max_hp_gain":0,"max_hp_loss":0,"event_name":"Golden Shrine","floor":3,"gold_loss":0,"cards_obtained":["Regret"]},{"damage_healed":0,"gold_gain":0,"player_choice":"Upgraded","damage_taken":0,"max_hp_gain":0,"max_hp_loss":0,"event_name":"Upgrade Shrine","floor":10,"gold_loss":0,"cards_upgraded":["Crippling Poison"]},{"damage_healed":0,"gold_gain":0,"player_choice":"Ignored","damage_taken":0,"max_hp_gain":0,"max_hp_loss":0,"event_name":"Vampires","floor":22,"gold_loss":0},{"damage_healed":0,"gold_gain":0,"player_choice":"Fight","damage_taken":0,"max_hp_gain":0,"max_hp_loss":0,"event_name":"MindBloom","floor":36,"gold_loss":0},{"cards_removed":["Strike_G"],"damage_healed":0,"gold_gain":0,"player_choice":"Purged","damage_taken":0,"max_hp_gain":0,"max_hp_loss":0,"event_name":"Purifier","floor":38,"gold_loss":0},{"damage_healed":0,"gold_gain":0,"player_choice":"Ignored","damage_taken":0,"max_hp_gain":0,"max_hp_loss":0,"event_name":"Mysterious Sphere","floor":45,"gold_loss":0}],"is_beta":false,"boss_relics":[{"not_picked":["Black Star","Runic Dome"],"picked":"Velvet Choker"},{"not_picked":["White Beast Statue","WristBlade"],"picked":"Runic Pyramid"}],"items_purged_floors":[4,14,20,28,54],"is_endless":false,"potions_floor_spawned":[1,6,13,25,29,30,31,36,37,44],"ascension_level":20}