{"gold_per_floor":[114,130,144,144,69,94,113,113,113,139,139,39,39,56,56,155,155,155,95,95,95,95,95,95,95,95,95,95,60,60,60,60,60],"floor_reached":33,"playtime":2145,"items_purged":["Defend_R","Strike_R"],"score":295,"play_id":"e078c57f-fce9-4956-b222-9e5f6cf5229f","local_time":"20190312105853","is_ascension_mode":false,"campfire_choices":[{"data":"True Grit","floor":8.0,"key":"SMITH"},{"data":"Body Slam","floor":13.0,"key":"SMITH"},{"floor":15.0,"key":"REST"},{"floor":23,"key":"RECALL"},{"floor":25,"key":"REST"},{"floor":32,"key":"REST"}],"neow_cost":"PERCENT_DAMAGE","seed_source_timestamp":0,"circlet_count":0,"master_deck":["Strike_R+1","Strike_R+1","Strike_R+1","Defend_R+1","Defend_R+1","Defend_R+1","Bash","Feel No Pain","Evolve","True Grit+1","Pummel","Rampage","Body Slam+1","Entrench","Dark Embrace","Uppercut","True Grit","Havoc+1","Anger","Sentinel+1","Feel No Pain+1","Feed"],"special_seed":0,"relics":["Burning Blood","Charon\u0027s Ashes","Bottled Lightning","Gremlin Horn","Ornamental Fan","Ectoplasm","Frozen Egg 2","Bag of Marbles","Blue Candle"],"potions_floor_usage":[22,28,28,28],"damage_taken":[{"damage":5.0,"enemies":"Jaw Worm","floor":1.0,"turns":5.0},{"damage":1.0,"enemies":"Cultist","floor":2.0,"turns":4.0},{"damage":5.0,"enemies":"2 Louse","floor":3.0,"turns":3.0},{"damage":4.0,"enemies":"3 Sentries","floor":6.0,"turns":6.0},{"damage":19.0,"enemies":"Gremlin Gang","floor":7.0,"turns":4.0},{"damage":19.0,"enemies":"Gremlin Nob","floor":10.0,"turns":4.0},{"damage":0.0,"enemies":"Exordium Wildlife","floor":14.0,"turns":4.0},{"damage":38.0,"enemies":"Slime Boss","floor":16.0,"turns":10.0},{"damage":13,"enemies":"3 Byrds","floor":18,"turns":7},{"damage":15,"enemies":"2 Thieves","floor":19,"turns":4},{"damage":19,"enemies":"Centurion and Healer","floor":22,"turns":5},{"damage":11,"enemies":"Shelled Parasite and Fungi","floor":24,"turns":7},{"damage":17,"enemies":"Book of Stabbing","floor":28,"turns":5},{"damage":25,"enemies":"Gremlin Leader","floor":30,"turns":8},{"damage":18,"enemies":"Snecko","floor":31,"turns":6},{"damage":69,"enemies":"Champ","floor":33,"turns":14}],"seed_played":"2848417743655691088","potions_obtained":[{"floor":3.0,"key":"GamblersBrew"},{"floor":4.0,"key":"Fire Potion"},{"floor":4.0,"key":"EntropicBrew"},{"floor":7.0,"key":"Energy Potion"},{"floor":10.0,"key":"SkillPotion"},{"floor":19,"key":"Swift Potion"},{"floor":22,"key":"LiquidBronze"},{"floor":24,"key":"FearPotion"},{"floor":31,"key":"Regen Potion"}],"is_trial":false,"path_per_floor":["M","M","M","?","$","E","M","R","T","E","?","$","R","M","R","B",null,"M","M","?","T","M","R","M","R","T","?","E","$","E","M","R","B"],"character_chosen":"IRONCLAD","items_purchased":["Feel No Pain+1"],"campfire_rested":3,"item_purchase_floors":[29],"current_hp_per_floor":[57,62,63,63,63,65,52,52,52,39,39,39,39,45,69,37,80,73,64,64,64,51,51,46,70,70,70,73,73,54,42,66,0],"gold":60,"neow_bonus":"ONE_RARE_RELIC","is_prod":false,"is_daily":false,"chose_seed":false,"campfire_upgraded":2,"win_rate":0,"timestamp":1552399133,"path_taken":["M","M","M","?","$","E","?","R","T","E","?","$","R","M","R","BOSS","M","?","?","?","M","R","M","R","T","?","E","?","E","?","R","BOSS"],"build_version":"2019-01-23","purchased_purges":2,"victory":false,"max_hp_per_floor":[80,80,80,80,80,80,80,80,80,80,80,80,80,80,80,80,80,80,80,80,80,80,80,80,80,80,80,80,80,80,80,80,80],"card_choices":[{"not_picked":["Havoc","Sword Boomerang"],"picked":"Feel No Pain","floor":1.0},{"not_picked":["Anger","Thunderclap"],"picked":"Evolve","floor":2.0},{"not_picked":["Pommel Strike","Sword Boomerang"],"picked":"True Grit","floor":3.0},{"not_picked":["Heavy Blade","Blood for Blood"],"picked":"Pummel","floor":6.0},{"not_picked":["Armaments","Blood for Blood"],"picked":"Rampage","floor":7.0},{"not_picked":["Perfected Strike","Entrench"],"picked":"Body Slam","floor":10.0},{"not_picked":["Fiend Fire","Twin Strike"],"picked":"Entrench","floor":14.0},{"not_picked":["Brutality","Fiend Fire"],"picked":"Dark Embrace","floor":16.0},{"not_picked":["Wild Strike","Headbutt"],"picked":"Uppercut","floor":18},{"not_picked":["Shrug It Off","Twin Strike"],"picked":"True Grit","floor":19},{"not_picked":["Fire Breathing","Clothesline"],"picked":"Havoc+1","floor":22},{"not_picked":["Body Slam","Flex"],"picked":"Anger","floor":24},{"not_picked":["Double Tap","Headbutt"],"picked":"Sentinel+1","floor":28},{"not_picked":["Pommel Strike","Iron Wave+1","Flex+1"],"picked":"SKIP","floor":30},{"not_picked":["Headbutt","True Grit"],"picked":"Feed","floor":31}],"player_experience":499190,"relics_obtained":[{"floor":6.0,"key":"Bottled Lightning"},{"floor":9.0,"key":"Gremlin Horn"},{"floor":10.0,"key":"Ornamental Fan"},{"floor":26,"key":"Frozen Egg 2"},{"floor":28,"key":"Bag of Marbles"},{"floor":30,"key":"Blue Candle"}],"event_choices":[{"damage_healed":0.0,"max_hp_gain":0.0,"max_hp_loss":0.0,"gold_gain":0.0,"event_name":"Lab","player_choice":"Got Potions","floor":4.0,"gold_loss":0.0,"damage_taken":0.0},{"cards_removed":["Strike_R"],"damage_healed":0.0,"max_hp_gain":0.0,"max_hp_loss":0.0,"gold_gain":0.0,"event_name":"Purifier","player_choice":"Purged","floor":11.0,"gold_loss":0.0,"damage_taken":0.0},{"damage_healed":0,"gold_gain":0,"player_choice":"Simplicity","damage_taken":0,"max_hp_gain":0,"max_hp_loss":0,"event_name":"Back to Basics","floor":20,"gold_loss":0,"cards_upgraded":["Strike_R","Strike_R","Strike_R","Defend_R","Defend_R","Defend_R"]},{"damage_healed":0,"gold_gain":0,"player_choice":"Ignored","damage_taken":0,"max_hp_gain":0,"max_hp_loss":0,"event_name":"Vampires","floor":27,"gold_loss":0}],"is_beta":false,"boss_relics":[{"not_picked":["Velvet Choker","Astrolabe"],"picked":"Ectoplasm"}],"items_purged_floors":[5,12],"is_endless":false,"potions_floor_spawned":[3,7,10,19,22,24,31],"killed_by":"Champ","ascension_level":0}