{"gold_per_floor":[115,115,132,132,149,181,181,210,210,223,240,240,240,9,9,9],"floor_reached":16,"playtime":844,"items_purged":["Defend_R"],"score":131,"play_id":"ea21fdf3-5661-4678-ba33-18dcd635be6c","local_time":"20181026110945","is_ascension_mode":true,"campfire_choices":[{"floor":7,"key":"REST"},{"floor":12,"key":"DIG"},{"floor":15,"key":"REST"}],"neow_cost":"NONE","seed_source_timestamp":9420070091145,"circlet_count":0,"master_deck":["Strike_R","Strike_R","Strike_R","Strike_R","Strike_R","Defend_R+1","Defend_R","Defend_R+1","Bash","Thunderclap","Headbutt","Wild Strike","Armaments+1","Feed","Flame Barrier+1"],"relics":["Burning Blood","Toxic Egg 2","Spirit Poop","FossilizedHelix","Ginger","Shovel","PreservedInsect","Regal Pillow"],"potions_floor_usage":[6,16],"damage_taken":[{"damage":4,"enemies":"Small Slimes","floor":1,"turns":4},{"damage":17,"enemies":"Jaw Worm","floor":3,"turns":4},{"damage":3,"enemies":"2 Louse","floor":5,"turns":3},{"damage":40,"enemies":"3 Sentries","floor":6,"turns":8},{"damage":31,"enemies":"Lagavulin","floor":8,"turns":8},{"damage":8,"enemies":"Lots of Slimes","floor":10,"turns":3},{"damage":0,"enemies":"2 Fungi Beasts","floor":11,"turns":4},{"damage":73,"enemies":"Hexaghost","floor":16,"turns":11}],"seed_played":"-4113386112965378664","potions_obtained":[{"floor":5,"key":"GamblersBrew"},{"floor":11,"key":"SkillPotion"}],"is_trial":false,"path_per_floor":["M","?","M","?","M","E","R","E","T","M","M","R","?","$","R"],"character_chosen":"IRONCLAD","items_purchased":["Regal Pillow"],"campfire_rested":2,"item_purchase_floors":[14],"current_hp_per_floor":[80,80,69,69,72,38,62,37,37,38,47,47,30,30,70,0],"gold":9,"neow_bonus":"THREE_CARDS","is_prod":false,"is_daily":false,"chose_seed":false,"campfire_upgraded":0,"win_rate":0,"timestamp":1540562985,"path_taken":["M","?","?","?","?","E","R","E","T","M","M","R","?","?","R","BOSS"],"build_version":"2018-10-25v2","purchased_purges":1,"victory":false,"max_hp_per_floor":[80,80,80,80,80,80,80,80,80,83,86,86,86,86,86,86],"card_choices":[{"not_picked":["Combust","Seeing Red"],"picked":"Thunderclap","floor":0},{"not_picked":["Iron Wave","Shrug It Off","Havoc"],"picked":"SKIP","floor":1},{"not_picked":["Thunderclap","Armaments+1"],"picked":"Headbutt","floor":3},{"not_picked":["Rupture","Anger"],"picked":"Wild Strike","floor":5},{"not_picked":["Battle Trance+1","Body Slam"],"picked":"Armaments+1","floor":6},{"not_picked":["Corruption","Bloodletting+1"],"picked":"Feed","floor":8},{"not_picked":["Infernal Blade+1","Battle Trance+1"],"picked":"Flame Barrier+1","floor":10},{"not_picked":["Searing Blow","Shockwave+1","Cleave"],"picked":"SKIP","floor":11}],"player_experience":351669,"relics_obtained":[{"floor":6,"key":"FossilizedHelix"},{"floor":8,"key":"Ginger"},{"floor":9,"key":"Shovel"},{"floor":12,"key":"PreservedInsect"}],"event_choices":[{"damage_healed":0,"gold_gain":0,"player_choice":"Box","damage_taken":0,"relics_obtained":["Toxic Egg 2"],"max_hp_gain":0,"max_hp_loss":0,"event_name":"Big Fish","floor":2,"gold_loss":0,"cards_obtained":["Regret"]},{"cards_removed":["Regret"],"damage_healed":0,"gold_gain":0,"player_choice":"Offered Curse","damage_taken":0,"relics_obtained":["Spirit Poop"],"max_hp_gain":0,"max_hp_loss":0,"event_name":"Bonfire Elementals","floor":4,"gold_loss":0},{"damage_healed":0,"gold_gain":0,"player_choice":"Entered Light","damage_taken":17,"max_hp_gain":0,"max_hp_loss":0,"event_name":"Shining Light","floor":13,"gold_loss":0,"cards_upgraded":["Defend_R","Defend_R"]}],"is_beta":false,"boss_relics":[],"items_purged_floors":[14],"is_endless":false,"potions_floor_spawned":[5,11],"killed_by":"Hexaghost","ascension_level":4}