{"gold_per_floor":[116,128,108,58,58,58,77,103,176,176,196,225,225,165,165,265,265,283,283,198,198,273,301,301,335,358,369,369,389,400,419,419,515,515,531,531,337,355,455,455],"floor_reached":40,"playtime":2577,"items_purged":["Defend_R"],"score":670,"play_id":"d35371eb-6834-499b-b727-472751010b9f","local_time":"20190502161459","is_ascension_mode":true,"campfire_choices":[{"data":"Cleave","floor":6.0,"key":"SMITH"},{"data":"Iron Wave","floor":10.0,"key":"SMITH"},{"data":"True Grit","floor":13.0,"key":"SMITH"},{"data":"Feel No Pain","floor":15.0,"key":"SMITH"},{"floor":24,"key":"REST"},{"data":"Dark Embrace","floor":28,"key":"SMITH"},{"data":"Juggernaut","floor":32,"key":"SMITH"}],"neow_cost":"TEN_PERCENT_HP_LOSS","seed_source_timestamp":0,"circlet_count":0,"master_deck":["AscendersBane","Bash","Pummel","Sever Soul","Disarm","Cleave+1","Iron Wave+1","Feel No Pain+1","True Grit+1","Dark Embrace+1","Feel No Pain","Juggernaut+1","Blood for Blood","Blood for Blood","Impervious","Impervious","Flame Barrier+1","Body Slam+1","Dropkick+1","Demon Form","Rampage","Warcry+1"],"special_seed":0,"relics":["Black Blood","Bag of Marbles","The Courier","Centennial Puzzle","Pandora\u0027s Box","MutagenicStrength","Potion Belt","Ancient Tea Set","Bottled Flame","Smiling Mask","Blood Vial"],"potions_floor_usage":[23,23,25,29,33,33,38],"damage_taken":[{"damage":0.0,"enemies":"Cultist","floor":1.0,"turns":5.0},{"damage":2.0,"enemies":"2 Louse","floor":2.0,"turns":3.0},{"damage":11.0,"enemies":"Jaw Worm","floor":7.0,"turns":5.0},{"damage":16.0,"enemies":"Lagavulin","floor":8.0,"turns":5.0},{"damage":18.0,"enemies":"Exordium Wildlife","floor":11.0,"turns":6.0},{"damage":14.0,"enemies":"3 Sentries","floor":12.0,"turns":7.0},{"damage":9.0,"enemies":"The Guardian","floor":16.0,"turns":14.0},{"damage":4.0,"enemies":"Chosen","floor":18.0,"turns":5.0},{"damage":29,"enemies":"Book of Stabbing","floor":23,"turns":8},{"damage":4,"enemies":"Slavers","floor":25,"turns":8},{"damage":7,"enemies":"Shell Parasite","floor":27,"turns":6},{"damage":4,"enemies":"Centurion and Healer","floor":29,"turns":11},{"damage":5,"enemies":"Sentry and Sphere","floor":30,"turns":7},{"damage":5,"enemies":"Chosen and Byrds","floor":31,"turns":6},{"damage":67,"enemies":"Automaton","floor":33,"turns":11},{"damage":9,"enemies":"3 Shapes","floor":35,"turns":7},{"damage":24,"enemies":"3 Darklings","floor":38,"turns":6},{"damage":55,"enemies":"Giant Head","floor":40,"turns":7}],"seed_played":"-1571050863422646024","potions_obtained":[{"floor":1.0,"key":"PowerPotion"},{"floor":3.0,"key":"PowerPotion"},{"floor":8.0,"key":"Regen Potion"},{"floor":11.0,"key":"SpeedPotion"},{"floor":16.0,"key":"EssenceOfSteel"},{"floor":18.0,"key":"GamblersBrew"},{"floor":23,"key":"PowerPotion"},{"floor":27,"key":"SpeedPotion"},{"floor":30,"key":"Strength Potion"},{"floor":31,"key":"PowerPotion"}],"is_trial":false,"path_per_floor":["M","M","?","$","?","R","M","E","T","R","M","E","R","$","R","B",null,"M","?","?","$","?","E","R","E","T","M","R","M","M","M","R","B",null,"M","?","$","M","?","E"],"character_chosen":"IRONCLAD","items_purchased":["Cleave","Rampage","Explosive Potion","Blood Vial"],"campfire_rested":1,"item_purchase_floors":[4,37,37,37],"current_hp_per_floor":[72,72,72,72,77,77,72,62,62,62,50,57,57,57,57,54,71,73,73,73,73,66,43,66,68,68,67,67,69,70,71,71,10,60,61,61,61,49,49,0],"gold":455,"neow_bonus":"TRANSFORM_TWO_CARDS","is_prod":false,"is_daily":false,"chose_seed":false,"campfire_upgraded":6,"win_rate":0,"timestamp":1556824499,"path_taken":["M","?","?","?","?","R","M","E","T","R","?","E","R","$","R","BOSS","M","?","?","$","?","E","R","E","T","M","R","M","M","?","R","BOSS","M","?","$","?","?","E"],"build_version":"2019-01-23","purchased_purges":1,"victory":false,"max_hp_per_floor":[72,72,72,72,77,77,77,77,77,77,77,77,77,77,77,77,77,77,77,77,77,77,77,77,77,77,77,77,77,77,77,77,77,77,77,77,77,77,77,77],"card_choices":[{"not_picked":["Second Wind","Burning Pact","Body Slam"],"picked":"SKIP","floor":1.0},{"not_picked":["Heavy Blade","Bloodletting"],"picked":"Disarm","floor":2.0},{"not_picked":["Pummel","Fire Breathing"],"picked":"Iron Wave","floor":7.0},{"not_picked":["Hemokinesis","Body Slam","Battle Trance"],"picked":"SKIP","floor":8.0},{"not_picked":["Flex","Clothesline"],"picked":"Feel No Pain","floor":11.0},{"not_picked":["Hemokinesis","Shrug It Off"],"picked":"True Grit","floor":12.0},{"not_picked":["Fiend Fire","Impervious"],"picked":"Dark Embrace","floor":16.0},{"not_picked":["Hemokinesis","Feel No Pain"],"picked":"Flame Barrier+1","floor":18.0},{"not_picked":["Seeing Red","Iron Wave"],"picked":"Body Slam+1","floor":23},{"not_picked":["Evolve","Clash","Infernal Blade"],"picked":"SKIP","floor":25},{"not_picked":["Reckless Charge","Warcry"],"picked":"Dropkick+1","floor":27},{"not_picked":["Rage","Clothesline","Armaments+1"],"picked":"SKIP","floor":29},{"not_picked":["Burning Pact","Searing Blow","Twin Strike"],"picked":"SKIP","floor":30},{"not_picked":["Fiend Fire","Wild Strike+1","Body Slam"],"picked":"SKIP","floor":31},{"not_picked":["Fiend Fire","Offering"],"picked":"Demon Form","floor":33},{"not_picked":["Heavy Blade","Dual Wield","Twin Strike+1"],"picked":"SKIP","floor":35},{"not_picked":["Flex+1","Shrug It Off"],"picked":"Warcry+1","floor":38}],"player_experience":676662,"relics_obtained":[{"floor":8.0,"key":"Bag of Marbles"},{"floor":9.0,"key":"The Courier"},{"floor":12.0,"key":"Centennial Puzzle"},{"floor":23,"key":"Ancient Tea Set"},{"floor":25,"key":"Bottled Flame"},{"floor":26,"key":"Smiling Mask"}],"event_choices":[{"damage_healed":0.0,"max_hp_gain":0.0,"max_hp_loss":0.0,"gold_gain":0.0,"event_name":"The Woman in Blue","player_choice":"Bought 1 Potion","floor":3.0,"gold_loss":0.0,"damage_taken":0.0},{"damage_healed":0.0,"max_hp_gain":5.0,"max_hp_loss":0.0,"gold_gain":0.0,"event_name":"Big Fish","player_choice":"Donut","floor":5.0,"gold_loss":0.0,"damage_taken":0.0},{"damage_healed":0,"gold_gain":0,"player_choice":"Inject Mutagens","damage_taken":0,"relics_obtained":["MutagenicStrength"],"max_hp_gain":0,"max_hp_loss":0,"event_name":"Drug Dealer","floor":19,"gold_loss":0},{"damage_healed":0,"gold_gain":0,"player_choice":"Obtained Relic","damage_taken":0,"relics_obtained":["Potion Belt"],"max_hp_gain":0,"max_hp_loss":0,"event_name":"Addict","floor":20,"gold_loss":85},{"damage_healed":0,"gold_gain":75,"player_choice":"Touch","damage_taken":7,"max_hp_gain":0,"max_hp_loss":0,"event_name":"FaceTrader","floor":22,"gold_loss":0},{"damage_healed":0,"gold_gain":0,"player_choice":"Ignored","damage_taken":0,"max_hp_gain":0,"max_hp_loss":0,"event_name":"SecretPortal","floor":36,"gold_loss":0},{"damage_healed":0,"gold_gain":100,"player_choice":"Pray","damage_taken":0,"max_hp_gain":0,"max_hp_loss":0,"event_name":"Golden Shrine","floor":39,"gold_loss":0}],"is_beta":false,"boss_relics":[{"not_picked":["Runic Cube","Snecko Eye"],"picked":"Pandora\u0027s Box"},{"not_picked":["Astrolabe","Sozu"],"picked":"Black Blood"}],"items_purged_floors":[14],"is_endless":false,"potions_floor_spawned":[1,7,8,11,16,18,23,27,30,31],"killed_by":"Giant Head","ascension_level":11}