{"gold_per_floor":[115,128,146,47,47,47,80,80,105,119,135,163,175,204,204,302,302,315,335,285,285,296,324,337,365,365,64,74,74,94,104,104,209,209,226,242,242,242,25,25,44,44,44,72,72,22,41,61,61,61],"floor_reached":51,"playtime":3314,"items_purged":["Strike_R","Strike_R","Strike_R","Strike_R"],"score":1262,"play_id":"8b2ba2c2-e91d-4dda-9e28-0dd8df2fc224","local_time":"20190503104401","is_ascension_mode":true,"campfire_choices":[{"data":"Searing Blow","floor":6,"key":"SMITH"},{"data":"Uppercut","floor":8,"key":"SMITH"},{"data":"Searing Blow+1","floor":15,"key":"SMITH"},{"data":"Searing Blow+3","floor":29,"key":"SMITH"},{"data":"Searing Blow+4","floor":32,"key":"SMITH"},{"data":"Searing Blow+5","floor":40,"key":"SMITH"},{"data":"Searing Blow+6","floor":42,"key":"SMITH"},{"data":"Searing Blow+7","floor":45,"key":"SMITH"},{"floor":49,"key":"REST"}],"neow_cost":"PERCENT_DAMAGE","seed_source_timestamp":1279018676830307,"circlet_count":0,"master_deck":["AscendersBane","Strike_R+1","Defend_R+1","Defend_R+1","Defend_R","Defend_R+1","Bash","Fire Breathing","Searing Blow+8","Iron Wave","Metallicize","Uppercut+1","Rage","Body Slam","Cleave","Cleave","Headbutt","Pommel Strike+1","Barricade","Rampage+1","Pommel Strike+1","Carnage+1","Dual Wield+1","Impervious","Mayhem","Warcry+1"],"relics":["Burning Blood","War Paint","PreservedInsect","Anchor","Smiling Mask","Snecko Eye","Pear","Mango","Ornamental Fan","Gremlin Horn","Busted Crown","Shovel","Strawberry"],"potions_floor_usage":[7,7,12,16,16,19,23,25,31,33,47,48,50],"damage_taken":[{"damage":10,"enemies":"Small Slimes","floor":1,"turns":5},{"damage":4,"enemies":"2 Louse","floor":2,"turns":3},{"damage":1,"enemies":"Cultist","floor":3,"turns":4},{"damage":24,"enemies":"Lagavulin","floor":7,"turns":7},{"damage":5,"enemies":"Red Slaver","floor":10,"turns":2},{"damage":1,"enemies":"Blue Slaver","floor":11,"turns":4},{"damage":5,"enemies":"Gremlin Nob","floor":12,"turns":3},{"damage":0,"enemies":"Exordium Wildlife","floor":13,"turns":4},{"damage":10,"enemies":"Lagavulin","floor":14,"turns":6},{"damage":23,"enemies":"The Guardian","floor":16,"turns":12},{"damage":12,"enemies":"3 Byrds","floor":18,"turns":5},{"damage":7,"enemies":"Spheric Guardian","floor":19,"turns":4},{"damage":13,"enemies":"Snecko","floor":22,"turns":3},{"damage":0,"enemies":"Slavers","floor":23,"turns":3},{"damage":0,"enemies":"Chosen and Byrds","floor":24,"turns":4},{"damage":18,"enemies":"Gremlin Leader","floor":25,"turns":6},{"damage":10,"enemies":"Snake Plant","floor":28,"turns":2},{"damage":0,"enemies":"Shelled Parasite and Fungi","floor":30,"turns":3},{"damage":6,"enemies":"3 Cultists","floor":31,"turns":3},{"damage":54,"enemies":"Automaton","floor":33,"turns":8},{"damage":29,"enemies":"3 Darklings","floor":35,"turns":3},{"damage":0,"enemies":"3 Shapes","floor":36,"turns":2},{"damage":0,"enemies":"Transient","floor":41,"turns":5},{"damage":0,"enemies":"Giant Head","floor":44,"turns":4},{"damage":16,"enemies":"Spire Growth","floor":47,"turns":4},{"damage":29,"enemies":"4 Shapes","floor":48,"turns":5},{"damage":26,"enemies":"Donu and Deca","floor":50,"turns":8}],"seed_played":"-6724987512515241386","potions_obtained":[{"floor":1,"key":"SpeedPotion"},{"floor":2,"key":"GamblersBrew"},{"floor":7,"key":"LiquidBronze"},{"floor":14,"key":"EntropicBrew"},{"floor":16,"key":"Dexterity Potion"},{"floor":22,"key":"Ancient Potion"},{"floor":24,"key":"Block Potion"},{"floor":25,"key":"SkillPotion"},{"floor":31,"key":"Fire Potion"},{"floor":35,"key":"Fire Potion"},{"floor":36,"key":"Swift Potion"},{"floor":47,"key":"Strength Potion"}],"is_trial":false,"path_per_floor":["M","M","M","$","?","R","E","R","T","M","M","E","M","E","R","B",null,"M","M","$","?","M","E","M","E","T","$","M","R","M","M","R","B",null,"M","M","?","?","$","R","M","R","T","E","R","$","M","M","R","B",null],"character_chosen":"IRONCLAD","items_purchased":["Iron Wave","Metallicize","Gremlin Horn","Mayhem"],"campfire_rested":1,"item_purchase_floors":[4,4,27,39],"current_hp_per_floor":[63,65,70,70,51,51,33,33,33,34,39,40,46,42,42,25,78,72,71,71,71,64,80,86,88,88,88,84,84,90,90,90,42,101,78,84,84,84,84,84,90,90,90,103,103,103,93,70,106,86],"gold":61,"neow_bonus":"TWENTY_PERCENT_HP_BONUS","is_prod":false,"is_daily":false,"chose_seed":false,"campfire_upgraded":8,"win_rate":0,"timestamp":1556891041,"path_taken":["M","M","M","$","?","R","E","R","T","M","M","E","M","E","R","BOSS","M","M","$","?","?","E","M","E","T","$","M","R","M","M","R","BOSS","M","M","?","?","?","R","M","R","T","E","R","?","M","?","R","BOSS"],"build_version":"2019-01-23","purchased_purges":4,"victory":true,"max_hp_per_floor":[96,96,96,96,96,96,96,96,96,96,96,96,96,96,96,96,96,96,96,96,96,96,106,106,120,120,120,120,120,120,120,120,120,120,120,120,120,114,114,114,114,114,114,121,121,121,121,121,121,121],"card_choices":[{"not_picked":["True Grit","Dual Wield"],"picked":"Fire Breathing","floor":1},{"not_picked":["Headbutt","True Grit"],"picked":"Searing Blow","floor":2},{"not_picked":["Wild Strike","Perfected Strike","Flex"],"picked":"SKIP","floor":3},{"not_picked":["Barricade","Searing Blow"],"picked":"Uppercut","floor":7},{"not_picked":["Wild Strike","Corruption","Clothesline"],"picked":"SKIP","floor":10},{"not_picked":["Body Slam","Clothesline"],"picked":"Rage","floor":11},{"not_picked":["Heavy Blade","Clash"],"picked":"Body Slam","floor":12},{"not_picked":["Clothesline","Dual Wield"],"picked":"Cleave","floor":13},{"not_picked":["Power Through","Flex"],"picked":"Cleave","floor":14},{"not_picked":["Wild Strike+1","Flex+1","Thunderclap"],"picked":"SKIP","floor":18},{"not_picked":["Twin Strike","Thunderclap"],"picked":"Headbutt","floor":19},{"not_picked":["Wild Strike+1","Flex+1"],"picked":"Pommel Strike+1","floor":22},{"not_picked":["Clash","Cleave"],"picked":"Barricade","floor":23},{"not_picked":["Clash+1","Wild Strike+1"],"picked":"Rampage+1","floor":24},{"not_picked":["Twin Strike","Battle Trance"],"picked":"Pommel Strike+1","floor":25},{"not_picked":["Seeing Red","Clash"],"picked":"Carnage+1","floor":28},{"not_picked":["Clash","Feel No Pain","Whirlwind+1"],"picked":"SKIP","floor":30},{"not_picked":["Clash","Feel No Pain","Whirlwind+1"],"picked":"SKIP","floor":30},{"not_picked":["Clash","Feel No Pain","Whirlwind+1"],"picked":"SKIP","floor":30},{"not_picked":["Brutality","Armaments"],"picked":"Dual Wield+1","floor":31},{"not_picked":["Berserk","Double Tap"],"picked":"Impervious","floor":33},{"not_picked":["Havoc"],"picked":"SKIP","floor":35},{"not_picked":["Searing Blow+1"],"picked":"SKIP","floor":36},{"not_picked":[],"picked":"Warcry+1","floor":41},{"not_picked":["Sentinel+1"],"picked":"SKIP","floor":44},{"not_picked":["True Grit"],"picked":"SKIP","floor":47},{"not_picked":["Cleave+1"],"picked":"SKIP","floor":48}],"player_experience":681008,"relics_obtained":[{"floor":7,"key":"War Paint"},{"floor":9,"key":"PreservedInsect"},{"floor":12,"key":"Anchor"},{"floor":14,"key":"Smiling Mask"},{"floor":23,"key":"Pear"},{"floor":25,"key":"Mango"},{"floor":26,"key":"Ornamental Fan"},{"floor":43,"key":"Shovel"},{"floor":44,"key":"Strawberry"}],"event_choices":[{"damage_healed":0,"gold_gain":0,"player_choice":"Entered Light","damage_taken":19,"max_hp_gain":0,"max_hp_loss":0,"event_name":"Shining Light","floor":5,"gold_loss":0,"cards_upgraded":["Defend_R","Strike_R"]},{"damage_healed":0,"gold_gain":0,"player_choice":"Upgraded","damage_taken":0,"max_hp_gain":0,"max_hp_loss":0,"event_name":"Upgrade Shrine","floor":21,"gold_loss":0,"cards_upgraded":["Searing Blow"]},{"damage_healed":0,"gold_gain":0,"player_choice":"Memory 1","damage_taken":0,"max_hp_gain":0,"max_hp_loss":0,"event_name":"SensoryStone","floor":37,"gold_loss":0},{"damage_healed":0,"gold_gain":0,"player_choice":"Max HP","damage_taken":0,"max_hp_gain":0,"max_hp_loss":6,"event_name":"Winding Halls","floor":38,"gold_loss":0}],"is_beta":false,"boss_relics":[{"not_picked":["Sozu","White Beast Statue"],"picked":"Snecko Eye"},{"not_picked":["Mark of Pain","Orrery"],"picked":"Busted Crown"}],"items_purged_floors":[20,27,39,46],"is_endless":false,"potions_floor_spawned":[1,2,7,14,16,22,24,25,28,31,35,36,47],"ascension_level":11}