{"gold_per_floor":[116,127,52,52,52,52,64,46,46,76,94,94,119,194,194,194],"floor_reached":16,"playtime":814,"items_purged":["Strike_R"],"score":198,"play_id":"535cb05d-7635-4f1d-a39a-571a6d93d8fc","local_time":"20190519173956","is_ascension_mode":true,"campfire_choices":[{"data":"Warcry","floor":6,"key":"SMITH"},{"data":"Rage","floor":12,"key":"SMITH"},{"floor":15,"key":"REST"}],"neow_cost":"NONE","seed_source_timestamp":122165438212439,"circlet_count":0,"master_deck":["AscendersBane","Strike_R","Strike_R","Strike_R","Strike_R","Defend_R","Defend_R","Defend_R","Defend_R","Bash","Shockwave+1","Warcry+1","Pommel Strike","Flex","Rage+1","True Grit","Evolve"],"relics":["Burning Blood","Oddly Smooth Stone","Anchor","Self Forming Clay","Boot"],"potions_floor_usage":[10,16,16],"damage_taken":[{"damage":14,"enemies":"Small Slimes","floor":1,"turns":4},{"damage":0,"enemies":"Jaw Worm","floor":2,"turns":5},{"damage":4,"enemies":"2 Louse","floor":7,"turns":4},{"damage":5,"enemies":"Exordium Thugs","floor":8,"turns":4},{"damage":34,"enemies":"3 Sentries","floor":10,"turns":11},{"damage":5,"enemies":"2 Fungi Beasts","floor":11,"turns":4},{"damage":12,"enemies":"Gremlin Nob","floor":13,"turns":4},{"damage":63,"enemies":"Hexaghost","floor":16,"turns":12}],"seed_played":"-7980489903228215411","potions_obtained":[{"floor":8,"key":"Poison Potion"},{"floor":11,"key":"Regen Potion"},{"floor":13,"key":"EssenceOfSteel"}],"is_trial":false,"path_per_floor":["M","M","$","?","?","R","M","M","T","E","M","R","E","?","R","B"],"character_chosen":"IRONCLAD","items_purchased":[],"campfire_rested":1,"item_purchase_floors":[],"current_hp_per_floor":[60,66,66,66,66,66,68,69,69,41,42,42,36,25,47,0],"gold":194,"neow_bonus":"RANDOM_COMMON_RELIC","is_prod":false,"is_daily":false,"chose_seed":false,"campfire_upgraded":2,"win_rate":0,"timestamp":1558298396,"path_taken":["M","M","$","?","?","R","?","M","T","E","M","R","E","?","R","BOSS"],"build_version":"2019-01-23","purchased_purges":1,"victory":false,"max_hp_per_floor":[75,75,75,75,75,75,75,75,75,75,75,75,75,75,75,75],"card_choices":[{"not_picked":["True Grit","Cleave"],"picked":"Shockwave","floor":1},{"not_picked":["Rupture","Clash"],"picked":"Warcry","floor":2},{"not_picked":["Disarm","Blood for Blood"],"picked":"Pommel Strike","floor":7},{"not_picked":["Dropkick","Body Slam"],"picked":"Flex","floor":8},{"not_picked":["Reckless Charge","Carnage"],"picked":"Rage","floor":10},{"not_picked":["Havoc","Pommel Strike"],"picked":"True Grit","floor":11},{"not_picked":["Flame Barrier","Pommel Strike"],"picked":"Evolve","floor":13}],"player_experience":764268,"relics_obtained":[{"floor":9,"key":"Anchor"},{"floor":10,"key":"Self Forming Clay"},{"floor":13,"key":"Boot"}],"event_choices":[{"damage_healed":0,"gold_gain":0,"player_choice":"Leave","damage_taken":0,"max_hp_gain":0,"max_hp_loss":0,"event_name":"The Cleric","floor":4,"gold_loss":0},{"damage_healed":0,"gold_gain":0,"player_choice":"Grow","damage_taken":0,"max_hp_gain":0,"max_hp_loss":0,"event_name":"Living Wall","floor":5,"gold_loss":0,"cards_upgraded":["Shockwave"]},{"damage_healed":0,"gold_gain":75,"player_choice":"Gather Gold","damage_taken":11,"max_hp_gain":0,"max_hp_loss":0,"event_name":"World of Goop","floor":14,"gold_loss":0}],"is_beta":false,"boss_relics":[],"items_purged_floors":[3],"is_endless":false,"potions_floor_spawned":[8,11,13],"killed_by":"Hexaghost","ascension_level":16}