{"gold_per_floor":[16,16,26,41,41,66,66,80,104,104,130,141,141,154,154,250,250,265,265,265,18,18,18,50,66,66,85,85],"floor_reached":28,"playtime":1321,"items_purged":["Defend_B"],"score":273,"play_id":"09e31f8a-e1f7-4f5a-918f-be54f045adde","local_time":"20190531093613","is_ascension_mode":true,"campfire_choices":[{"data":"Consume","floor":7,"key":"SMITH"},{"data":"Zap","floor":10,"key":"SMITH"},{"floor":13,"key":"REST"},{"data":"Beam Cell","floor":15,"key":"SMITH"},{"data":"Hologram","floor":23,"key":"SMITH"}],"neow_cost":"NO_GOLD","seed_source_timestamp":1129426967075897,"circlet_count":0,"master_deck":["Strike_B","Strike_B","Strike_B","Strike_B","Defend_B","Defend_B","Defend_B","Zap+1","Dualcast","Consume+1","Conserve Battery","Gash","Sweeping Beam","Conserve Battery","Hologram+1","Beam Cell+1","Echo Form","Compile Driver","Gash","Echo Form","Cold Snap","Capacitor"],"relics":["Cracked Core","Nunchaku","Anchor","Bag of Preparation","Lantern","Eternal Feather","Membership Card","MutagenicStrength","Potion Belt","Bronze Scales"],"potions_floor_usage":[14,16,24,28],"damage_taken":[{"damage":12,"enemies":"Small Slimes","floor":1,"turns":4},{"damage":0,"enemies":"Cultist","floor":3,"turns":3},{"damage":5,"enemies":"2 Louse","floor":4,"turns":3},{"damage":32,"enemies":"Lagavulin","floor":6,"turns":7},{"damage":3,"enemies":"Blue Slaver","floor":8,"turns":3},{"damage":17,"enemies":"3 Sentries","floor":11,"turns":7},{"damage":7,"enemies":"Large Slime","floor":12,"turns":5},{"damage":0,"enemies":"Exordium Wildlife","floor":14,"turns":4},{"damage":31,"enemies":"The Guardian","floor":16,"turns":11},{"damage":15,"enemies":"Shell Parasite","floor":18,"turns":5},{"damage":18,"enemies":"Slavers","floor":24,"turns":4},{"damage":0,"enemies":"Spheric Guardian","floor":25,"turns":3},{"damage":18,"enemies":"3 Cultists","floor":27,"turns":5},{"damage":21,"enemies":"Book of Stabbing","floor":28,"turns":5}],"seed_played":"5209618864502869251","potions_obtained":[{"floor":4,"key":"FearPotion"},{"floor":8,"key":"Block Potion"},{"floor":11,"key":"Swift Potion"},{"floor":18,"key":"LiquidBronze"},{"floor":25,"key":"FearPotion"}],"is_trial":false,"path_per_floor":["M","?","M","M","$","E","R","M","T","R","E","M","R","M","R","B",null,"M","?","?","$","?","R","E","M","T","M","E"],"character_chosen":"DEFECT","items_purchased":["Membership Card"],"campfire_rested":1,"item_purchase_floors":[21],"current_hp_per_floor":[63,75,75,70,70,38,38,35,35,35,18,11,33,33,33,2,75,60,60,46,46,46,55,37,37,37,19,0],"gold":85,"neow_bonus":"ONE_RARE_RELIC","is_prod":false,"is_daily":false,"chose_seed":false,"campfire_upgraded":4,"win_rate":0,"timestamp":1559306173,"path_taken":["M","?","M","?","$","E","R","M","T","R","E","M","R","M","R","BOSS","M","?","?","$","?","R","E","M","T","M","E"],"build_version":"2019-01-23","purchased_purges":1,"victory":false,"max_hp_per_floor":[75,75,75,75,75,75,75,75,75,75,75,75,75,75,75,75,75,75,75,80,80,80,80,80,80,80,80,80],"card_choices":[{"not_picked":["Turbo","Loop"],"picked":"Consume","floor":1},{"not_picked":["Steam","Barrage","All For One"],"picked":"SKIP","floor":3},{"not_picked":["Coolheaded","Barrage"],"picked":"Conserve Battery","floor":4},{"not_picked":["Biased Cognition","Amplify"],"picked":"Gash","floor":6},{"not_picked":["BootSequence","Steam"],"picked":"Sweeping Beam","floor":8},{"not_picked":["Hologram","Cold Snap"],"picked":"Conserve Battery","floor":11},{"not_picked":["Leap","Recycle"],"picked":"Hologram","floor":12},{"not_picked":["Heatsinks","Loop"],"picked":"Beam Cell","floor":14},{"not_picked":["Thunder Strike","Fission"],"picked":"Echo Form","floor":16},{"not_picked":["Beam Cell","Aggregate+1"],"picked":"Compile Driver","floor":18},{"not_picked":["Streamline","Steam Power"],"picked":"Echo Form","floor":24},{"not_picked":["Rebound","Genetic Algorithm+1"],"picked":"Cold Snap","floor":25},{"not_picked":["Sweeping Beam","Gash+1"],"picked":"Capacitor","floor":27}],"player_experience":832272,"relics_obtained":[{"floor":6,"key":"Anchor"},{"floor":9,"key":"Bag of Preparation"},{"floor":11,"key":"Lantern"},{"floor":24,"key":"Potion Belt"},{"floor":26,"key":"Bronze Scales"}],"event_choices":[{"damage_healed":12,"gold_gain":0,"player_choice":"Full Heal","damage_taken":0,"max_hp_gain":0,"max_hp_loss":0,"event_name":"Wheel of Change","floor":2,"gold_loss":0},{"damage_healed":0,"gold_gain":0,"player_choice":"Read","damage_taken":0,"max_hp_gain":0,"max_hp_loss":0,"event_name":"The Library","floor":19,"gold_loss":0,"cards_obtained":["Gash"]},{"damage_healed":0,"gold_gain":0,"player_choice":"Shed Blood","damage_taken":19,"max_hp_gain":5,"max_hp_loss":0,"event_name":"Forgotten Altar","floor":20,"gold_loss":0},{"damage_healed":0,"gold_gain":0,"player_choice":"Inject Mutagens","damage_taken":0,"relics_obtained":["MutagenicStrength"],"max_hp_gain":0,"max_hp_loss":0,"event_name":"Drug Dealer","floor":22,"gold_loss":0}],"is_beta":false,"boss_relics":[{"not_picked":["Velvet Choker","Runic Pyramid"],"picked":"Eternal Feather"}],"items_purged_floors":[21],"is_endless":false,"potions_floor_spawned":[4,8,11,18,25],"killed_by":"Book of Stabbing","ascension_level":2}