{"gold_per_floor":[116,32,47,60,70,70,101,101,128,160,184,196,208,263,275,377,389,424,456,468],"floor_reached":20,"playtime":901,"items_purged":[],"score":388,"play_id":"ae1cec19-9ac6-4e03-8da6-8b769b1fa842","local_time":"20190609235138","is_ascension_mode":true,"campfire_choices":[{"data":"Doom and Gloom","floor":6,"key":"SMITH"},{"data":"Zap","floor":8,"key":"SMITH"},{"floor":12,"key":"REST"},{"data":"Consume","floor":15,"key":"SMITH"}],"neow_cost":"NONE","seed_source_timestamp":41272792877400,"circlet_count":0,"master_deck":["AscendersBane","Strike_B","Strike_B","Strike_B","Strike_B","Defend_B+1","Defend_B","Defend_B","Defend_B","Zap+1","Dualcast","Glacier","Doom and Gloom+1","Genetic Algorithm+1","Consume+1","Echo Form","Electrodynamics","Conserve Battery+1"],"relics":["Cracked Core","Ancient Tea Set","Art of War","War Paint","MawBank","Golden Idol","Bag of Marbles","Inserter"],"potions_floor_usage":[7,10,16,20],"damage_taken":[{"damage":7,"enemies":"2 Louse","floor":1,"turns":2},{"damage":3,"enemies":"Jaw Worm","floor":3,"turns":4},{"damage":0,"enemies":"Small Slimes","floor":4,"turns":2},{"damage":21,"enemies":"Gremlin Gang","floor":5,"turns":5},{"damage":11,"enemies":"Gremlin Nob","floor":7,"turns":3},{"damage":3,"enemies":"Lagavulin","floor":10,"turns":6},{"damage":0,"enemies":"Lots of Slimes","floor":11,"turns":1},{"damage":26,"enemies":"Gremlin Nob","floor":14,"turns":4},{"damage":27,"enemies":"The Guardian","floor":16,"turns":14},{"damage":21,"enemies":"Chosen","floor":18,"turns":7},{"damage":10,"enemies":"Shell Parasite","floor":19,"turns":8},{"damage":18,"enemies":"Snake Plant","floor":20,"turns":3}],"seed_played":"5156781230641139204","potions_obtained":[{"floor":4,"key":"Regen Potion"},{"floor":5,"key":"GamblersBrew"},{"floor":11,"key":"Dexterity Potion"},{"floor":19,"key":"Block Potion"}],"is_trial":false,"path_per_floor":["M","$","M","M","M","R","E","R","T","E","M","R","?","E","R","B",null,"M","M","M"],"character_chosen":"DEFECT","items_purchased":["Doom and Gloom"],"campfire_rested":1,"item_purchase_floors":[2],"current_hp_per_floor":[57,57,54,54,33,33,22,22,22,34,34,55,55,29,29,2,49,28,18,0],"gold":468,"neow_bonus":"RANDOM_COMMON_RELIC","is_prod":false,"is_daily":false,"chose_seed":false,"campfire_upgraded":3,"win_rate":0,"timestamp":1560117098,"path_taken":["M","$","M","M","M","R","E","R","T","E","M","R","?","E","R","BOSS","M","M","M"],"build_version":"2019-01-23","purchased_purges":0,"victory":false,"max_hp_per_floor":[71,71,71,71,71,71,71,71,71,71,71,71,64,64,64,64,64,64,64,64],"card_choices":[{"not_picked":["Sweeping Beam","Leap"],"picked":"Glacier","floor":1},{"not_picked":["Leap","Gash","Coolheaded"],"picked":"SKIP","floor":3},{"not_picked":["Force Field","Lockon","Sweeping Beam"],"picked":"SKIP","floor":4},{"not_picked":["Chaos","Conserve Battery"],"picked":"Genetic Algorithm","floor":5},{"not_picked":["Stack","Turbo","Rebound"],"picked":"SKIP","floor":7},{"not_picked":["Melter","Sunder"],"picked":"Consume","floor":10},{"not_picked":["Gash","Steam","Redo"],"picked":"SKIP","floor":11},{"not_picked":["Turbo","Reprogram"],"picked":"Echo Form","floor":14},{"not_picked":["Fission","Seek"],"picked":"Electrodynamics","floor":16},{"not_picked":["Undo","Consume"],"picked":"Conserve Battery+1","floor":18},{"not_picked":["Go for the Eyes","Streamline","Cold Snap"],"picked":"SKIP","floor":19}],"player_experience":1325562,"relics_obtained":[{"floor":7,"key":"Art of War"},{"floor":9,"key":"War Paint"},{"floor":10,"key":"MawBank"},{"floor":14,"key":"Bag of Marbles"}],"event_choices":[{"damage_healed":0,"gold_gain":0,"player_choice":"Lose Max HP","damage_taken":0,"relics_obtained":["Golden Idol"],"max_hp_gain":0,"max_hp_loss":7,"event_name":"Golden Idol","floor":13,"gold_loss":0}],"is_beta":false,"boss_relics":[{"not_picked":["Philosopher\u0027s Stone","White Beast Statue"],"picked":"Inserter"}],"items_purged_floors":[],"is_endless":false,"potions_floor_spawned":[4,5,11,19],"killed_by":"Snake Plant","ascension_level":20}