{"gold_per_floor":[117,40,40,55,69,69,104,104,155,178,204,204,204,220,220,220],"floor_reached":16,"playtime":691,"items_purged":[],"score":216,"play_id":"b2052835-ef88-4ce2-b0a6-667c3bcf239f","local_time":"20190615202621","is_ascension_mode":true,"campfire_choices":[{"data":"Dagger Spray","floor":6,"key":"SMITH"},{"floor":13,"key":"REST"},{"floor":15,"key":"REST"}],"neow_cost":"NONE","seed_source_timestamp":31164867966038,"circlet_count":0,"master_deck":["AscendersBane","Defend_G","Defend_G","Defend_G","Defend_G","Defend_G","Strike_G","Strike_G","Strike_G","Strike_G","Strike_G","Survivor","Neutralize","Dagger Spray+1","Well Laid Plans","Dagger Throw","Dagger Spray","Flying Knee","Escape Plan","Footwork"],"relics":["Ring of the Snake","Smiling Mask","Dream Catcher","Odd Mushroom","Bag of Preparation"],"potions_floor_usage":[10,16],"damage_taken":[{"damage":7,"enemies":"Small Slimes","floor":1,"turns":5},{"damage":1,"enemies":"Jaw Worm","floor":4,"turns":4},{"damage":0,"enemies":"Cultist","floor":5,"turns":3},{"damage":32,"enemies":"3 Sentries","floor":7,"turns":8},{"damage":1,"enemies":"The Mushroom Lair","floor":10,"turns":4},{"damage":20,"enemies":"Gremlin Nob","floor":11,"turns":4},{"damage":13,"enemies":"Exordium Wildlife","floor":14,"turns":5},{"damage":50,"enemies":"Slime Boss","floor":16,"turns":8}],"seed_played":"-674979326170169139","potions_obtained":[{"floor":4,"key":"FearPotion"},{"floor":7,"key":"Ancient Potion"},{"floor":14,"key":"SteroidPotion"}],"is_trial":false,"path_per_floor":["M","$","?","M","M","R","E","?","T","?","E","?","R","M","R","B"],"character_chosen":"THE_SILENT","items_purchased":["Well Laid Plans"],"campfire_rested":2,"item_purchase_floors":[2],"current_hp_per_floor":[58,58,63,62,62,62,30,30,30,29,9,9,32,19,42,0],"gold":220,"neow_bonus":"TEN_PERCENT_HP_BONUS","is_prod":false,"is_daily":false,"chose_seed":false,"campfire_upgraded":1,"win_rate":0,"timestamp":1560623181,"path_taken":["M","$","?","M","M","R","E","?","T","?","E","?","R","M","R","BOSS"],"build_version":"2019-01-23","purchased_purges":0,"victory":false,"max_hp_per_floor":[72,72,77,77,77,77,77,77,77,77,77,77,77,77,77,77],"card_choices":[{"not_picked":["Deflect","Riddle With Holes"],"picked":"Dagger Spray","floor":1},{"not_picked":["Blade Dance","Flechettes"],"picked":"Dagger Throw","floor":4},{"not_picked":["Burst","Acrobatics"],"picked":"Dagger Spray","floor":5},{"not_picked":["Tactician","Slice"],"picked":"Flying Knee","floor":7},{"not_picked":["Bouncing Flask","Dagger Spray","Cloak And Dagger"],"picked":"SKIP","floor":11},{"not_picked":["Distraction","Caltrops"],"picked":"Escape Plan","floor":13},{"not_picked":["Distraction","Outmaneuver","Acrobatics"],"picked":"SKIP","floor":14},{"not_picked":["Bouncing Flask","Quick Slash"],"picked":"Footwork","floor":15}],"player_experience":1361831,"relics_obtained":[{"floor":7,"key":"Smiling Mask"},{"floor":9,"key":"Dream Catcher"},{"floor":10,"key":"Odd Mushroom"},{"floor":11,"key":"Bag of Preparation"}],"event_choices":[{"damage_healed":0,"gold_gain":0,"player_choice":"Donut","damage_taken":0,"max_hp_gain":5,"max_hp_loss":0,"event_name":"Big Fish","floor":3,"gold_loss":0},{"damage_healed":0,"gold_gain":0,"player_choice":"Ignored","damage_taken":0,"max_hp_gain":0,"max_hp_loss":0,"event_name":"Liars Game","floor":8,"gold_loss":0},{"damage_healed":0,"gold_gain":0,"player_choice":"Fought Mushrooms","damage_taken":0,"max_hp_gain":0,"max_hp_loss":0,"event_name":"Mushrooms","floor":10,"gold_loss":0},{"damage_healed":0,"gold_gain":0,"player_choice":"0 cards matched","damage_taken":0,"max_hp_gain":0,"max_hp_loss":0,"event_name":"Match and Keep!","floor":12,"gold_loss":0,"cards_obtained":[]}],"is_beta":false,"boss_relics":[],"items_purged_floors":[],"is_endless":false,"potions_floor_spawned":[4,7,14],"killed_by":"Slime Boss","ascension_level":20}