{"gold_per_floor":[114,114,130,140,27,27,62,81,81,81,28,5,15,15,15,94,94,104,154,154,154,173,173,173],"floor_reached":24,"playtime":1413,"items_purged":["Doubt"],"score":388,"play_id":"cc7a812a-ef3b-425c-812a-6500b865fd6b","local_time":"20190206183349","is_ascension_mode":true,"campfire_choices":[{"floor":6,"key":"REST"},{"floor":15,"key":"REST"},{"floor":23,"key":"REST"}],"neow_cost":"NONE","seed_source_timestamp":11395926896809,"circlet_count":0,"master_deck":["AscendersBane","Defend_G","Defend_G","Defend_G","Defend_G","Defend_G","Strike_G","Strike_G","Survivor","Neutralize","Clumsy","Dagger Throw","Terror","Sucker Punch","Well Laid Plans","Noxious Fumes","Cloak And Dagger","Dagger Spray","Backflip","Unload+1","Unload+1","Slice+1","Calculated Gamble+1","Deflect","Writhe","Sucker Punch+1"],"relics":["Calling Bell","Smiling Mask","The Courier","Calipers","FossilizedHelix","Paper Crane","Molten Egg 2","Astrolabe","Darkstone Periapt"],"potions_floor_usage":[7,16,24,24],"damage_taken":[{"damage":37,"enemies":"Jaw Worm","floor":1,"turns":10},{"damage":2,"enemies":"Small Slimes","floor":3,"turns":4},{"damage":2,"enemies":"2 Louse","floor":4,"turns":4},{"damage":18,"enemies":"Lagavulin","floor":7,"turns":7},{"damage":6,"enemies":"Exordium Wildlife","floor":8,"turns":5},{"damage":2,"enemies":"Large Slime","floor":13,"turns":7},{"damage":15,"enemies":"The Guardian","floor":16,"turns":15},{"damage":8,"enemies":"Chosen","floor":18,"turns":5},{"damage":13,"enemies":"Spheric Guardian","floor":22,"turns":6},{"damage":58,"enemies":"Gremlin Leader","floor":24,"turns":5}],"seed_played":"1929532280503059259","potions_obtained":[{"floor":1,"key":"Dexterity Potion"},{"floor":3,"key":"AttackPotion"},{"floor":8,"key":"Swift Potion"},{"floor":18,"key":"PowerPotion"},{"floor":22,"key":"LiquidBronze"}],"is_trial":false,"path_per_floor":["M","?","M","M","$","R","E","M","T","?","?","$","M","T","R","B",null,"M","?","?","T","M","R","E"],"character_chosen":"THE_SILENT","items_purchased":["Well Laid Plans","Dagger Spray"],"campfire_rested":3,"item_purchase_floors":[5,12],"current_hp_per_floor":[22,22,20,18,18,37,19,13,13,6,6,6,4,4,23,8,52,44,44,50,50,37,58,0],"gold":173,"neow_bonus":"BOSS_RELIC","is_prod":false,"is_daily":false,"chose_seed":false,"campfire_upgraded":0,"win_rate":0,"timestamp":1549474429,"path_taken":["M","?","M","M","$","R","E","M","T","?","?","$","M","?","R","BOSS","M","?","?","?","M","R","E"],"build_version":"2019-01-23","purchased_purges":1,"victory":false,"max_hp_per_floor":[66,66,66,66,66,66,66,66,66,66,66,66,66,66,66,66,66,66,66,72,72,72,72,72],"card_choices":[{"not_picked":["Quick Slash","Sucker Punch"],"picked":"Dagger Throw","floor":1},{"not_picked":["Backflip","Bane"],"picked":"Terror","floor":3},{"not_picked":["Dodge and Roll","Bouncing Flask"],"picked":"Sucker Punch","floor":4},{"not_picked":["Finisher","Skewer"],"picked":"Noxious Fumes","floor":7},{"not_picked":["Well Laid Plans","Accuracy"],"picked":"Cloak And Dagger","floor":8},{"not_picked":["Poisoned Stab","Quick Slash"],"picked":"Backflip","floor":13},{"not_picked":["Storm of Steel","Tools of the Trade"],"picked":"Unload+1","floor":16},{"not_picked":["Eviscerate+1","Distraction"],"picked":"Deflect","floor":18},{"not_picked":["Bane+1","Prepared"],"picked":"Sucker Punch+1","floor":22}],"player_experience":902338,"relics_obtained":[{"floor":0,"key":"Smiling Mask"},{"floor":0,"key":"The Courier"},{"floor":0,"key":"Calipers"},{"floor":7,"key":"FossilizedHelix"},{"floor":9,"key":"Paper Crane"},{"floor":14,"key":"Molten Egg 2"}],"event_choices":[{"damage_healed":0,"gold_gain":0,"player_choice":"Ignored","damage_taken":0,"max_hp_gain":0,"max_hp_loss":0,"event_name":"Liars Game","floor":2,"gold_loss":0},{"cards_removed":["Injury"],"damage_healed":0,"gold_gain":0,"player_choice":"Card Removal","damage_taken":7,"max_hp_gain":0,"max_hp_loss":0,"event_name":"Golden Wing","floor":10,"gold_loss":0},{"damage_healed":0,"gold_gain":0,"player_choice":"Left Gold","damage_taken":0,"max_hp_gain":0,"max_hp_loss":0,"event_name":"World of Goop","floor":11,"gold_loss":53},{"damage_healed":0,"gold_gain":50,"player_choice":"Stole From Cult","damage_taken":0,"max_hp_gain":0,"max_hp_loss":0,"event_name":"Nest","floor":19,"gold_loss":0},{"damage_healed":0,"gold_gain":0,"player_choice":"Opened","damage_taken":0,"relics_obtained":["Darkstone Periapt"],"max_hp_gain":0,"max_hp_loss":0,"event_name":"The Mausoleum","floor":20,"gold_loss":0,"cards_obtained":["Writhe"]}],"is_beta":false,"boss_relics":[{"not_picked":["Eternal Feather","Coffee Dripper"],"picked":"Astrolabe"}],"items_purged_floors":[5],"is_endless":false,"potions_floor_spawned":[1,3,8,18,22],"killed_by":"Gremlin Leader","ascension_level":20}