{"gold_per_floor":[212,212,224,224,242,242,88,88,111,111,126,126,126,160,160,260,260,278,298,298,315,97,97,109,122,122,122,122,122,122,139,139,238,238,253,253,253,57,68,68,84,96,96,96,107,126,126,126,126,126],"floor_reached":51,"playtime":3897,"items_purged":["Strike_B"],"score":722,"play_id":"c59d0203-e813-4584-a703-a2e97f69b087","local_time":"20181015140339","is_ascension_mode":false,"campfire_choices":[{"data":"Fusion","floor":6,"key":"SMITH"},{"data":"Defragment","floor":8,"key":"SMITH"},{"data":"Zap","floor":10,"key":"SMITH"},{"data":"Dualcast","floor":12,"key":"SMITH"},{"data":"Cold Snap","floor":15,"key":"SMITH"},{"floor":23,"key":"REST"},{"data":"Consume","floor":27,"key":"SMITH"},{"data":"Loop","floor":30,"key":"SMITH"},{"floor":32,"key":"REST"},{"data":"Redo","floor":40,"key":"SMITH"},{"floor":44,"key":"REST"},{"floor":49,"key":"REST"}],"neow_cost":"NONE","seed_source_timestamp":258006000722994,"circlet_count":0,"master_deck":["Strike_B","Defend_B","Defend_B","Defend_B","Zap+1","Dualcast+1","Chill","Cold Snap+1","Fusion+1","Defragment+1","Sweeping Beam","Seek","Darkness","Genetic Algorithm","RitualDagger","Loop+1","Capacitor","Consume+1","Redo+1","Machine Learning","Rebound+1","Reinforced Body"],"relics":["Cracked Core","Blood Vial","Oddly Smooth Stone","Anchor","Black Star","Bronze Scales","Kunai","MutagenicStrength","Empty Cage","Dead Branch","Lee\u0027s Waffle","Bottled Flame","Juzu Bracelet"],"potions_floor_usage":[14,18,18,21,33,35,39,50,50],"damage_taken":[{"damage":0,"enemies":"2 Louse","floor":1,"turns":3},{"damage":0,"enemies":"Cultist","floor":3,"turns":4},{"damage":0,"enemies":"Small Slimes","floor":5,"turns":3},{"damage":9,"enemies":"Exordium Wildlife","floor":11,"turns":5},{"damage":0,"enemies":"Lagavulin","floor":14,"turns":6},{"damage":1,"enemies":"The Guardian","floor":16,"turns":13},{"damage":0,"enemies":"2 Thieves","floor":18,"turns":4},{"damage":0,"enemies":"Shell Parasite","floor":19,"turns":5},{"damage":22,"enemies":"Snake Plant","floor":21,"turns":5},{"damage":7,"enemies":"Cultist and Chosen","floor":24,"turns":7},{"damage":16,"enemies":"3 Cultists","floor":25,"turns":6},{"damage":10,"enemies":"Snake Plant","floor":31,"turns":4},{"damage":31,"enemies":"Automaton","floor":33,"turns":9},{"damage":11,"enemies":"3 Shapes","floor":35,"turns":4},{"damage":29,"enemies":"Mind Bloom Boss Battle","floor":36,"turns":7},{"damage":9,"enemies":"3 Darklings","floor":39,"turns":7},{"damage":4,"enemies":"Sphere and 2 Shapes","floor":41,"turns":4},{"damage":38,"enemies":"Spire Growth","floor":42,"turns":7},{"damage":3,"enemies":"4 Shapes","floor":45,"turns":5},{"damage":5,"enemies":"Transient","floor":46,"turns":5},{"damage":73,"enemies":"Awakened One","floor":50,"turns":17}],"seed_played":"-1812419126179988314","potions_obtained":[{"floor":5,"key":"Block Potion"},{"floor":16,"key":"EntropicBrew"},{"floor":18,"key":"FearPotion"},{"floor":25,"key":"AttackPotion"},{"floor":31,"key":"EssenceOfSteel"},{"floor":36,"key":"SkillPotion"},{"floor":42,"key":"GamblersBrew"},{"floor":46,"key":"AttackPotion"}],"is_trial":false,"path_per_floor":["M","?","M","?","M","R","$","R","T","R","M","R","?","E","R","B",null,"M","M","?","M","$","R","M","M","T","R","?","?","R","M","R","B",null,"M","?","?","$","M","R","M","M","T","R","M","M","T","?","R","B"],"character_chosen":"DEFECT","items_purchased":["Defragment","Bronze Scales","Capacitor","Lee\u0027s Waffle"],"campfire_rested":4,"item_purchase_floors":[7,22,22,38],"current_hp_per_floor":[75,75,75,75,75,75,75,75,75,75,66,66,59,61,61,62,75,75,75,69,49,49,71,66,52,52,52,52,52,52,44,66,37,75,64,37,37,82,73,73,71,35,35,59,58,55,55,55,78,5],"gold":126,"neow_bonus":"HUNDRED_GOLD","is_prod":false,"is_daily":false,"chose_seed":false,"campfire_upgraded":8,"win_rate":0,"timestamp":1539623019,"path_taken":["M","?","M","?","?","R","$","R","T","R","M","R","?","E","R","BOSS","M","M","?","M","$","R","M","M","T","R","?","?","R","M","R","BOSS","M","?","?","$","M","R","?","M","T","R","M","M","?","?","R","BOSS"],"build_version":"2018-10-11","purchased_purges":1,"victory":true,"max_hp_per_floor":[75,75,75,75,75,75,75,75,75,75,75,75,75,75,75,75,75,75,75,75,75,75,75,75,75,75,75,75,75,75,75,75,75,75,75,75,75,82,82,82,82,82,82,82,82,82,82,78,78,78],"card_choices":[{"not_picked":["Ball Lightning","Sunder"],"picked":"Chill","floor":1},{"not_picked":["Go for the Eyes","Stack"],"picked":"Cold Snap","floor":3},{"not_picked":["Ball Lightning","Storm"],"picked":"Fusion","floor":5},{"not_picked":["Lockon","Barrage"],"picked":"Sweeping Beam","floor":11},{"not_picked":["Glacier","Fusion","Conserve Battery"],"picked":"SKIP","floor":14},{"not_picked":["Rainbow","Fission"],"picked":"Seek","floor":16},{"not_picked":["Sweeping Beam","Stack"],"picked":"Darkness","floor":18},{"not_picked":["Conserve Battery+1","Go for the Eyes+1"],"picked":"Genetic Algorithm","floor":19},{"not_picked":["Steam","Reinforced Body"],"picked":"Loop","floor":21},{"not_picked":["Stack","Steam","Conserve Battery"],"picked":"SKIP","floor":24},{"not_picked":["Gash","Conserve Battery"],"picked":"Consume","floor":25},{"not_picked":["Cold Snap","Streamline"],"picked":"Redo","floor":31},{"not_picked":["Meteor Strike","Rainbow"],"picked":"Machine Learning","floor":33},{"not_picked":["BootSequence+1","Cold Snap"],"picked":"Rebound+1","floor":35},{"not_picked":["Streamline","Rebound","Redo+1"],"picked":"SKIP","floor":39},{"not_picked":["Steam+1","Compile Driver+1","Chaos"],"picked":"SKIP","floor":41},{"not_picked":["Cold Snap+1","Turbo+1"],"picked":"Reinforced Body","floor":42},{"not_picked":["Gash","Leap","Compile Driver+1"],"picked":"SKIP","floor":45},{"not_picked":["Steam+1","Streamline","Reinforced Body"],"picked":"SKIP","floor":46}],"player_experience":320578,"relics_obtained":[{"floor":9,"key":"Blood Vial"},{"floor":14,"key":"Anchor"},{"floor":26,"key":"Kunai"},{"floor":36,"key":"Dead Branch"},{"floor":43,"key":"Bottled Flame"},{"floor":47,"key":"Juzu Bracelet"}],"event_choices":[{"event_name":"Bonfire Elementals","player_choice":"BASIC","floor":2,"damage_taken":0},{"event_name":"Liars Game","player_choice":"disagreed","floor":4,"damage_taken":0},{"event_name":"Scrap Ooze","player_choice":"success","floor":13,"damage_taken":7},{"event_name":"Nest","player_choice":"Joined the Cult","floor":20,"damage_taken":0},{"event_name":"Drug Dealer","player_choice":"Inject Mutagens","floor":28,"damage_taken":0},{"event_name":"The Woman in Blue","player_choice":"Bought 0 Potions","floor":29,"damage_taken":0},{"event_name":"MindBloom","player_choice":"Fight","floor":36,"damage_taken":0},{"event_name":"SensoryStone","player_choice":"Memory 1","floor":37,"damage_taken":0},{"event_name":"Winding Halls","player_choice":"Max HP","floor":48,"damage_taken":0}],"is_beta":false,"boss_relics":[{"not_picked":["Snecko Eye","Astrolabe"],"picked":"Black Star"},{"not_picked":["FrozenCore","Busted Crown"],"picked":"Empty Cage"}],"items_purged_floors":[7],"is_endless":false,"potions_floor_spawned":[5,16,18,25,31,36,42,46],"ascension_level":0}