{"gold_per_floor":[109,119,134,209,223,223,30,42,42,55,65,65,93,3,3,107,107,119,218,218,82,82,82,113,113,136,191,201,201,201,226,226,327,327,345,360,360,320,331,331,331,365,365,365,385,385,173,173,173,173],"floor_reached":50,"playtime":2678,"items_purged":["Defend_R","Defend_R","Strike_R"],"score":691,"play_id":"bc04ae37-498c-4328-81e7-d2cd69e1fe8b","local_time":"20190205115442","is_ascension_mode":true,"campfire_choices":[{"data":"Inflame","floor":6,"key":"SMITH"},{"data":"Inflame","floor":12,"key":"SMITH"},{"data":"Blind","floor":15,"key":"SMITH"},{"data":"Rage","floor":23,"key":"SMITH"},{"floor":25,"key":"REST"},{"floor":32,"key":"REST"},{"floor":40,"key":"REST"},{"floor":46,"key":"REST"},{"floor":49,"key":"RECALL"}],"neow_cost":"NONE","seed_source_timestamp":4708775953927,"circlet_count":0,"master_deck":["Strike_R+1","Strike_R+1","Strike_R+1","Strike_R+1","Defend_R+1","Defend_R+1","Bash+1","Inflame+1","Thunderclap+1","Shockwave+1","Inflame+1","Dropkick+1","Heavy Blade+1","Blind+1","Impervious+1","Disarm+1","Rage+1","Demon Form+1","Inflame+1","Exhume+1","Havoc+1","Warcry+1","Panache+1","Shockwave+1"],"relics":["Burning Blood","NeowsBlessing","Mummified Hand","Kunai","White Beast Statue","MutagenicStrength","PreservedInsect","Tiny Chest","Bronze Scales","Strawberry","Busted Crown","Singing Bowl","Letter Opener","Darkstone Periapt","Mark of the Bloom"],"potions_floor_usage":[5,5,8,11,16,24,27,28,35,36,39,39,41,45,45,50,50],"damage_taken":[{"damage":0,"enemies":"2 Louse","floor":1,"turns":1},{"damage":0,"enemies":"Cultist","floor":2,"turns":1},{"damage":0,"enemies":"Jaw Worm","floor":3,"turns":1},{"damage":7,"enemies":"2 Fungi Beasts","floor":5,"turns":3},{"damage":11,"enemies":"Exordium Wildlife","floor":8,"turns":3},{"damage":8,"enemies":"Blue Slaver","floor":10,"turns":2},{"damage":3,"enemies":"Large Slime","floor":11,"turns":4},{"damage":0,"enemies":"Lagavulin","floor":13,"turns":3},{"damage":52,"enemies":"The Guardian","floor":16,"turns":12},{"damage":12,"enemies":"Chosen","floor":18,"turns":5},{"damage":14,"enemies":"Slavers","floor":24,"turns":4},{"damage":63,"enemies":"Gremlin Leader","floor":27,"turns":7},{"damage":12,"enemies":"3 Byrds","floor":28,"turns":5},{"damage":31,"enemies":"Slavers","floor":31,"turns":4},{"damage":83,"enemies":"Automaton","floor":33,"turns":10},{"damage":4,"enemies":"3 Shapes","floor":35,"turns":4},{"damage":24,"enemies":"Orb Walker","floor":36,"turns":4},{"damage":35,"enemies":"3 Darklings","floor":39,"turns":5},{"damage":0,"enemies":"Jaw Worm Horde","floor":41,"turns":1},{"damage":19,"enemies":"Nemesis","floor":42,"turns":5},{"damage":19,"enemies":"Maw","floor":45,"turns":6},{"damage":61,"enemies":"Awakened One","floor":50,"turns":7}],"seed_played":"-4068808857934139575","potions_obtained":[{"floor":1,"key":"Block Potion"},{"floor":2,"key":"SkillPotion"},{"floor":5,"key":"EssenceOfSteel"},{"floor":8,"key":"FearPotion"},{"floor":13,"key":"GamblersBrew"},{"floor":18,"key":"AttackPotion"},{"floor":24,"key":"GamblersBrew"},{"floor":27,"key":"Dexterity Potion"},{"floor":28,"key":"Ancient Potion"},{"floor":31,"key":"Ancient Potion"},{"floor":33,"key":"Strength Potion"},{"floor":35,"key":"Explosive Potion"},{"floor":36,"key":"Energy Potion"},{"floor":38,"key":"SmokeBomb"},{"floor":39,"key":"FearPotion"},{"floor":42,"key":"AttackPotion"},{"floor":45,"key":"Regen Potion"}],"is_trial":false,"path_per_floor":["M","M","M","?","M","R","$","M","T","M","M","R","E","$","R","B",null,"M","?","?","$","$","R","E","R","T","E","M","T","?","E","R","B",null,"M","M","T","?","M","R","M","E","T","?","M","R","$","?","R","B"],"character_chosen":"IRONCLAD","items_purchased":["Inflame","Dropkick","Blind","Rage","Shockwave","PowerPotion"],"campfire_rested":4,"item_purchase_floors":[7,7,14,21,47,47],"current_hp_per_floor":[80,80,80,72,71,71,71,66,66,64,67,67,73,73,73,27,67,61,61,61,61,61,61,53,77,77,20,14,14,80,62,87,10,68,70,52,52,52,23,49,55,44,44,44,33,60,60,60,60,0],"gold":173,"neow_bonus":"THREE_ENEMY_KILL","is_prod":false,"is_daily":false,"chose_seed":false,"campfire_upgraded":4,"win_rate":0,"timestamp":1549382082,"path_taken":["M","M","M","?","M","R","?","M","T","M","?","R","E","$","R","BOSS","M","?","?","?","$","R","E","R","T","E","M","?","?","E","R","BOSS","M","M","?","?","?","R","M","E","T","?","M","R","$","?","R","BOSS"],"build_version":"2019-01-23","purchased_purges":3,"victory":false,"max_hp_per_floor":[80,80,80,80,80,80,80,80,80,80,80,80,80,80,80,80,80,80,80,80,80,80,80,80,80,80,80,80,80,80,87,87,87,87,87,87,87,87,87,87,87,89,89,89,91,91,91,91,91,91],"card_choices":[{"not_picked":["Reckless Charge","Sever Soul"],"picked":"Inflame","floor":1},{"not_picked":["Clothesline","Dual Wield"],"picked":"Thunderclap","floor":2},{"not_picked":["Twin Strike","Warcry","Armaments"],"picked":"SKIP","floor":3},{"not_picked":["Twin Strike","Metallicize"],"picked":"Shockwave","floor":5},{"not_picked":["Sever Soul","Clash"],"picked":"Heavy Blade","floor":8},{"not_picked":["Combust","Heavy Blade","Pommel Strike"],"picked":"SKIP","floor":10},{"not_picked":["Wild Strike","Headbutt","Heavy Blade"],"picked":"SKIP","floor":11},{"not_picked":["True Grit","Anger","Sword Boomerang"],"picked":"SKIP","floor":13},{"not_picked":["Exhume","Fiend Fire"],"picked":"Impervious","floor":16},{"not_picked":["Uppercut","Fire Breathing"],"picked":"Disarm+1","floor":18},{"not_picked":["Warcry","Armaments","Entrench"],"picked":"SKIP","floor":24},{"not_picked":["Wild Strike","Sword Boomerang"],"picked":"Demon Form","floor":27},{"not_picked":["Heavy Blade+1","Shrug It Off"],"picked":"Seeing Red+1","floor":28},{"not_picked":["Twin Strike","Warcry"],"picked":"Inflame","floor":31},{"not_picked":["Offering","Dark Embrace"],"picked":"Exhume","floor":33},{"not_picked":[],"picked":"Havoc+1","floor":35},{"not_picked":["Pommel Strike+1"],"picked":"SKIP","floor":36},{"not_picked":[],"picked":"Warcry+1","floor":39},{"not_picked":["Pommel Strike+1"],"picked":"Singing Bowl","floor":42},{"not_picked":[],"picked":"Panache","floor":44},{"not_picked":["Perfected Strike"],"picked":"Singing Bowl","floor":45}],"player_experience":426007,"relics_obtained":[{"floor":9,"key":"Mummified Hand"},{"floor":13,"key":"Kunai"},{"floor":24,"key":"PreservedInsect"},{"floor":27,"key":"Tiny Chest"},{"floor":29,"key":"Bronze Scales"},{"floor":31,"key":"Strawberry"},{"floor":37,"key":"Singing Bowl"},{"floor":42,"key":"Letter Opener"},{"floor":43,"key":"Darkstone Periapt"}],"event_choices":[{"damage_healed":0,"gold_gain":75,"player_choice":"Touch","damage_taken":8,"max_hp_gain":0,"max_hp_loss":0,"event_name":"FaceTrader","floor":4,"gold_loss":0},{"damage_healed":0,"gold_gain":99,"player_choice":"Stole From Cult","damage_taken":0,"max_hp_gain":0,"max_hp_loss":0,"event_name":"Nest","floor":19,"gold_loss":0},{"damage_healed":0,"gold_gain":0,"player_choice":"Inject Mutagens","damage_taken":0,"relics_obtained":["MutagenicStrength"],"max_hp_gain":0,"max_hp_loss":0,"event_name":"Drug Dealer","floor":20,"gold_loss":0},{"cards_removed":["Seeing Red"],"damage_healed":66,"gold_gain":0,"player_choice":"Offered Uncommon","damage_taken":0,"max_hp_gain":0,"max_hp_loss":0,"event_name":"Bonfire Elementals","floor":30,"gold_loss":0},{"damage_healed":0,"gold_gain":0,"player_choice":"Bought 3 Potions","damage_taken":0,"max_hp_gain":0,"max_hp_loss":0,"event_name":"The Woman in Blue","floor":38,"gold_loss":0},{"damage_healed":0,"gold_gain":0,"player_choice":"Memory 1","damage_taken":0,"max_hp_gain":0,"max_hp_loss":0,"event_name":"SensoryStone","floor":44,"gold_loss":0},{"damage_healed":0,"gold_gain":0,"player_choice":"Upgrade","damage_taken":0,"relics_obtained":["Mark of the Bloom"],"max_hp_gain":0,"max_hp_loss":0,"event_name":"MindBloom","floor":48,"gold_loss":0,"cards_upgraded":["Strike_R","Strike_R","Strike_R","Strike_R","Defend_R","Defend_R","Bash","Thunderclap","Shockwave","Dropkick","Heavy Blade","Impervious","Demon Form","Inflame","Exhume","Panache","Shockwave"]}],"is_beta":false,"boss_relics":[{"not_picked":["Fusion Hammer","Runic Dome"],"picked":"White Beast Statue"},{"not_picked":["Astrolabe","Philosopher\u0027s Stone"],"picked":"Busted Crown"}],"items_purged_floors":[7,21,47],"is_endless":false,"potions_floor_spawned":[1,2,5,8,13,18,24,27,28,31,33,35,36,39,41,42,45],"killed_by":"Awakened One","ascension_level":5}