{"path_per_floor":["M","M","$","M","?","E","?","M","T","?","?","M","$","M","R","B",null,"M","M"],"character_chosen":"THE_SILENT","items_purchased":["Blur","Mind Blast","Lee\u0027s Waffle","Regen Potion","Heel Hook"],"gold_per_floor":[116,135,58,76,76,107,107,126,426,501,466,477,95,109,109,205,205,223,236],"floor_reached":20,"campfire_rested":0,"playtime":4945,"current_hp_per_floor":[68,68,68,64,50,40,40,40,40,29,46,43,77,77,77,21,77,49,37],"items_purged":[],"gold":236,"play_id":"900ccaa9-6d7a-46e7-8fc6-829f9c414513","is_prod":false,"is_daily":false,"is_ascension_mode":false,"campfire_upgraded":1,"path_taken":["M","M","$","M","?","E","?","?","T","?","?","?","$","M","R","BOSS","M","M","M"],"build_version":"2018-02-01-PROD3","purchased_purges":0,"victory":false,"master_deck":["Defend_G","Defend_G+1","Defend_G","Defend_G","Defend_G","Strike_G","Strike_G","Strike_G","Strike_G+1","Strike_G","Survivor","Neutralize","Distraction","Dagger Spray","Blur","Dodge and Roll","Terror","Outmaneuver","Pain","Backflip","Caltrops","Mind Blast+1","Heel Hook","Flying Knee","Die Die Die","Masterful Stab+1","Backstab"],"max_hp_per_floor":[70,70,70,70,70,70,70,70,70,70,70,70,77,77,77,77,77,77,77],"relics":["Cursed Key","Prayer Wheel","Old Coin","Lee\u0027s Waffle","White Beast Statue"],"card_choices":[{"not_picked":["Acrobatics","Bane"],"picked":"Distraction"},{"not_picked":["Poisoned Stab","Backflip"],"picked":"Dagger Spray"},{"not_picked":["Bane","Slice"],"picked":"Dodge and Roll"},{"not_picked":["Riddle With Holes","Acrobatics"],"picked":"Terror"},{"not_picked":["Choke","Glass Knife"],"picked":"Outmaneuver"},{"not_picked":["Acrobatics","Dodge and Roll"],"picked":"Backflip"},{"not_picked":["Flechettes","Outmaneuver"],"picked":"Caltrops"},{"not_picked":["Bouncing Flask","Eviscerate"],"picked":"Flying Knee"},{"not_picked":["Corpse Explosion","Glass Knife"],"picked":"Die Die Die"},{"not_picked":["Infinite Blades","Slice"],"picked":"Masterful Stab"},{"not_picked":["PiercingWail","Dodge and Roll"],"picked":"Backstab"}],"player_experience":35929,"potions_floor_usage":[6,16,16,18,20,20],"damage_taken":[{"damage":2,"enemies":"2 Louse","floor":1,"turns":3},{"damage":0,"enemies":"Small Slimes","floor":2,"turns":5},{"damage":4,"enemies":"Jaw Worm","floor":4,"turns":4},{"damage":25,"enemies":"Gremlin Nob","floor":6,"turns":6},{"damage":0,"enemies":"Gremlin Gang","floor":8,"turns":5},{"damage":3,"enemies":"3 Louse","floor":12,"turns":5},{"damage":0,"enemies":"2 Fungi Beasts","floor":14,"turns":3},{"damage":71,"enemies":"Slime Boss","floor":16,"turns":18},{"damage":28,"enemies":"Chosen","floor":18,"turns":8},{"damage":12,"enemies":"Shell Parasite","floor":19,"turns":3},{"damage":38,"enemies":"Chosen and Byrds","floor":20,"turns":5}],"event_choices":[{"event_name":"Shining Light","player_choice":"Entered Light","floor":5,"damage_taken":0},{"event_name":"Liars Game","player_choice":"disagreed","floor":7,"damage_taken":0},{"event_name":"World of Goop","player_choice":"Gather Gold","floor":10,"damage_taken":0},{"event_name":"The Cleric","player_choice":"Healed","floor":11,"damage_taken":0}],"boss_relics":[{"not_picked":["Runic Dome","Ectoplasm"],"picked":"White Beast Statue"}],"potions_floor_spawned":[4,14,16,18,19],"seed_played":"8215524482392092726","killed_by":"Chosen and Byrds","ascension_level":0,"is_trial":false}