{"path_per_floor":["M","?","?","T","M","R","M","M","T","M","R","$","M","M","R","B",null,"M","M","?","$","?","R"],"character_chosen":"IRONCLAD","items_purchased":[],"gold_per_floor":[110,110,110,110,121,121,138,152,152,168,168,93,113,128,128,232,262,280,298,298,198,123,123,123],"floor_reached":24,"campfire_rested":0,"playtime":1263,"current_hp_per_floor":[46,46,46,46,41,41,47,42,42,41,41,41,38,44,44,35,85,60,66,66,66,66,66,0],"items_purged":["Strike_R","Strike_R"],"gold":123,"score":216,"play_id":"085f45be-5c60-4896-9a7f-ccbe24d8c2cd","local_time":"20180412195439","is_prod":false,"is_daily":false,"is_ascension_mode":true,"campfire_upgraded":4,"timestamp":1523573679,"path_taken":["M","?","?","?","M","R","M","M","T","M","R","$","M","M","R","BOSS","M","M","?","$","?","R","E"],"build_version":"2018-04-05v2","purchased_purges":2,"victory":false,"master_deck":["Strike_R","Strike_R+1","Strike_R","Defend_R","Defend_R","Defend_R","Bash","Cleave+1","Flex+1","Heavy Blade+1","Rampage","Demon Form+1","Shrug It Off"],"max_hp_per_floor":[80,80,80,80,80,80,80,80,80,80,80,80,80,80,80,80,85,85,85,85,85,85,85,85],"relics":["Burning Blood","Ice Cream","Red Skull","Sundial","Tiny House"],"card_choices":[{"not_picked":["Anger","True Grit"],"picked":"Cleave","floor":1},{"not_picked":["Evolve","Uppercut"],"picked":"Flex","floor":10},{"not_picked":["Flex","Rage"],"picked":"Heavy Blade","floor":13},{"not_picked":["Twin Strike","Shockwave"],"picked":"Rampage","floor":14},{"not_picked":["Bludgeon","Berserk"],"picked":"Demon Form","floor":16},{"not_picked":["Uppercut","Combust"],"picked":"Shrug It Off","floor":18}],"player_experience":259873,"potions_floor_usage":[10,13,16,19],"damage_taken":[{"damage":0,"enemies":"2 Louse","floor":1,"turns":3},{"damage":11,"enemies":"Cultist","floor":5,"turns":4},{"damage":0,"enemies":"Small Slimes","floor":7,"turns":2},{"damage":11,"enemies":"Blue Slaver","floor":8,"turns":3},{"damage":7,"enemies":"Looter","floor":10,"turns":3},{"damage":9,"enemies":"Large Slime","floor":13,"turns":4},{"damage":0,"enemies":"Blue Slaver","floor":14,"turns":1},{"damage":15,"enemies":"Slime Boss","floor":16,"turns":8},{"damage":31,"enemies":"3 Byrds","floor":18,"turns":5},{"damage":0,"enemies":"Spheric Guardian","floor":19,"turns":3},{"damage":66,"enemies":"Book of Stabbing","floor":24,"turns":5}],"event_choices":[{"event_name":"The Woman in Blue","player_choice":"Bought 0 Potions","floor":2,"damage_taken":0},{"event_name":"Liars Game","player_choice":"disagreed","floor":3,"damage_taken":0},{"event_name":"Vampires","player_choice":"Ignored","floor":20,"damage_taken":0},{"event_name":"Beggar","player_choice":"Gave Gold","floor":22,"damage_taken":0}],"boss_relics":[{"not_picked":["Cursed Key","Pandora\u0027s Box"],"picked":"Tiny House"}],"potions_floor_spawned":[7,10,14],"seed_played":"9134298183221600600","killed_by":"Book of Stabbing","ascension_level":3,"is_trial":false}