{"gold_per_floor":[117,117,82,82,7,37,37,71,106,118],"floor_reached":10,"playtime":259,"items_purged":["Regret"],"score":244,"play_id":"52f0b172-0962-477a-bcb1-4b5fb7864967","local_time":"20190225140348","is_ascension_mode":true,"campfire_choices":[{"data":"Leg Sweep","floor":7,"key":"SMITH"}],"neow_cost":"NONE","seed_source_timestamp":5542103594898,"circlet_count":0,"master_deck":["AscendersBane","Defend_G+1","Defend_G","Defend_G","Defend_G","Defend_G","Strike_G","Strike_G","Strike_G","Strike_G","Survivor","Neutralize","Escape Plan+1","Leg Sweep+1"],"relics":["Ring of the Snake","NeowsBlessing","Blue Candle","War Paint","MawBank","Bronze Scales"],"potions_floor_usage":[],"damage_taken":[{"damage":0,"enemies":"Jaw Worm","floor":1,"turns":1},{"damage":0,"enemies":"3 Sentries","floor":6,"turns":2},{"damage":0,"enemies":"Lagavulin","floor":8,"turns":1},{"damage":79,"enemies":"Gremlin Nob","floor":10,"turns":7}],"seed_played":"8363674887210757134","potions_obtained":[],"is_trial":false,"path_per_floor":["M","?","?","?","$","E","R","E","T","E"],"character_chosen":"THE_SILENT","items_purchased":[],"campfire_rested":0,"item_purchase_floors":[],"current_hp_per_floor":[59,52,66,66,66,66,66,66,66,0],"gold":118,"neow_bonus":"THREE_ENEMY_KILL","is_prod":false,"is_daily":false,"chose_seed":false,"campfire_upgraded":1,"win_rate":0,"timestamp":1551099828,"path_taken":["M","?","?","?","$","E","R","E","T","E"],"build_version":"2019-01-23","purchased_purges":1,"victory":false,"max_hp_per_floor":[66,66,66,66,66,66,66,66,66,66],"card_choices":[{"not_picked":["Acrobatics","Cloak And Dagger"],"picked":"Escape Plan","floor":1},{"not_picked":["Reflex","Sucker Punch"],"picked":"Leg Sweep","floor":6},{"not_picked":["Distraction","Deflect","Dodge and Roll"],"picked":"SKIP","floor":8}],"player_experience":992501,"relics_obtained":[{"floor":6,"key":"War Paint"},{"floor":8,"key":"MawBank"},{"floor":9,"key":"Bronze Scales"}],"event_choices":[{"cards_removed":["Strike_G"],"damage_healed":0,"gold_gain":0,"player_choice":"Card Removal","damage_taken":7,"max_hp_gain":0,"max_hp_loss":0,"event_name":"Golden Wing","floor":2,"gold_loss":0},{"damage_healed":16,"gold_gain":0,"player_choice":"Healed","damage_taken":0,"max_hp_gain":0,"max_hp_loss":0,"event_name":"The Cleric","floor":3,"gold_loss":35},{"damage_healed":0,"gold_gain":0,"player_choice":"Box","damage_taken":0,"relics_obtained":["Blue Candle"],"max_hp_gain":0,"max_hp_loss":0,"event_name":"Big Fish","floor":4,"gold_loss":0,"cards_obtained":["Regret"]}],"is_beta":false,"boss_relics":[],"items_purged_floors":[5],"is_endless":false,"potions_floor_spawned":[],"killed_by":"Gremlin Nob","ascension_level":20}