{"gold_per_floor":[119,89,108,119,69,97,97,108,133,133,168,168,168,182,182,277,277,294,340,439,510,143,168,182,198,198,198,198,198,227,238,238,337,337,354,354,152,152,152,486,501,501,501,534,549,94,18,18,18,18],"floor_reached":51,"playtime":1881,"items_purged":["Defend_R","Defend_R"],"score":1214,"play_id":"8fc07ca2-0eb2-4b25-8dae-8ddc05f93734","local_time":"20190228095352","is_ascension_mode":true,"campfire_choices":[{"data":"Bash","floor":7,"key":"SMITH"},{"data":"Rampage","floor":13,"key":"SMITH"},{"data":"Sword Boomerang","floor":15,"key":"SMITH"},{"floor":27,"key":"REST"},{"floor":29,"key":"REST"},{"data":"Double Tap","floor":32,"key":"SMITH"},{"data":"Demon Form","floor":42,"key":"SMITH"},{"floor":49,"key":"REST"}],"neow_cost":"NONE","seed_source_timestamp":175471810790338,"circlet_count":0,"master_deck":["Strike_R","Strike_R","Defend_R","Defend_R","Bash+1","Twin Strike","Sword Boomerang+1","Rampage+1","Ghostly Armor","Double Tap+1","Demon Form+1","Iron Wave+1","Inflame+1","Shockwave+1","Flame Barrier+1","Heavy Blade","Panache"],"relics":["Burning Blood","NeowsBlessing","PreservedInsect","Happy Flower","Vajra","Snecko Eye","Boot","Bottled Flame","Thread and Needle","Potion Belt","Mercury Hourglass","MutagenicStrength","Art of War","Runic Pyramid","Brimstone","Old Coin","Paper Frog","Orichalcum","Bag of Preparation","Pear"],"potions_floor_usage":[6,6,11,16,18,23,30,33,44,44],"damage_taken":[{"damage":0,"enemies":"Cultist","floor":1,"turns":1},{"damage":0,"enemies":"Small Slimes","floor":3,"turns":1},{"damage":0,"enemies":"Jaw Worm","floor":4,"turns":1},{"damage":32,"enemies":"Gremlin Nob","floor":6,"turns":4},{"damage":12,"enemies":"2 Fungi Beasts","floor":8,"turns":4},{"damage":10,"enemies":"3 Sentries","floor":11,"turns":6},{"damage":9,"enemies":"Red Slaver","floor":14,"turns":3},{"damage":19,"enemies":"Slime Boss","floor":16,"turns":7},{"damage":16,"enemies":"Shell Parasite","floor":18,"turns":6},{"damage":30,"enemies":"Slavers","floor":23,"turns":5},{"damage":2,"enemies":"3 Byrds","floor":24,"turns":5},{"damage":17,"enemies":"Snake Plant","floor":25,"turns":3},{"damage":3,"enemies":"Book of Stabbing","floor":30,"turns":3},{"damage":16,"enemies":"3 Cultists","floor":31,"turns":4},{"damage":42,"enemies":"Champ","floor":33,"turns":7},{"damage":62,"enemies":"3 Darklings","floor":35,"turns":6},{"damage":2,"enemies":"Giant Head","floor":40,"turns":5},{"damage":7,"enemies":"3 Shapes","floor":41,"turns":3},{"damage":10,"enemies":"Nemesis","floor":44,"turns":3},{"damage":17,"enemies":"Maw","floor":45,"turns":3},{"damage":41,"enemies":"Time Eater","floor":50,"turns":6}],"seed_played":"-6353700217117048829","potions_obtained":[{"floor":2,"key":"LiquidBronze"},{"floor":2,"key":"GamblersBrew"},{"floor":6,"key":"SteroidPotion"},{"floor":8,"key":"Energy Potion"},{"floor":16,"key":"GamblersBrew"},{"floor":18,"key":"Poison Potion"},{"floor":23,"key":"Dexterity Potion"},{"floor":24,"key":"Fire Potion"},{"floor":39,"key":"FairyPotion"},{"floor":39,"key":"Strength Potion"},{"floor":39,"key":"Ancient Potion"},{"floor":40,"key":"SteroidPotion"},{"floor":41,"key":"Dexterity Potion"}],"is_trial":false,"path_per_floor":["M","?","M","M","?","E","R","M","T","?","E","?","R","M","R","B",null,"M","T","?","T","$","E","M","M","T","R","?","R","E","M","R","B",null,"M","?","$","?","?","E","M","R","T","E","M","$","$","T","R","B",null],"character_chosen":"IRONCLAD","items_purchased":["Thread and Needle","Brimstone","Bag of Preparation","Heavy Blade","Panache","EssenceOfSteel"],"campfire_rested":3,"item_purchase_floors":[22,37,46,46,46,47],"current_hp_per_floor":[78,78,80,80,80,54,54,48,48,74,70,70,70,67,67,54,74,64,64,64,64,64,40,44,33,33,57,57,80,80,70,70,34,69,13,13,13,70,70,70,69,69,69,65,54,54,54,64,80,45],"gold":18,"neow_bonus":"THREE_ENEMY_KILL","is_prod":false,"is_daily":false,"chose_seed":false,"campfire_upgraded":5,"win_rate":0,"timestamp":1551362032,"path_taken":["M","?","M","?","?","E","R","M","T","?","E","?","R","M","R","BOSS","M","?","?","?","$","E","M","M","T","R","?","R","E","M","R","BOSS","M","?","?","?","?","E","?","R","T","E","?","?","$","?","R","BOSS"],"build_version":"2019-01-23","purchased_purges":2,"victory":true,"max_hp_per_floor":[80,80,80,80,80,80,80,80,80,80,80,80,80,80,80,80,80,80,80,80,80,80,80,80,80,80,80,80,80,80,80,80,80,80,80,80,80,70,70,70,70,70,70,70,70,70,70,80,80,80],"card_choices":[{"not_picked":["Anger","Warcry"],"picked":"Twin Strike","floor":1},{"not_picked":["Thunderclap","Dark Embrace","Shrug It Off"],"picked":"SKIP","floor":3},{"not_picked":["Corruption","Thunderclap","Pommel Strike"],"picked":"SKIP","floor":4},{"not_picked":["Carnage","Pummel"],"picked":"Sword Boomerang","floor":6},{"not_picked":["Blood for Blood","Cleave"],"picked":"Rampage","floor":8},{"not_picked":["Hemokinesis","True Grit","Rampage"],"picked":"SKIP","floor":11},{"not_picked":["Seeing Red","Dual Wield","True Grit"],"picked":"SKIP","floor":14},{"not_picked":["Berserk","Barricade"],"picked":"Double Tap","floor":16},{"not_picked":["Cleave","Hemokinesis","Power Through"],"picked":"SKIP","floor":18},{"not_picked":["Cleave","Pommel Strike+1"],"picked":"Demon Form","floor":23},{"not_picked":["Armaments","Body Slam+1","Whirlwind"],"picked":"SKIP","floor":24},{"not_picked":["Cleave+1","Corruption"],"picked":"Iron Wave+1","floor":25},{"not_picked":["Thunderclap","Reckless Charge","Twin Strike"],"picked":"SKIP","floor":30},{"not_picked":["Anger","Cleave","Infernal Blade+1"],"picked":"SKIP","floor":31},{"not_picked":["Pummel","Bloodletting"],"picked":"Inflame+1","floor":35},{"not_picked":["Brutality","Shrug It Off"],"picked":"Shockwave+1","floor":40},{"not_picked":["Shrug It Off","Warcry","Pommel Strike+1"],"picked":"SKIP","floor":41},{"not_picked":["Thunderclap+1","Anger+1"],"picked":"Flame Barrier+1","floor":44},{"not_picked":["Havoc","Armaments+1","Warcry"],"picked":"SKIP","floor":45}],"player_experience":465609,"relics_obtained":[{"floor":6,"key":"PreservedInsect"},{"floor":9,"key":"Happy Flower"},{"floor":11,"key":"Vajra"},{"floor":19,"key":"Boot"},{"floor":21,"key":"Bottled Flame"},{"floor":23,"key":"Potion Belt"},{"floor":26,"key":"Mercury Hourglass"},{"floor":30,"key":"Art of War"},{"floor":40,"key":"Old Coin"},{"floor":43,"key":"Paper Frog"},{"floor":44,"key":"Orichalcum"},{"floor":48,"key":"Pear"}],"event_choices":[{"damage_healed":0,"gold_gain":0,"player_choice":"Bought 2 Potions","damage_taken":0,"max_hp_gain":0,"max_hp_loss":0,"event_name":"The Woman in Blue","floor":2,"gold_loss":0},{"cards_removed":["Strike_R"],"damage_healed":0,"gold_gain":0,"player_choice":"Card Removal","damage_taken":0,"max_hp_gain":0,"max_hp_loss":0,"event_name":"The Cleric","floor":5,"gold_loss":50},{"damage_healed":26,"gold_gain":0,"player_choice":"Banana","damage_taken":0,"max_hp_gain":0,"max_hp_loss":0,"event_name":"Big Fish","floor":10,"gold_loss":0},{"damage_healed":0,"gold_gain":0,"cards_transformed":["Strike_R"],"player_choice":"Transformed","damage_taken":0,"max_hp_gain":0,"max_hp_loss":0,"event_name":"Transmorgrifier","floor":12,"gold_loss":0,"cards_obtained":["Ghostly Armor"]},{"damage_healed":0,"gold_gain":99,"player_choice":"Stole From Cult","damage_taken":0,"max_hp_gain":0,"max_hp_loss":0,"event_name":"Nest","floor":20,"gold_loss":0},{"damage_healed":0,"gold_gain":0,"player_choice":"Inject Mutagens","damage_taken":0,"relics_obtained":["MutagenicStrength"],"max_hp_gain":0,"max_hp_loss":0,"event_name":"Drug Dealer","floor":28,"gold_loss":0},{"cards_removed":["Strike_R"],"damage_healed":0,"gold_gain":0,"player_choice":"Offered Basic","damage_taken":0,"max_hp_gain":0,"max_hp_loss":0,"event_name":"Bonfire Elementals","floor":36,"gold_loss":0},{"damage_healed":70,"gold_gain":0,"player_choice":"Heal","damage_taken":0,"max_hp_gain":0,"max_hp_loss":10,"event_name":"The Moai Head","floor":38,"gold_loss":0},{"damage_healed":0,"gold_gain":0,"player_choice":"Got Potions","damage_taken":0,"max_hp_gain":0,"max_hp_loss":0,"event_name":"Lab","floor":39,"gold_loss":0}],"is_beta":false,"boss_relics":[{"not_picked":["Fusion Hammer","Calling Bell"],"picked":"Snecko Eye"},{"not_picked":["Runic Dome","Mark of Pain"],"picked":"Runic Pyramid"}],"items_purged_floors":[22,46],"is_endless":false,"potions_floor_spawned":[6,8,16,18,23,24,40,41],"ascension_level":8}