{"gold_per_floor":[116,41,58,58,70,70,87,121,121,151,151,151,182,15,15,92,92,112,13,29,29,48,48,74,74,97,123,123,138,138,150,150,228,228,245,102,112,129,429,456,456,481,527,527,543,543,576,205,205,205,205,205,205,28,55,55],"floor_reached":57,"playtime":4332,"items_purged":["Strike_R","Strike_R","Strike_R"],"score":2967,"play_id":"958ae4aa-ac62-41a5-96d1-ee24d0236748","local_time":"20190412152600","is_ascension_mode":true,"campfire_choices":[{"data":"Bash","floor":6,"key":"SMITH"},{"data":"Bludgeon","floor":11,"key":"SMITH"},{"data":"Inflame","floor":15,"key":"SMITH"},{"data":"Disarm","floor":23,"key":"SMITH"},{"data":"Havoc","floor":25,"key":"SMITH"},{"data":"Limit Break","floor":30,"key":"SMITH"},{"floor":32,"key":"REST"},{"data":"Disarm","floor":41,"key":"SMITH"},{"floor":44,"key":"RECALL"},{"data":"Evolve","floor":49,"key":"SMITH"},{"data":"Apotheosis","floor":53,"key":"SMITH"}],"neow_cost":"NONE","seed_source_timestamp":5293196090054,"circlet_count":0,"master_deck":["AscendersBane","Defend_R","Defend_R","Defend_R","Defend_R+1","Bash+1","Limit Break+1","Clothesline+1","Feel No Pain","Havoc+1","Thunderclap","Inflame+1","Bludgeon+1","Disarm+1","Offering+1","True Grit+1","Shrug It Off","Armaments","Headbutt","Reaper","Disarm+1","Evolve+1","Shrug It Off","Exhume+1","Feed","Flash of Steel","Finesse","Apotheosis+1","Shockwave","Corruption","Shrug It Off","Shockwave","Body Slam+1"],"relics":["Burning Blood","Ginger","Mango","FossilizedHelix","Mercury Hourglass","Red Skull","Black Star","MutagenicStrength","Letter Opener","WingedGreaves","Anchor","Bag of Preparation","Bird Faced Urn","Mark of Pain","PreservedInsect","Oddly Smooth Stone","Paper Frog","War Paint","Bag of Marbles","Boot","Centennial Puzzle","StoneCalendar","Lantern"],"potions_floor_usage":[8,10,22,27,37,38,55,56,56],"damage_taken":[{"damage":4,"enemies":"Small Slimes","floor":1,"turns":4},{"damage":0,"enemies":"2 Louse","floor":3,"turns":3},{"damage":6,"enemies":"Jaw Worm","floor":5,"turns":5},{"damage":11,"enemies":"Blue Slaver","floor":7,"turns":5},{"damage":30,"enemies":"Gremlin Nob","floor":8,"turns":4},{"damage":36,"enemies":"3 Sentries","floor":10,"turns":10},{"damage":0,"enemies":"Lagavulin","floor":13,"turns":7},{"damage":12,"enemies":"Hexaghost","floor":16,"turns":7},{"damage":14,"enemies":"Shell Parasite","floor":18,"turns":4},{"damage":6,"enemies":"Chosen","floor":20,"turns":3},{"damage":14,"enemies":"3 Cultists","floor":22,"turns":6},{"damage":30,"enemies":"Gremlin Leader","floor":24,"turns":6},{"damage":29,"enemies":"Slavers","floor":27,"turns":6},{"damage":0,"enemies":"Snake Plant","floor":29,"turns":2},{"damage":24,"enemies":"Sentry and Sphere","floor":31,"turns":6},{"damage":0,"enemies":"Champ","floor":33,"turns":7},{"damage":3,"enemies":"3 Shapes","floor":35,"turns":4},{"damage":23,"enemies":"3 Darklings","floor":37,"turns":6},{"damage":9,"enemies":"Sphere and 2 Shapes","floor":38,"turns":5},{"damage":0,"enemies":"Nemesis","floor":40,"turns":11},{"damage":8,"enemies":"Reptomancer","floor":42,"turns":2},{"damage":39,"enemies":"4 Shapes","floor":45,"turns":4},{"damage":19,"enemies":"Giant Head","floor":47,"turns":8},{"damage":43,"enemies":"Awakened One","floor":50,"turns":13},{"damage":64,"enemies":"Donu and Deca","floor":51,"turns":10},{"damage":12,"enemies":"Shield and Spear","floor":55,"turns":6},{"damage":62,"enemies":"The Heart","floor":56,"turns":9}],"seed_played":"7674511675204708447","potions_obtained":[{"floor":3,"key":"Regen Potion"},{"floor":5,"key":"SneckoOil"},{"floor":13,"key":"Explosive Potion"},{"floor":20,"key":"Regen Potion"},{"floor":24,"key":"Poison Potion"},{"floor":31,"key":"Energy Potion"},{"floor":35,"key":"AttackPotion"},{"floor":37,"key":"Swift Potion"},{"floor":42,"key":"GamblersBrew"},{"floor":55,"key":"Dexterity Potion"}],"is_trial":false,"path_per_floor":["M","?","M","?","M","R","M","E","T","E","R","?","E","$","R","B",null,"M","$","M","?","M","R","E","R","T","E","?","M","R","M","R","B",null,"M","$","M","M","?","E","R","E","T","R","M","?","E","$","R","B","B",null,"R","$","E","B",null],"character_chosen":"IRONCLAD","items_purchased":["Red Skull","Shrug It Off","Evolve","Centennial Puzzle","Shockwave","Corruption","Shrug It Off","Shockwave"],"campfire_rested":1,"item_purchase_floors":[14,19,36,48,48,54,54,54],"current_hp_per_floor":[70,70,75,68,68,68,63,39,53,38,38,11,17,17,17,11,70,62,62,62,62,69,69,45,45,45,22,22,32,32,18,44,54,80,89,89,89,86,86,89,89,87,87,87,89,79,96,96,96,100,84,99,99,99,108,73],"gold":55,"neow_bonus":"ONE_RANDOM_RARE_CARD","is_prod":false,"is_daily":false,"chose_seed":false,"campfire_upgraded":9,"win_rate":0,"timestamp":1555075560,"path_taken":["M","?","M","?","M","R","M","E","T","E","R","?","E","?","R","BOSS","M","$","M","?","M","R","E","R","T","E","?","?","R","M","R","BOSS","M","$","M","M","?","E","R","E","T","R","?","?","E","?","R","BOSS","BOSS","R","$","E","BOSS"],"build_version":"2019-01-23","purchased_purges":3,"victory":true,"max_hp_per_floor":[75,75,75,75,75,75,75,75,89,89,89,89,89,89,89,89,89,89,89,89,89,89,89,89,89,89,89,89,89,89,89,89,89,89,89,89,89,89,89,89,89,89,89,89,92,92,96,96,96,100,104,104,104,104,108,108],"card_choices":[{"not_picked":["Havoc","Wild Strike"],"picked":"Clothesline","floor":1},{"not_picked":["Second Wind","Warcry"],"picked":"Feel No Pain","floor":3},{"not_picked":["Carnage","Flex"],"picked":"Havoc","floor":5},{"not_picked":["Havoc","Armaments"],"picked":"Thunderclap","floor":7},{"not_picked":["Combust","Thunderclap"],"picked":"Inflame","floor":8},{"not_picked":["Rage","Blood for Blood"],"picked":"Bludgeon","floor":10},{"not_picked":["Twin Strike","Sword Boomerang"],"picked":"Disarm","floor":13},{"not_picked":["Fiend Fire","Berserk"],"picked":"Offering","floor":16},{"not_picked":["Infernal Blade","Pommel Strike"],"picked":"True Grit+1","floor":18},{"not_picked":["Havoc","Metallicize","Wild Strike"],"picked":"SKIP","floor":20},{"not_picked":["Twin Strike","Reckless Charge+1","Burning Pact"],"picked":"SKIP","floor":22},{"not_picked":["Intimidate","Evolve"],"picked":"Armaments","floor":24},{"not_picked":["Thunderclap","True Grit","Combust"],"picked":"SKIP","floor":27},{"not_picked":["Thunderclap","True Grit","Combust"],"picked":"SKIP","floor":27},{"not_picked":["Whirlwind","Thunderclap+1","Heavy Blade"],"picked":"SKIP","floor":29},{"not_picked":["Rampage","Clash+1"],"picked":"Headbutt","floor":31},{"not_picked":["Impervious","Feed"],"picked":"Reaper","floor":33},{"not_picked":["Twin Strike","Body Slam+1"],"picked":"Disarm","floor":35},{"not_picked":["Twin Strike","Carnage","Wild Strike+1"],"picked":"SKIP","floor":37},{"not_picked":["Dropkick","Carnage"],"picked":"Shrug It Off","floor":38},{"not_picked":["Armaments+1","Perfected Strike"],"picked":"Exhume","floor":40},{"not_picked":["Clash+1","Clothesline"],"picked":"Feed","floor":42},{"not_picked":["True Grit","Anger","Metallicize"],"picked":"SKIP","floor":45},{"not_picked":["Sadistic Nature","Enlightenment"],"picked":"Flash of Steel","floor":46},{"not_picked":["Deep Breath","Mind Blast"],"picked":"Finesse","floor":46},{"not_picked":["Madness","Dramatic Entrance"],"picked":"Apotheosis","floor":46},{"not_picked":["Warcry","Combust+1","Anger"],"picked":"SKIP","floor":47},{"not_picked":["Uppercut","Iron Wave"],"picked":"Body Slam+1","floor":55}],"player_experience":1111299,"relics_obtained":[{"floor":8,"key":"Ginger"},{"floor":9,"key":"Mango"},{"floor":10,"key":"FossilizedHelix"},{"floor":13,"key":"Mercury Hourglass"},{"floor":24,"key":"Letter Opener"},{"floor":24,"key":"WingedGreaves"},{"floor":26,"key":"Anchor"},{"floor":27,"key":"Bag of Preparation"},{"floor":27,"key":"Bird Faced Urn"},{"floor":40,"key":"PreservedInsect"},{"floor":40,"key":"Oddly Smooth Stone"},{"floor":42,"key":"Paper Frog"},{"floor":42,"key":"War Paint"},{"floor":47,"key":"Bag of Marbles"},{"floor":47,"key":"Boot"},{"floor":55,"key":"StoneCalendar"},{"floor":55,"key":"Lantern"}],"event_choices":[{"cards_removed":["Strike_R"],"damage_healed":0,"gold_gain":0,"player_choice":"Card Removal","damage_taken":0,"max_hp_gain":0,"max_hp_loss":0,"event_name":"The Cleric","floor":2,"gold_loss":75},{"cards_removed":["Strike_R"],"damage_healed":0,"gold_gain":0,"player_choice":"Card Removal","damage_taken":7,"max_hp_gain":0,"max_hp_loss":0,"event_name":"Golden Wing","floor":4,"gold_loss":0},{"damage_healed":0,"gold_gain":0,"player_choice":"Entered Light","damage_taken":27,"max_hp_gain":0,"max_hp_loss":0,"event_name":"Shining Light","floor":12,"gold_loss":0,"cards_upgraded":["Clothesline","Defend_R"]},{"damage_healed":0,"gold_gain":0,"player_choice":"Inject Mutagens","damage_taken":0,"relics_obtained":["MutagenicStrength"],"max_hp_gain":0,"max_hp_loss":0,"event_name":"Drug Dealer","floor":21,"gold_loss":0},{"damage_healed":0,"gold_gain":0,"player_choice":"0 cards matched","damage_taken":0,"max_hp_gain":0,"max_hp_loss":0,"event_name":"Match and Keep!","floor":28,"gold_loss":0,"cards_obtained":[]},{"damage_healed":0,"gold_gain":300,"player_choice":"Gold","damage_taken":0,"max_hp_gain":0,"max_hp_loss":0,"event_name":"Wheel of Change","floor":39,"gold_loss":0},{"damage_healed":0,"gold_gain":0,"player_choice":"Memory 3","damage_taken":10,"max_hp_gain":0,"max_hp_loss":0,"event_name":"SensoryStone","floor":46,"gold_loss":0}],"is_beta":false,"boss_relics":[{"not_picked":["Eternal Feather","Tiny House"],"picked":"Black Star"},{"not_picked":["Lizard Tail","Black Blood"],"picked":"Mark of Pain"}],"items_purged_floors":[19,36,48],"is_endless":false,"potions_floor_spawned":[3,5,13,20,24,31,35,37,42,55],"ascension_level":20}