{"gold_per_floor":[114,39,39,58,77,107,107,7,62,37,69,82,59,29,29,124,174,193,193,208,52,71,71,105,105,132,132,159,177,196,211,211,308,308,326,340,353,353,353,353,380,380,380,380,340,29,29,39,39,39,39,39,39,39],"floor_reached":54,"playtime":2605,"items_purged":["Pain","Pain"],"score":733,"play_id":"b6d252c3-4618-4c16-9a73-a571caf23694","local_time":"20190328152852","is_ascension_mode":false,"campfire_choices":[{"data":"Evolve","floor":7,"key":"SMITH"},{"floor":15,"key":"REST"},{"floor":23,"key":"RECALL"},{"data":"Uppercut","floor":25,"key":"SMITH"},{"data":"Body Slam","floor":32,"key":"SMITH"},{"floor":40,"key":"REST"},{"data":"Mind Blast","floor":42,"key":"SMITH"},{"data":"Mayhem","floor":47,"key":"SMITH"},{"data":"Impervious","floor":49,"key":"SMITH"},{"data":"Inflame","floor":52,"key":"SMITH"}],"neow_cost":"CURSE","seed_source_timestamp":363006992611947,"circlet_count":0,"master_deck":["Strike_R","Strike_R","Strike_R","Strike_R","Strike_R","Defend_R+1","Defend_R","Defend_R","Defend_R","Bash","Evolve+1","Power Through","Inflame+1","Cleave+1","Wild Strike","Uppercut+1","Impervious+1","Twin Strike","Pommel Strike+1","Dropkick+1","True Grit","Sentinel","Body Slam+1","Reckless Charge","Fiend Fire","Shrug It Off+1","Mind Blast+1","Dramatic Entrance","Madness+1","Madness","Mayhem+1"],"relics":["Burning Blood","Calipers","WarpedTongs","PreservedInsect","Tiny Chest","Happy Flower","Tiny House","Bronze Scales","Pantograph","Centennial Puzzle","Whetstone","Snecko Eye","Blood Vial","Pear","Lantern"],"potions_floor_usage":[6,16,18,18,24,31,33,35,48,50],"damage_taken":[{"damage":14,"enemies":"Cultist","floor":1,"turns":5},{"damage":13,"enemies":"Small Slimes","floor":4,"turns":6},{"damage":2,"enemies":"2 Louse","floor":5,"turns":4},{"damage":27,"enemies":"Lagavulin","floor":6,"turns":9},{"damage":25,"enemies":"Gremlin Nob","floor":11,"turns":4},{"damage":9,"enemies":"Red Slaver","floor":12,"turns":5},{"damage":0,"enemies":"Slime Boss","floor":16,"turns":6},{"damage":5,"enemies":"3 Byrds","floor":18,"turns":4},{"damage":7,"enemies":"Shell Parasite","floor":20,"turns":6},{"damage":16,"enemies":"Centurion and Healer","floor":22,"turns":6},{"damage":21,"enemies":"Gremlin Leader","floor":24,"turns":6},{"damage":7,"enemies":"Book of Stabbing","floor":28,"turns":4},{"damage":0,"enemies":"Snecko","floor":29,"turns":3},{"damage":17,"enemies":"3 Cultists","floor":30,"turns":5},{"damage":7,"enemies":"Snake Plant","floor":31,"turns":2},{"damage":68,"enemies":"Collector","floor":33,"turns":10},{"damage":1,"enemies":"3 Shapes","floor":35,"turns":5},{"damage":29,"enemies":"3 Darklings","floor":36,"turns":7},{"damage":18,"enemies":"Transient","floor":37,"turns":5},{"damage":6,"enemies":"Spire Growth","floor":48,"turns":4},{"damage":81,"enemies":"Donu and Deca","floor":50,"turns":14},{"damage":95,"enemies":"Shield and Spear","floor":54,"turns":7}],"seed_played":"-1388678570133814220","potions_obtained":[{"floor":5,"key":"Fire Potion"},{"floor":11,"key":"Explosive Potion"},{"floor":14,"key":"PowerPotion"},{"floor":14,"key":"BloodPotion"},{"floor":17,"key":"Fire Potion"},{"floor":20,"key":"FearPotion"},{"floor":30,"key":"SkillPotion"},{"floor":31,"key":"LiquidBronze"},{"floor":33,"key":"Block Potion"},{"floor":37,"key":"PowerPotion"}],"is_trial":false,"path_per_floor":["M","$","?","M","M","E","R","$","T","$","E","M","?","?","R","B",null,"M","T","M","$","M","R","E","R","T","?","E","M","M","M","R","B",null,"M","M","M","?","?","R","T","R","T","?","?","$","R","M","R","B",null,"R","$","E"],"character_chosen":"IRONCLAD","items_purchased":["Cleave","Bronze Scales","Mayhem","Lantern"],"campfire_rested":2,"item_purchase_floors":[10,21,46,46],"current_hp_per_floor":[72,72,72,65,69,48,48,48,48,48,29,26,26,26,50,56,85,85,85,84,84,74,74,59,59,59,85,84,85,74,73,73,23,85,85,62,50,45,34,59,59,59,69,69,69,69,69,71,71,29,95,95,95,0],"gold":39,"neow_bonus":"ONE_RARE_RELIC","is_prod":false,"is_daily":false,"chose_seed":false,"campfire_upgraded":7,"win_rate":0,"timestamp":1553797732,"path_taken":["M","$","?","M","M","E","R","$","T","?","E","?","?","?","R","BOSS","M","?","M","$","M","R","E","R","T","?","E","M","M","M","R","BOSS","M","M","M","?","?","R","?","R","T","?","?","$","R","?","R","BOSS","R","$","E"],"build_version":"2019-01-23","purchased_purges":2,"victory":false,"max_hp_per_floor":[80,80,80,80,80,80,80,80,80,80,80,80,80,80,80,80,85,85,85,85,85,85,85,85,85,85,85,85,85,85,85,85,85,85,85,85,85,85,85,85,85,85,95,95,95,95,95,95,95,95,95,95,95,95],"card_choices":[{"not_picked":["Pommel Strike","Burning Pact"],"picked":"Evolve","floor":1},{"not_picked":["Clash","Havoc"],"picked":"Power Through","floor":4},{"not_picked":["Sword Boomerang","Warcry","Armaments"],"picked":"SKIP","floor":5},{"not_picked":["Pommel Strike","Fire Breathing"],"picked":"Inflame","floor":6},{"not_picked":["Twin Strike","Armaments"],"picked":"Wild Strike","floor":11},{"not_picked":["Reckless Charge","Twin Strike"],"picked":"Uppercut","floor":12},{"not_picked":["Dark Embrace","Double Tap"],"picked":"Impervious","floor":16},{"not_picked":["Havoc","Feel No Pain"],"picked":"Twin Strike","floor":17},{"not_picked":["Shockwave","Headbutt"],"picked":"Wild Strike","floor":18},{"not_picked":["Heavy Blade","Thunderclap","True Grit"],"picked":"SKIP","floor":20},{"not_picked":["Hemokinesis","Sever Soul"],"picked":"Pommel Strike+1","floor":22},{"not_picked":["Spot Weakness","Power Through+1"],"picked":"Dropkick","floor":24},{"not_picked":["Headbutt+1","Armaments"],"picked":"True Grit","floor":28},{"not_picked":["Carnage","Body Slam"],"picked":"Sentinel","floor":29},{"not_picked":["Feel No Pain","Burning Pact"],"picked":"Body Slam","floor":30},{"not_picked":["Armaments","Clothesline"],"picked":"Reckless Charge","floor":31},{"not_picked":["Feed","Offering"],"picked":"Fiend Fire","floor":33},{"not_picked":["Havoc","Heavy Blade"],"picked":"Shrug It Off+1","floor":35},{"not_picked":["Pommel Strike","Thunderclap","Clothesline+1"],"picked":"SKIP","floor":36},{"not_picked":["Armaments","Havoc+1","Flex"],"picked":"SKIP","floor":37},{"not_picked":["Secret Technique","Dark Shackles"],"picked":"Mind Blast","floor":38},{"not_picked":["Trip","Secret Technique"],"picked":"Dramatic Entrance","floor":38},{"not_picked":["Twin Strike+1","Second Wind","Anger"],"picked":"SKIP","floor":48}],"player_experience":551661,"relics_obtained":[{"floor":6,"key":"PreservedInsect"},{"floor":9,"key":"Tiny Chest"},{"floor":11,"key":"Happy Flower"},{"floor":24,"key":"Pantograph"},{"floor":26,"key":"Centennial Puzzle"},{"floor":28,"key":"Whetstone"},{"floor":41,"key":"Blood Vial"},{"floor":43,"key":"Pear"}],"event_choices":[{"damage_healed":0,"gold_gain":0,"player_choice":"Rummage","damage_taken":0,"relics_obtained":["WarpedTongs"],"max_hp_gain":0,"max_hp_loss":0,"event_name":"Accursed Blacksmith","floor":3,"gold_loss":0,"cards_obtained":["Pain"]},{"damage_healed":0,"gold_gain":0,"player_choice":"Left Gold","damage_taken":0,"max_hp_gain":0,"max_hp_loss":0,"event_name":"World of Goop","floor":13,"gold_loss":23},{"damage_healed":0,"gold_gain":0,"player_choice":"Bought 2 Potions","damage_taken":0,"max_hp_gain":0,"max_hp_loss":0,"event_name":"The Woman in Blue","floor":14,"gold_loss":0},{"damage_healed":28,"gold_gain":0,"player_choice":"Heal","damage_taken":0,"max_hp_gain":0,"max_hp_loss":0,"event_name":"The Library","floor":27,"gold_loss":0},{"damage_healed":0,"gold_gain":0,"player_choice":"Memory 2","damage_taken":5,"max_hp_gain":0,"max_hp_loss":0,"event_name":"SensoryStone","floor":38,"gold_loss":0},{"damage_healed":0,"gold_gain":0,"player_choice":"Embrace Madness","damage_taken":11,"max_hp_gain":0,"max_hp_loss":0,"event_name":"Winding Halls","floor":39,"gold_loss":0,"cards_obtained":["Madness","Madness"]},{"cards_removed":["Wild Strike"],"damage_healed":0,"gold_gain":0,"player_choice":"Removed Attack","damage_taken":0,"max_hp_gain":0,"max_hp_loss":0,"event_name":"Falling","floor":44,"gold_loss":0},{"damage_healed":0,"gold_gain":0,"player_choice":"Upgrade","damage_taken":0,"max_hp_gain":0,"max_hp_loss":0,"event_name":"Designer","floor":45,"gold_loss":40,"cards_upgraded":["Madness"]}],"is_beta":false,"boss_relics":[{"not_picked":["Ectoplasm","Eternal Feather"],"picked":"Tiny House"},{"not_picked":["Runic Dome","Orrery"],"picked":"Snecko Eye"}],"items_purged_floors":[2,8],"is_endless":false,"potions_floor_spawned":[5,11,20,30,31,33,37],"killed_by":"Shield and Spear","ascension_level":0}