{"gold_per_floor":[110,124,399,23,39,39,66,31,31,31,31,51,51,17,17,116,116,130,146,7,7,7,7,7,7,7,36,36,36],"floor_reached":29,"playtime":1571,"items_purged":[],"score":479,"play_id":"252c2c9c-8562-4ccf-9c77-7bdfd2584c2c","local_time":"20190614133923","is_ascension_mode":true,"campfire_choices":[{"data":"Caltrops","floor":6,"key":"SMITH"},{"floor":11,"key":"REST"},{"floor":13,"key":"REST"},{"data":"Riddle With Holes","floor":15,"key":"SMITH"},{"data":"Neutralize","floor":23,"key":"SMITH"},{"data":"Adrenaline","floor":25,"key":"SMITH"},{"floor":28,"key":"REST"}],"neow_cost":"NONE","seed_source_timestamp":939556605995539,"circlet_count":0,"master_deck":["AscendersBane","Strike_G","Strike_G","Strike_G","Strike_G","Strike_G","Defend_G","Defend_G","Defend_G","Defend_G","Defend_G","Survivor","Neutralize+1","Caltrops+1","Deflect","Backflip","Regret","Acrobatics","Unload","Skewer+1","Blur","Riddle With Holes+1","Adrenaline+1","Regret","Decay","Normality","Flying Knee+1","Flying Knee+1","Dash","Skewer+1"],"relics":["Ring of the Snake","Membership Card","Du-Vu Doll","Bottled Lightning","Blue Candle","Calling Bell","Smiling Mask","Dodecahedron","The Specimen","Meat on the Bone","Thread and Needle","Pen Nib"],"potions_floor_usage":[7,12,16,18,27],"damage_taken":[{"damage":12,"enemies":"Jaw Worm","floor":1,"turns":6},{"damage":6,"enemies":"Cultist","floor":2,"turns":6},{"damage":5,"enemies":"2 Louse","floor":5,"turns":4},{"damage":39,"enemies":"3 Sentries","floor":7,"turns":11},{"damage":18,"enemies":"Exordium Thugs","floor":12,"turns":5},{"damage":20,"enemies":"The Guardian","floor":16,"turns":12},{"damage":10,"enemies":"Spheric Guardian","floor":18,"turns":3},{"damage":28,"enemies":"2 Thieves","floor":19,"turns":4},{"damage":20,"enemies":"Slavers","floor":27,"turns":7},{"damage":55,"enemies":"Gremlin Leader","floor":29,"turns":5}],"seed_played":"1436912338302666856","potions_obtained":[{"floor":2,"key":"Weak Potion"},{"floor":7,"key":"Swift Potion"},{"floor":16,"key":"Block Potion"},{"floor":18,"key":"EssenceOfSteel"},{"floor":27,"key":"Poison Potion"}],"is_trial":false,"path_per_floor":["M","M","?","$","M","R","E","$","T","?","R","M","R","$","R","B",null,"M","M","$","?","?","R","$","R","T","E","R","E"],"character_chosen":"THE_SILENT","items_purchased":["Membership Card","Du-Vu Doll","GhostInAJar","Skewer","Riddle With Holes","Meat on the Bone","Dash"],"campfire_rested":3,"item_purchase_floors":[4,4,4,8,14,20,20],"current_hp_per_floor":[51,45,45,45,40,40,1,1,1,1,22,4,25,25,25,5,54,44,16,16,39,39,39,39,39,39,31,52,0],"gold":36,"neow_bonus":"THREE_CARDS","is_prod":false,"is_daily":false,"chose_seed":false,"campfire_upgraded":4,"win_rate":0,"timestamp":1560508763,"path_taken":["M","M","?","?","M","R","E","$","T","?","R","?","R","?","R","BOSS","M","M","$","?","?","R","?","R","T","E","R","E"],"build_version":"2019-06-13","purchased_purges":0,"victory":false,"max_hp_per_floor":[70,70,70,70,70,70,70,70,70,70,70,70,70,70,70,70,70,70,70,70,70,70,70,70,70,70,70,70,70],"card_choices":[{"not_picked":["Acrobatics","Blade Dance"],"picked":"Caltrops","floor":0},{"not_picked":["Slice","Catalyst"],"picked":"Deflect","floor":1},{"not_picked":["Blade Dance","Noxious Fumes"],"picked":"Backflip","floor":2},{"not_picked":["Dodge and Roll","Quick Slash"],"picked":"Acrobatics","floor":5},{"not_picked":["Sucker Punch","Bane"],"picked":"Unload","floor":7},{"not_picked":["Poisoned Stab","Blade Dance"],"picked":"Blur","floor":12},{"not_picked":["Grand Finale","Venomology"],"picked":"Adrenaline","floor":16},{"not_picked":["Underhanded Strike","Deflect"],"picked":"Flying Knee+1","floor":18},{"not_picked":["Cloak And Dagger","Quick Slash"],"picked":"Flying Knee+1","floor":19},{"not_picked":["Dagger Throw","Catalyst"],"picked":"Skewer+1","floor":27}],"player_experience":806313,"relics_obtained":[{"floor":7,"key":"Bottled Lightning"},{"floor":9,"key":"Blue Candle"},{"floor":17,"key":"Smiling Mask"},{"floor":17,"key":"Dodecahedron"},{"floor":17,"key":"The Specimen"},{"floor":26,"key":"Thread and Needle"},{"floor":27,"key":"Pen Nib"}],"event_choices":[{"damage_healed":0,"gold_gain":275,"player_choice":"Desecrate","damage_taken":0,"max_hp_gain":0,"max_hp_loss":0,"event_name":"Golden Shrine","floor":3,"gold_loss":0,"cards_obtained":["Regret"]},{"damage_healed":0,"gold_gain":0,"player_choice":"Upgraded","damage_taken":0,"max_hp_gain":0,"max_hp_loss":0,"event_name":"Upgrade Shrine","floor":10,"gold_loss":0,"cards_upgraded":["Skewer"]},{"damage_healed":23,"gold_gain":0,"player_choice":"Heal","damage_taken":0,"max_hp_gain":0,"max_hp_loss":0,"event_name":"The Library","floor":21,"gold_loss":0},{"damage_healed":0,"gold_gain":0,"player_choice":"Ignored","damage_taken":0,"max_hp_gain":0,"max_hp_loss":0,"event_name":"Ghosts","floor":22,"gold_loss":0}],"is_beta":true,"boss_relics":[{"not_picked":["Velvet Choker","Fusion Hammer"],"picked":"Calling Bell"}],"items_purged_floors":[],"is_endless":false,"potions_floor_spawned":[2,7,16,18,27],"killed_by":"Gremlin Leader","ascension_level":12}