{"gold_per_floor":[111,211,223,223,241,241,272,272,298,298,318,49,82,95,95,172,172,183,194,194,213,213],"floor_reached":22,"playtime":1142,"items_purged":["Defend_R"],"score":333,"play_id":"f8e0c73a-425d-4c6b-82db-bea8a52c4e6e","local_time":"20190513163436","is_ascension_mode":true,"campfire_choices":[{"data":"Shrug It Off","floor":6,"key":"SMITH"},{"data":"Body Slam","floor":8,"key":"SMITH"},{"data":"Shrug It Off","floor":10,"key":"SMITH"},{"data":"Uppercut","floor":15,"key":"SMITH"}],"neow_cost":"NONE","seed_source_timestamp":2166235864175476,"circlet_count":0,"master_deck":["AscendersBane","Strike_R","Strike_R","Strike_R","Strike_R","Strike_R","Defend_R","Defend_R","Defend_R","Bash","Impervious","Cleave","Shrug It Off+1","Shrug It Off+1","Body Slam+1","Double Tap","Disarm","Uppercut+1","Battle Trance","Brutality","Cleave+1","Anger","Havoc+1"],"relics":["Burning Blood","Orichalcum","Ornamental Fan","Potion Belt","Vajra","Smiling Mask","White Beast Statue"],"potions_floor_usage":[7,18,19,21,22],"damage_taken":[{"damage":2,"enemies":"Jaw Worm","floor":1,"turns":4},{"damage":1,"enemies":"Cultist","floor":3,"turns":4},{"damage":4,"enemies":"2 Louse","floor":5,"turns":3},{"damage":10,"enemies":"3 Sentries","floor":7,"turns":7},{"damage":19,"enemies":"Gremlin Gang","floor":11,"turns":5},{"damage":23,"enemies":"Lagavulin","floor":13,"turns":9},{"damage":5,"enemies":"Looter","floor":14,"turns":3},{"damage":6,"enemies":"The Guardian","floor":16,"turns":12},{"damage":7,"enemies":"Chosen","floor":18,"turns":6},{"damage":14,"enemies":"Spheric Guardian","floor":19,"turns":4},{"damage":61,"enemies":"Cultist and Chosen","floor":21,"turns":9},{"damage":16,"enemies":"Sentry and Sphere","floor":22,"turns":3}],"seed_played":"719656504204212732","potions_obtained":[{"floor":3,"key":"Explosive Potion"},{"floor":13,"key":"SpeedPotion"},{"floor":14,"key":"EssenceOfSteel"},{"floor":18,"key":"Fruit Juice"},{"floor":19,"key":"SteroidPotion"},{"floor":21,"key":"Ancient Potion"}],"is_trial":false,"path_per_floor":["M","?","M","?","M","R","E","R","T","R","M","$","E","M","R","B",null,"M","M","?","M","M"],"character_chosen":"IRONCLAD","items_purchased":["Vajra","Disarm"],"campfire_rested":0,"item_purchase_floors":[12,12],"current_hp_per_floor":[72,72,75,75,75,75,71,71,71,71,58,58,41,42,42,42,67,71,63,63,8,0],"gold":213,"neow_bonus":"ONE_RANDOM_RARE_CARD","is_prod":false,"is_daily":false,"chose_seed":false,"campfire_upgraded":4,"win_rate":0,"timestamp":1557776076,"path_taken":["M","?","?","?","M","R","E","R","T","R","?","$","E","M","R","BOSS","M","?","?","M","M"],"build_version":"2019-01-23","purchased_purges":1,"victory":false,"max_hp_per_floor":[75,75,75,75,75,75,75,75,75,75,75,75,75,75,75,75,75,80,80,80,80,80],"card_choices":[{"not_picked":["Pommel Strike","Havoc"],"picked":"Cleave","floor":1},{"not_picked":["Havoc","Sword Boomerang"],"picked":"Shrug It Off","floor":3},{"not_picked":["Sever Soul","Headbutt"],"picked":"Shrug It Off","floor":5},{"not_picked":["Power Through","Anger"],"picked":"Body Slam","floor":7},{"not_picked":["Evolve","Perfected Strike"],"picked":"Double Tap","floor":11},{"not_picked":["Corruption","Headbutt"],"picked":"Uppercut","floor":13},{"not_picked":["Iron Wave","Whirlwind"],"picked":"Battle Trance","floor":14},{"not_picked":["Immolate","Exhume"],"picked":"Brutality","floor":16},{"not_picked":["Pommel Strike","Heavy Blade","Iron Wave"],"picked":"SKIP","floor":18},{"not_picked":["Headbutt","Warcry"],"picked":"Cleave+1","floor":19},{"not_picked":["Warcry","Shrug It Off"],"picked":"Havoc+1","floor":21}],"player_experience":731492,"relics_obtained":[{"floor":4,"key":"Orichalcum"},{"floor":7,"key":"Ornamental Fan"},{"floor":9,"key":"Potion Belt"},{"floor":13,"key":"Smiling Mask"}],"event_choices":[{"damage_healed":0,"gold_gain":100,"player_choice":"Pray","damage_taken":0,"max_hp_gain":0,"max_hp_loss":0,"event_name":"Golden Shrine","floor":2,"gold_loss":0},{"damage_healed":0,"gold_gain":0,"player_choice":"Relic","damage_taken":0,"max_hp_gain":0,"max_hp_loss":0,"event_name":"Wheel of Change","floor":4,"gold_loss":0},{"damage_healed":0,"gold_gain":0,"player_choice":"Read","damage_taken":0,"max_hp_gain":0,"max_hp_loss":0,"event_name":"The Library","floor":20,"gold_loss":0,"cards_obtained":["Anger"]}],"is_beta":false,"boss_relics":[{"not_picked":["Runic Cube","Fusion Hammer"],"picked":"White Beast Statue"}],"items_purged_floors":[12],"is_endless":false,"potions_floor_spawned":[3,13,14,18,19,21],"killed_by":"Sentry and Sphere","ascension_level":14}