{"gold_per_floor":[113,124,124,135,210,210,222,222,222,222,238,266,282,296,296,399,399,415,427,342,118,118],"floor_reached":22,"playtime":861,"items_purged":["Decay"],"score":188,"play_id":"98eefc8e-b7ee-44a4-8efe-8441890ccc65","local_time":"20181020160355","is_ascension_mode":false,"campfire_choices":[{"data":"Zap","floor":6,"key":"SMITH"},{"data":"Redo","floor":8,"key":"SMITH"},{"data":"Gash","floor":10,"key":"SMITH"},{"floor":15,"key":"REST"}],"neow_cost":"NONE","seed_source_timestamp":700272303908466,"circlet_count":0,"master_deck":["Strike_B","Strike_B","Strike_B","Defend_B","Defend_B","Defend_B","Defend_B","Zap+1","Dualcast","Redo+1","Gash+1","Sweeping Beam","Loop","Streamline","White Noise","Storm","Gash","Creative AI","Injury","Writhe"],"relics":["Cracked Core","NeowsBlessing","Incense Burner","Torii","Calling Bell","Ancient Tea Set","Kunai","Ice Cream","Shovel","Vajra"],"potions_floor_usage":[16,16,19,19],"damage_taken":[{"damage":0,"enemies":"Cultist","floor":1,"turns":1},{"damage":0,"enemies":"Small Slimes","floor":2,"turns":1},{"damage":0,"enemies":"2 Louse","floor":4,"turns":1},{"damage":7,"enemies":"2 Fungi Beasts","floor":7,"turns":3},{"damage":16,"enemies":"Large Slime","floor":11,"turns":4},{"damage":1,"enemies":"Gremlin Nob","floor":12,"turns":3},{"damage":2,"enemies":"Looter","floor":13,"turns":3},{"damage":7,"enemies":"Blue Slaver","floor":14,"turns":2},{"damage":23,"enemies":"Hexaghost","floor":16,"turns":8},{"damage":36,"enemies":"Shell Parasite","floor":18,"turns":4},{"damage":31,"enemies":"2 Thieves","floor":19,"turns":3},{"damage":15,"enemies":"Cultist and Chosen","floor":22,"turns":4}],"seed_played":"3864513054168483117","potions_obtained":[{"floor":13,"key":"SpeedPotion"},{"floor":14,"key":"Energy Potion"},{"floor":16,"key":"Energy Potion"},{"floor":18,"key":"Fire Potion"},{"floor":19,"key":"Strength Potion"}],"is_trial":false,"path_per_floor":["M","M","?","M","?","R","M","R","T","R","M","E","M","M","R","B",null,"M","M","?","$"],"character_chosen":"DEFECT","items_purchased":["Vajra"],"campfire_rested":1,"item_purchase_floors":[21],"current_hp_per_floor":[75,75,75,75,64,64,57,57,57,57,41,40,38,31,53,30,75,39,8,8,8,0],"gold":118,"neow_bonus":"THREE_ENEMY_KILL","is_prod":false,"is_daily":false,"chose_seed":false,"campfire_upgraded":3,"win_rate":0,"timestamp":1540062235,"path_taken":["M","M","?","M","?","R","M","R","T","R","M","E","M","M","R","BOSS","M","M","?","$","M"],"build_version":"2018-10-18","purchased_purges":1,"victory":false,"max_hp_per_floor":[75,75,75,75,75,75,75,75,75,75,75,75,75,75,75,75,75,75,75,75,75,75],"card_choices":[{"not_picked":["Coolheaded","Compile Driver"],"picked":"Redo","floor":1},{"not_picked":["Barrage","Steam"],"picked":"Gash","floor":2},{"not_picked":["Reprogram","Coolheaded"],"picked":"Sweeping Beam","floor":4},{"not_picked":["Glacier","Melter"],"picked":"Loop","floor":7},{"not_picked":["Skim","Go for the Eyes"],"picked":"Streamline","floor":11},{"not_picked":["Chaos","Steam"],"picked":"White Noise","floor":12},{"not_picked":["Barrage","Streamline"],"picked":"Storm","floor":13},{"not_picked":["Double Energy","Storm"],"picked":"Gash","floor":14},{"not_picked":["Biased Cognition","Fission"],"picked":"Creative AI","floor":16},{"not_picked":["Consume","Aggregate","Static Discharge"],"picked":"SKIP","floor":18},{"not_picked":["Static Discharge","Redo","Coolheaded"],"picked":"SKIP","floor":19}],"player_experience":334613,"relics_obtained":[{"floor":9,"key":"Incense Burner"},{"floor":12,"key":"Torii"},{"floor":17,"key":"Ancient Tea Set"},{"floor":17,"key":"Kunai"},{"floor":17,"key":"Ice Cream"}],"event_choices":[{"cards_removed":["Strike_B"],"damage_healed":0,"gold_gain":0,"player_choice":"Offered Basic","damage_taken":0,"max_hp_gain":0,"max_hp_loss":0,"event_name":"Bonfire Elementals","floor":3,"gold_loss":0},{"damage_healed":0,"gold_gain":75,"player_choice":"Gather Gold","damage_taken":11,"max_hp_gain":0,"max_hp_loss":0,"event_name":"World of Goop","floor":5,"gold_loss":0},{"damage_healed":0,"gold_gain":0,"player_choice":"Obtained Relic","damage_taken":0,"relics_obtained":["Shovel"],"max_hp_gain":0,"max_hp_loss":0,"event_name":"Addict","floor":20,"gold_loss":85}],"is_beta":false,"boss_relics":[{"not_picked":["Busted Crown","Black Star"],"picked":"Calling Bell"}],"items_purged_floors":[21],"is_endless":false,"potions_floor_spawned":[13,14,16,18,19],"killed_by":"Cultist and Chosen","ascension_level":0}