{"gold_per_floor":[116,127,52,52,65,99,42,42,42,42,7,26,56,2,2,74,74,93,73,91,37,37,37,69,69,69,69,103,117,117,135,135,206,206,226,226,226,238,18,18,51,66,89,102,21,40,40,40,40,40],"floor_reached":50,"playtime":3496,"items_purged":["Strike_B"],"score":1136,"play_id":"e728e105-dcd7-48c7-8bb3-4dcbfcb5291c","local_time":"20190124202653","is_ascension_mode":true,"campfire_choices":[{"floor":8,"key":"REST"},{"floor":10,"key":"REST"},{"data":"Reinforced Body","floor":15,"key":"SMITH"},{"floor":23,"key":"REST"},{"floor":25,"key":"REST"},{"floor":27,"key":"REST"},{"floor":32,"key":"REST"},{"data":"Static Discharge","floor":40,"key":"SMITH"},{"floor":47,"key":"REST"},{"floor":49,"key":"RECALL"}],"neow_cost":"NONE","seed_source_timestamp":23521347623960,"circlet_count":0,"master_deck":["AscendersBane","Strike_B+1","Defend_B+1","Defend_B+1","Defend_B+1","Defend_B+1","Zap","Dualcast","Recycle","Sweeping Beam","Gash","Conserve Battery","FTL","Reinforced Body+1","Gash","Echo Form","Gash","Cold Snap","Defragment+1","Compile Driver","Coolheaded","Hologram","Creative AI","Skim","Skim","Apotheosis","Static Discharge+1"],"relics":["Cracked Core","FossilizedHelix","Sundial","Vajra","Nuclear Battery","Ancient Tea Set","Matryoshka","Bottled Tornado","Busted Crown","Bottled Flame","Anchor"],"potions_floor_usage":[6,6,13,16,18,19,24,29,33,44],"damage_taken":[{"damage":13,"enemies":"2 Louse","floor":1,"turns":4},{"damage":1,"enemies":"Cultist","floor":2,"turns":4},{"damage":13,"enemies":"Small Slimes","floor":5,"turns":3},{"damage":28,"enemies":"Lagavulin","floor":6,"turns":6},{"damage":22,"enemies":"Exordium Thugs","floor":12,"turns":5},{"damage":29,"enemies":"Gremlin Nob","floor":13,"turns":4},{"damage":6,"enemies":"The Guardian","floor":16,"turns":15},{"damage":0,"enemies":"3 Byrds","floor":18,"turns":5},{"damage":0,"enemies":"2 Thieves","floor":19,"turns":4},{"damage":28,"enemies":"Snake Plant","floor":20,"turns":6},{"damage":41,"enemies":"Slavers","floor":24,"turns":5},{"damage":16,"enemies":"Gremlin Leader","floor":28,"turns":8},{"damage":8,"enemies":"Shelled Parasite and Fungi","floor":29,"turns":5},{"damage":0,"enemies":"Centurion and Healer","floor":31,"turns":6},{"damage":0,"enemies":"Automaton","floor":33,"turns":8},{"damage":0,"enemies":"Orb Walker","floor":35,"turns":4},{"damage":0,"enemies":"3 Shapes","floor":38,"turns":7},{"damage":37,"enemies":"Reptomancer","floor":41,"turns":7},{"damage":12,"enemies":"Jaw Worm Horde","floor":42,"turns":4},{"damage":6,"enemies":"Spire Growth","floor":44,"turns":5},{"damage":0,"enemies":"4 Shapes","floor":46,"turns":10},{"damage":34,"enemies":"Time Eater","floor":50,"turns":3}],"seed_played":"2171208743074460966","potions_obtained":[{"floor":2,"key":"Dexterity Potion"},{"floor":4,"key":"Fire Potion"},{"floor":4,"key":"Weak Potion"},{"floor":13,"key":"SpeedPotion"},{"floor":16,"key":"Strength Potion"},{"floor":18,"key":"Poison Potion"},{"floor":24,"key":"Ancient Potion"},{"floor":29,"key":"Poison Potion"},{"floor":33,"key":"Energy Potion"},{"floor":38,"key":"Ancient Potion"},{"floor":44,"key":"LiquidBronze"}],"is_trial":false,"path_per_floor":["M","M","$","?","M","E","$","R","T","R","?","M","E","$","R","B",null,"M","M","M","$","?","R","E","R","T","R","E","M","?","M","R","B",null,"M","?","?","M","$","R","E","M","T","M","$","M","R","?","R","B"],"character_chosen":"DEFECT","items_purchased":["AttackPotion","Fire Potion","PowerPotion","Apotheosis","Static Discharge","FocusPotion"],"campfire_rested":7,"item_purchase_floors":[7,14,21,39,39,45],"current_hp_per_floor":[51,50,50,50,37,9,9,30,30,51,68,46,17,17,17,11,56,56,56,28,28,28,49,8,29,29,50,34,26,26,26,47,47,65,65,65,65,65,65,65,28,16,16,10,10,10,31,31,31,0],"gold":40,"neow_bonus":"TRANSFORM_CARD","is_prod":false,"is_daily":false,"chose_seed":false,"campfire_upgraded":2,"win_rate":0,"timestamp":1548358013,"path_taken":["M","M","$","?","?","E","$","R","T","R","?","M","E","?","R","BOSS","M","M","?","?","?","R","E","R","T","R","E","M","?","M","R","BOSS","M","?","?","M","$","R","E","M","T","?","$","M","R","?","R","BOSS"],"build_version":"2019-01-23","purchased_purges":1,"victory":false,"max_hp_per_floor":[71,71,71,71,71,71,71,71,71,71,71,71,71,71,71,71,71,71,71,71,71,71,71,71,71,71,71,71,71,71,71,71,71,71,71,71,71,71,71,71,71,71,71,71,71,71,71,71,71,71],"card_choices":[{"not_picked":["Stack","Loop"],"picked":"Sweeping Beam","floor":1},{"not_picked":["Compile Driver","Static Discharge"],"picked":"Gash","floor":2},{"not_picked":["Barrage","Loop"],"picked":"Conserve Battery","floor":5},{"not_picked":["Multi-Cast","Steam"],"picked":"FTL","floor":6},{"not_picked":["Barrage","Capacitor"],"picked":"Reinforced Body","floor":12},{"not_picked":["Reboot","Coolheaded"],"picked":"Gash","floor":13},{"not_picked":["Machine Learning","Buffer"],"picked":"Echo Form","floor":16},{"not_picked":["Streamline","Lockon"],"picked":"Gash","floor":18},{"not_picked":["Static Discharge","Beam Cell"],"picked":"Cold Snap","floor":19},{"not_picked":["Rainbow","Melter+1"],"picked":"Defragment+1","floor":20},{"not_picked":["Go for the Eyes","Sunder"],"picked":"Coolheaded","floor":24},{"not_picked":["Sweeping Beam","Turbo","Chaos"],"picked":"SKIP","floor":28},{"not_picked":["Reprogram+1","Beam Cell","Hello World"],"picked":"SKIP","floor":29},{"not_picked":["Tempest","Ball Lightning"],"picked":"Hologram","floor":31},{"not_picked":["Seek","Hyperbeam"],"picked":"Creative AI","floor":33},{"not_picked":[],"picked":"Skim","floor":35},{"not_picked":[],"picked":"Skim","floor":38},{"not_picked":["Gash"],"picked":"SKIP","floor":41},{"not_picked":["Force Field"],"picked":"SKIP","floor":42},{"not_picked":["Conserve Battery"],"picked":"SKIP","floor":44},{"not_picked":["Beam Cell"],"picked":"SKIP","floor":46}],"player_experience":769684,"relics_obtained":[{"floor":6,"key":"FossilizedHelix"},{"floor":9,"key":"Sundial"},{"floor":13,"key":"Vajra"},{"floor":24,"key":"Ancient Tea Set"},{"floor":26,"key":"Matryoshka"},{"floor":28,"key":"Bottled Tornado"},{"floor":41,"key":"Bottled Flame"},{"floor":43,"key":"Anchor"}],"event_choices":[{"damage_healed":0,"gold_gain":0,"player_choice":"Got Potions","damage_taken":0,"max_hp_gain":0,"max_hp_loss":0,"event_name":"Lab","floor":4,"gold_loss":0},{"damage_healed":17,"gold_gain":0,"player_choice":"Healed","damage_taken":0,"max_hp_gain":0,"max_hp_loss":0,"event_name":"The Cleric","floor":11,"gold_loss":35},{"damage_healed":0,"gold_gain":0,"player_choice":"Read","damage_taken":0,"max_hp_gain":0,"max_hp_loss":0,"event_name":"The Library","floor":22,"gold_loss":0,"cards_obtained":["Compile Driver"]},{"damage_healed":0,"gold_gain":0,"player_choice":"Simplicity","damage_taken":0,"max_hp_gain":0,"max_hp_loss":0,"event_name":"Back to Basics","floor":30,"gold_loss":0,"cards_upgraded":["Strike_B","Strike_B","Defend_B","Defend_B","Defend_B","Defend_B"]},{"damage_healed":0,"gold_gain":0,"player_choice":"Ignored","damage_taken":0,"max_hp_gain":0,"max_hp_loss":0,"event_name":"Tomb of Lord Red Mask","floor":36,"gold_loss":0},{"cards_removed":["Strike_B"],"damage_healed":0,"gold_gain":0,"player_choice":"Offered Basic","damage_taken":0,"max_hp_gain":0,"max_hp_loss":0,"event_name":"Bonfire Elementals","floor":37,"gold_loss":0},{"damage_healed":0,"gold_gain":0,"player_choice":"Memory 1","damage_taken":0,"max_hp_gain":0,"max_hp_loss":0,"event_name":"SensoryStone","floor":48,"gold_loss":0}],"is_beta":false,"boss_relics":[{"not_picked":["FrozenCore","Tiny House"],"picked":"Nuclear Battery"},{"not_picked":["Runic Dome","Orrery"],"picked":"Busted Crown"}],"items_purged_floors":[3],"is_endless":false,"potions_floor_spawned":[2,5,13,16,18,24,29,33,38,44],"killed_by":"Time Eater","ascension_level":20}