{"gold_per_floor":[115,125,137,137,62,62,75,103,103,103,103,136,1,62,62,62],"floor_reached":16,"playtime":541,"items_purged":["Strike_R","Strike_R"],"score":118,"play_id":"64969914-42e7-4690-8992-bb65bd87808d","local_time":"20190401144848","is_ascension_mode":false,"campfire_choices":[{"data":"Bash","floor":6,"key":"SMITH"},{"data":"Feed","floor":10,"key":"SMITH"},{"floor":15,"key":"REST"}],"neow_cost":"NONE","seed_source_timestamp":708266163997468,"circlet_count":0,"master_deck":["Strike_R+1","Strike_R","Strike_R+1","Defend_R","Defend_R","Defend_R","Defend_R","Bash+1","Barricade+1","Inflame","Cleave","Feed+1","Warcry","Entrench","Inflame","Ghostly Armor"],"relics":["Burning Blood","Whetstone","Boot","Shuriken","Tiny Chest"],"potions_floor_usage":[8,12],"damage_taken":[{"damage":1,"enemies":"Cultist","floor":1,"turns":4},{"damage":2,"enemies":"2 Louse","floor":2,"turns":4},{"damage":7,"enemies":"Jaw Worm","floor":3,"turns":4},{"damage":15,"enemies":"Looter","floor":7,"turns":3},{"damage":20,"enemies":"Gremlin Nob","floor":8,"turns":4},{"damage":30,"enemies":"3 Sentries","floor":12,"turns":5},{"damage":24,"enemies":"Gremlin Nob","floor":14,"turns":4},{"damage":67,"enemies":"The Guardian","floor":16,"turns":11}],"seed_played":"7191102149846535412","potions_obtained":[{"floor":1,"key":"Explosive Potion"},{"floor":2,"key":"Ancient Potion"}],"is_trial":false,"path_per_floor":["M","M","M","?","$","R","M","E","T","R","?","E","$","E","R","B"],"character_chosen":"IRONCLAD","items_purchased":["Inflame"],"campfire_rested":1,"item_purchase_floors":[13],"current_hp_per_floor":[80,80,79,79,79,79,70,56,56,56,61,41,41,23,49,0],"gold":62,"neow_bonus":"ONE_RANDOM_RARE_CARD","is_prod":false,"is_daily":false,"chose_seed":false,"campfire_upgraded":2,"win_rate":0,"timestamp":1554140928,"path_taken":["M","M","?","?","$","R","?","E","T","R","?","E","$","E","R","BOSS"],"build_version":"2019-01-23","purchased_purges":2,"victory":false,"max_hp_per_floor":[80,80,80,80,80,80,80,80,80,80,85,89,89,89,89,89],"card_choices":[{"not_picked":["Dropkick","Perfected Strike"],"picked":"Inflame","floor":1},{"not_picked":["Power Through","Thunderclap","Headbutt"],"picked":"SKIP","floor":2},{"not_picked":["Dropkick","Cleave","Armaments"],"picked":"SKIP","floor":3},{"not_picked":["Dropkick","Armaments"],"picked":"Cleave","floor":3},{"not_picked":["Body Slam","Blood for Blood"],"picked":"Feed","floor":7},{"not_picked":["Hemokinesis","Dual Wield"],"picked":"Warcry","floor":8},{"not_picked":["Flame Barrier","Searing Blow"],"picked":"Entrench","floor":12},{"not_picked":["Thunderclap","Searing Blow"],"picked":"Ghostly Armor","floor":14}],"player_experience":573050,"relics_obtained":[{"floor":8,"key":"Whetstone"},{"floor":9,"key":"Boot"},{"floor":12,"key":"Shuriken"},{"floor":14,"key":"Tiny Chest"}],"event_choices":[{"damage_healed":0,"gold_gain":0,"player_choice":"Upgraded","damage_taken":0,"max_hp_gain":0,"max_hp_loss":0,"event_name":"Upgrade Shrine","floor":4,"gold_loss":0,"cards_upgraded":["Barricade"]},{"damage_healed":0,"gold_gain":0,"player_choice":"Donut","damage_taken":0,"max_hp_gain":5,"max_hp_loss":0,"event_name":"Big Fish","floor":11,"gold_loss":0}],"is_beta":false,"boss_relics":[],"items_purged_floors":[5,13],"is_endless":false,"potions_floor_spawned":[1,2],"killed_by":"The Guardian","ascension_level":0}