{"gold_per_floor":[117,129,129,143,143,143,179,179,179,179,200,200,46,89,89,187,187,212,235,335,335],"floor_reached":21,"playtime":881,"items_purged":["Strike_R"],"score":318,"play_id":"585fbbd9-0323-4f1c-9744-5759166c0778","local_time":"20190516130758","is_ascension_mode":true,"campfire_choices":[{"floor":6.0,"key":"REST"},{"floor":8.0,"key":"REST"},{"data":"Bash","floor":10.0,"key":"SMITH"},{"floor":12.0,"key":"REST"},{"data":"Rupture","floor":15.0,"key":"SMITH"}],"neow_cost":"NONE","seed_source_timestamp":0,"circlet_count":0,"master_deck":["AscendersBane","Strike_R+1","Strike_R","Strike_R+1","Strike_R","Defend_R","Defend_R","Defend_R","Defend_R","Bash+1","Cleave","Sword Boomerang","Battle Trance","Rupture+1","Feed","Combust","Flame Barrier","Brutality","Warcry+1","Warcry"],"special_seed":0,"relics":["Black Blood","Bag of Preparation","Golden Idol","Potion Belt","Matryoshka","Omamori"],"potions_floor_usage":[],"damage_taken":[{"damage":6.0,"enemies":"Cultist","floor":1.0,"turns":4.0},{"damage":0.0,"enemies":"Small Slimes","floor":2.0,"turns":3.0},{"damage":16.0,"enemies":"2 Louse","floor":4.0,"turns":3.0},{"damage":30.0,"enemies":"Lagavulin","floor":7.0,"turns":6.0},{"damage":10.0,"enemies":"Exordium Thugs","floor":11.0,"turns":2.0},{"damage":29.0,"enemies":"3 Sentries","floor":14.0,"turns":6.0},{"damage":24.0,"enemies":"Slime Boss","floor":16.0,"turns":7.0},{"damage":41,"enemies":"2 Thieves","floor":18,"turns":4},{"damage":9,"enemies":"3 Byrds","floor":19,"turns":3},{"damage":47,"enemies":"Snecko","floor":21,"turns":5}],"seed_played":"8339814620946573531","potions_obtained":[{"floor":1.0,"key":"Energy Potion"},{"floor":7.0,"key":"AttackPotion"}],"is_trial":false,"path_per_floor":["M","M","?","M","?","R","E","R","T","R","M","R","$","E","R","B",null,"M","M","?","M"],"character_chosen":"IRONCLAD","items_purchased":["Combust"],"campfire_rested":3,"item_purchase_floors":[13],"current_hp_per_floor":[68,74,56,46,31,53,29,51,51,51,47,69,69,49,49,34,69,41,42,42,0],"gold":335,"neow_bonus":"RANDOM_COMMON_RELIC","is_prod":false,"is_daily":false,"chose_seed":false,"campfire_upgraded":2,"win_rate":0,"timestamp":1558022878,"path_taken":["M","M","?","M","?","R","E","R","T","R","M","R","$","E","R","BOSS","M","M","?","?"],"build_version":"2019-01-23","purchased_purges":1,"victory":false,"max_hp_per_floor":[75,75,75,75,75,75,75,75,75,75,75,75,75,78,78,81,81,84,84,84,84],"card_choices":[{"not_picked":["Pummel","Flex"],"picked":"Cleave","floor":1.0},{"not_picked":["Flex","Rupture"],"picked":"Sword Boomerang","floor":2.0},{"not_picked":["Pommel Strike","Heavy Blade"],"picked":"Battle Trance","floor":4.0},{"not_picked":["Perfected Strike","Sever Soul"],"picked":"Rupture","floor":7.0},{"not_picked":["Sever Soul","Intimidate"],"picked":"Feed","floor":11.0},{"not_picked":["Anger","Armaments"],"picked":"Flame Barrier","floor":14.0},{"not_picked":["Juggernaut","Impervious"],"picked":"Brutality","floor":16.0},{"not_picked":["Pommel Strike","Wild Strike"],"picked":"Warcry+1","floor":18},{"not_picked":["Pommel Strike","Flex"],"picked":"Warcry","floor":19}],"player_experience":740215,"relics_obtained":[{"floor":7.0,"key":"Potion Belt"},{"floor":9.0,"key":"Matryoshka"},{"floor":14.0,"key":"Omamori"}],"event_choices":[{"damage_healed":0.0,"max_hp_gain":0.0,"max_hp_loss":0.0,"gold_gain":0.0,"event_name":"Golden Idol","player_choice":"Take Damage","floor":3.0,"gold_loss":0.0,"damage_taken":18.0,"relics_obtained":["Golden Idol"]},{"damage_healed":0.0,"max_hp_gain":0.0,"max_hp_loss":0.0,"gold_gain":0.0,"event_name":"Shining Light","player_choice":"Entered Light","floor":5.0,"gold_loss":0.0,"damage_taken":15.0,"cards_upgraded":["Strike_R","Strike_R"]},{"damage_healed":0,"gold_gain":100,"player_choice":"Pray","damage_taken":0,"max_hp_gain":0,"max_hp_loss":0,"event_name":"Golden Shrine","floor":20,"gold_loss":0}],"is_beta":false,"boss_relics":[{"not_picked":["Astrolabe","Calling Bell"],"picked":"Black Blood"}],"items_purged_floors":[13],"is_endless":false,"potions_floor_spawned":[1,7],"killed_by":"Snecko","ascension_level":14}