{"gold_per_floor":[115,115,135,146,156,156,188,188,270,297,119,119,138,153,153,227,227,241,260,310,321,15,15],"floor_reached":23,"playtime":2048,"items_purged":["Strike_R","Strike_R"],"score":406,"play_id":"f409a03d-c9ee-474d-aaa7-bd9c48496731","local_time":"20181120225225","is_ascension_mode":true,"campfire_choices":[{"data":"Bash","floor":6,"key":"SMITH"},{"data":"1","floor":8,"key":"LIFT"},{"data":"2","floor":15,"key":"LIFT"}],"neow_cost":"NONE","seed_source_timestamp":20147370225788,"circlet_count":0,"master_deck":["AscendersBane","Strike_R","Strike_R","Defend_R+1","Defend_R","Defend_R+1","Defend_R","Bash+1","Metallicize","Clothesline","Sword Boomerang","Armaments+1","True Grit","Feel No Pain","Shrug It Off","Immolate","Shrug It Off","Shrug It Off","Inflame"],"relics":["Burning Blood","Girya","Paper Frog","War Paint","Runic Pyramid","Bag of Marbles"],"potions_floor_usage":[5,16,16,18,23],"damage_taken":[{"damage":2,"enemies":"2 Louse","floor":1,"turns":3},{"damage":7,"enemies":"Cultist","floor":3,"turns":4},{"damage":7,"enemies":"Small Slimes","floor":4,"turns":4},{"damage":1,"enemies":"Looter","floor":5,"turns":3},{"damage":42,"enemies":"Lagavulin","floor":7,"turns":10},{"damage":42,"enemies":"3 Sentries","floor":10,"turns":14},{"damage":8,"enemies":"2 Fungi Beasts","floor":13,"turns":5},{"damage":1,"enemies":"Exordium Thugs","floor":14,"turns":6},{"damage":10,"enemies":"The Guardian","floor":16,"turns":13},{"damage":43,"enemies":"3 Byrds","floor":18,"turns":6},{"damage":0,"enemies":"Chosen","floor":19,"turns":6},{"damage":12,"enemies":"Shelled Parasite and Fungi","floor":21,"turns":11},{"damage":42,"enemies":"Slavers","floor":23,"turns":4}],"seed_played":"-102143264849756438","potions_obtained":[{"floor":1,"key":"Block Potion"},{"floor":4,"key":"SpeedPotion"},{"floor":14,"key":"Fire Potion"},{"floor":16,"key":"Dexterity Potion"},{"floor":18,"key":"Fire Potion"},{"floor":21,"key":"LiquidBronze"}],"is_trial":false,"path_per_floor":["M","?","M","M","M","R","E","R","T","E","$","?","M","M","R","B",null,"M","M","?","M","$","E"],"character_chosen":"IRONCLAD","items_purchased":["True Grit","Feel No Pain","Bag of Marbles","Inflame"],"campfire_rested":0,"item_purchase_floors":[11,11,22,22],"current_hp_per_floor":[79,79,78,77,82,82,46,46,46,10,10,10,8,13,13,9,64,27,33,33,27,27,0],"gold":15,"neow_bonus":"TEN_PERCENT_HP_BONUS","is_prod":false,"is_daily":false,"chose_seed":false,"campfire_upgraded":1,"win_rate":0,"timestamp":1542750745,"path_taken":["M","?","M","M","?","R","E","R","T","E","$","?","M","M","R","BOSS","M","M","?","?","$","E"],"build_version":"2018-11-15","purchased_purges":2,"victory":false,"max_hp_per_floor":[82,82,82,82,82,82,82,82,82,82,82,82,82,82,82,82,82,82,82,82,82,82,82],"card_choices":[{"not_picked":["Dropkick","Thunderclap"],"picked":"Metallicize","floor":1},{"not_picked":["Feel No Pain","Headbutt"],"picked":"Clothesline","floor":3},{"not_picked":["Corruption","Cleave"],"picked":"Sword Boomerang","floor":4},{"not_picked":["Thunderclap","Twin Strike","Wild Strike"],"picked":"SKIP","floor":5},{"not_picked":["Burning Pact","Seeing Red"],"picked":"Armaments","floor":7},{"not_picked":["Body Slam","Thunderclap","Havoc"],"picked":"SKIP","floor":10},{"not_picked":["Havoc","Clash"],"picked":"Shrug It Off","floor":13},{"not_picked":["Thunderclap","Rampage","Flex"],"picked":"SKIP","floor":14},{"not_picked":["Barricade","Impervious"],"picked":"Immolate","floor":16},{"not_picked":["Evolve+1","Perfected Strike"],"picked":"Shrug It Off","floor":18},{"not_picked":["Fire Breathing","Thunderclap"],"picked":"Shrug It Off","floor":19},{"not_picked":["Hemokinesis","Cleave","Reckless Charge"],"picked":"SKIP","floor":21}],"player_experience":591637,"relics_obtained":[{"floor":7,"key":"Girya"},{"floor":9,"key":"Paper Frog"},{"floor":10,"key":"War Paint"}],"event_choices":[{"cards_removed":["Strike_R"],"damage_healed":0,"gold_gain":0,"player_choice":"Purged","damage_taken":0,"max_hp_gain":0,"max_hp_loss":0,"event_name":"Purifier","floor":2,"gold_loss":0},{"damage_healed":0,"gold_gain":0,"player_choice":"Grow","damage_taken":0,"max_hp_gain":0,"max_hp_loss":0,"event_name":"Living Wall","floor":12,"gold_loss":0,"cards_upgraded":["Armaments"]},{"damage_healed":0,"gold_gain":100,"player_choice":"Bet on Murderer","damage_taken":0,"max_hp_gain":0,"max_hp_loss":0,"event_name":"The Joust","floor":20,"gold_loss":50}],"is_beta":false,"boss_relics":[{"not_picked":["Astrolabe","Eternal Feather"],"picked":"Runic Pyramid"}],"items_purged_floors":[11,22],"is_endless":false,"potions_floor_spawned":[1,4,14,16,18,21],"killed_by":"Slavers","ascension_level":20}