{"gold_per_floor":[114,114,131,56,67,67,100,100,150,150,164,190,206,217,217,289,289,307,28,56,56,56],"floor_reached":22,"playtime":1147,"items_purged":["Strike_R","Strike_R"],"score":388,"play_id":"52675064-1bcd-4e5f-98b7-8af08994adbc","local_time":"20190406190440","is_ascension_mode":true,"campfire_choices":[{"data":"Combust","floor":6,"key":"SMITH"},{"data":"Anger","floor":8,"key":"SMITH"},{"data":"Shockwave","floor":10,"key":"SMITH"},{"data":"Immolate","floor":15,"key":"SMITH"}],"neow_cost":"NONE","seed_source_timestamp":21291861338240,"circlet_count":0,"master_deck":["AscendersBane","Strike_R","Strike_R","Defend_R","Defend_R","Defend_R","Defend_R","Bash","Anger+1","Combust+1","Shockwave+1","Thunderclap","Rupture","Immolate+1","Disarm","Reaper","Pain","Master of Strategy","Shrug It Off"],"relics":["Burning Blood","Omamori","Bronze Scales","Sundial","Calling Bell","Bag of Marbles","Gremlin Horn","Unceasing Top","Red Mask","Nilry\u0027s Codex"],"potions_floor_usage":[16,22,22],"damage_taken":[{"damage":4,"enemies":"Jaw Worm","floor":1,"turns":5},{"damage":2,"enemies":"Cultist","floor":3,"turns":4},{"damage":6,"enemies":"Small Slimes","floor":5,"turns":3},{"damage":20,"enemies":"Lagavulin","floor":7,"turns":7},{"damage":12,"enemies":"Blue Slaver","floor":11,"turns":4},{"damage":29,"enemies":"3 Sentries","floor":12,"turns":5},{"damage":3,"enemies":"2 Fungi Beasts","floor":13,"turns":2},{"damage":1,"enemies":"Exordium Wildlife","floor":14,"turns":2},{"damage":27,"enemies":"The Guardian","floor":16,"turns":9},{"damage":59,"enemies":"Shell Parasite","floor":18,"turns":5},{"damage":1,"enemies":"Masked Bandits","floor":20,"turns":1},{"damage":21,"enemies":"Chosen","floor":22,"turns":5}],"seed_played":"-1833734070594827612","potions_obtained":[{"floor":3,"key":"Ancient Potion"},{"floor":11,"key":"FearPotion"},{"floor":20,"key":"Block Potion"}],"is_trial":false,"path_per_floor":["M","?","M","$","M","R","E","R","T","R","M","E","M","M","R","B",null,"M","$","?","?","M"],"character_chosen":"IRONCLAD","items_purchased":["Master of Strategy"],"campfire_rested":0,"item_purchase_floors":[19],"current_hp_per_floor":[77,77,81,81,81,81,67,67,67,67,61,38,41,46,46,25,68,15,15,22,1,0],"gold":56,"neow_bonus":"TEN_PERCENT_HP_BONUS","is_prod":false,"is_daily":false,"chose_seed":false,"campfire_upgraded":4,"win_rate":0,"timestamp":1554570280,"path_taken":["M","?","M","$","M","R","E","R","T","R","M","E","?","M","R","BOSS","M","$","?","?","M"],"build_version":"2019-01-23","purchased_purges":2,"victory":false,"max_hp_per_floor":[82,82,82,82,82,82,82,82,82,82,82,82,82,82,82,82,82,82,82,82,82,82],"card_choices":[{"not_picked":["Warcry","Body Slam"],"picked":"Anger","floor":1},{"not_picked":["Sever Soul","Burning Pact"],"picked":"Shockwave","floor":3},{"not_picked":["Wild Strike","Heavy Blade"],"picked":"Thunderclap","floor":5},{"not_picked":["Intimidate","Twin Strike","Anger"],"picked":"SKIP","floor":7},{"not_picked":["Twin Strike","Pummel"],"picked":"Rupture","floor":11},{"not_picked":["Cleave","Sever Soul"],"picked":"Immolate","floor":12},{"not_picked":["Clash","Hemokinesis"],"picked":"Disarm","floor":13},{"not_picked":["Havoc","Wild Strike","Heavy Blade"],"picked":"SKIP","floor":14},{"not_picked":["Feed","Brutality"],"picked":"Reaper","floor":16},{"not_picked":["Wild Strike","Feel No Pain","Fire Breathing"],"picked":"SKIP","floor":18},{"not_picked":["Second Wind","Flex"],"picked":"Shrug It Off","floor":20}],"player_experience":1086110,"relics_obtained":[{"floor":7,"key":"Omamori"},{"floor":9,"key":"Bronze Scales"},{"floor":12,"key":"Sundial"},{"floor":17,"key":"Bag of Marbles"},{"floor":17,"key":"Gremlin Horn"},{"floor":17,"key":"Unceasing Top"},{"floor":20,"key":"Red Mask"},{"floor":21,"key":"Nilry\u0027s Codex"}],"event_choices":[{"damage_healed":0,"gold_gain":0,"cards_transformed":["Strike_R"],"player_choice":"Transformed","damage_taken":0,"max_hp_gain":0,"max_hp_loss":0,"event_name":"Transmorgrifier","floor":2,"gold_loss":0,"cards_obtained":["Combust"]},{"damage_healed":0,"gold_gain":0,"player_choice":"Fought Bandits","damage_taken":0,"max_hp_gain":0,"max_hp_loss":0,"event_name":"Masked Bandits","floor":20,"gold_loss":0},{"damage_healed":0,"gold_gain":0,"player_choice":"Obtained Book","damage_taken":21,"max_hp_gain":0,"max_hp_loss":0,"event_name":"Cursed Tome","floor":21,"gold_loss":0}],"is_beta":false,"boss_relics":[{"not_picked":["Tiny House","Black Blood"],"picked":"Calling Bell"}],"items_purged_floors":[4,19],"is_endless":false,"potions_floor_spawned":[3,11,13,14,20],"killed_by":"Chosen","ascension_level":20}