{"gold_per_floor":[118,118,132,149,299,299,11,44,44,72,72,72,83,97,97,170,170,182,107,123,23,33,33],"floor_reached":23,"playtime":1193,"items_purged":["Doubt","Strike_B"],"score":402,"play_id":"ae26c452-8201-4726-bf20-820e2af4423d","local_time":"20181221203128","is_ascension_mode":true,"campfire_choices":[{"data":"Zap","floor":6,"key":"SMITH"},{"floor":12,"key":"REST"},{"data":"Darkness","floor":15,"key":"SMITH"}],"neow_cost":"NONE","seed_source_timestamp":13673146602367,"circlet_count":0,"master_deck":["AscendersBane","Strike_B","Defend_B","Defend_B","Defend_B","Defend_B","Zap+1","Dualcast","Go for the Eyes","Doom and Gloom","Compile Driver","Darkness+1","Coolheaded","Conserve Battery","Machine Learning","Sweeping Beam+1"],"relics":["Cracked Core","MealTicket","Meat on the Bone","Strawberry","Matryoshka","Nuclear Battery"],"potions_floor_usage":[10,18,23,23],"damage_taken":[{"damage":2,"enemies":"2 Louse","floor":1,"turns":2},{"damage":2,"enemies":"Small Slimes","floor":3,"turns":3},{"damage":2,"enemies":"Jaw Worm","floor":4,"turns":3},{"damage":33,"enemies":"Lagavulin","floor":8,"turns":7},{"damage":30,"enemies":"3 Sentries","floor":10,"turns":6},{"damage":9,"enemies":"Red Slaver","floor":13,"turns":4},{"damage":0,"enemies":"Large Slime","floor":14,"turns":4},{"damage":38,"enemies":"Hexaghost","floor":16,"turns":9},{"damage":9,"enemies":"2 Thieves","floor":18,"turns":3},{"damage":12,"enemies":"3 Byrds","floor":20,"turns":4},{"damage":23,"enemies":"3 Cultists","floor":22,"turns":5},{"damage":61,"enemies":"Slavers","floor":23,"turns":4}],"seed_played":"6566601109646194617","potions_obtained":[{"floor":3,"key":"SpeedPotion"},{"floor":8,"key":"Energy Potion"},{"floor":14,"key":"Ancient Potion"},{"floor":16,"key":"Fire Potion"},{"floor":18,"key":"PowerPotion"}],"is_trial":false,"path_per_floor":["M","?","M","M","?","R","$","E","T","E","$","R","M","M","R","B",null,"M","?","M","$","M","E"],"character_chosen":"DEFECT","items_purchased":["MealTicket"],"campfire_rested":1,"item_purchase_floors":[7],"current_hp_per_floor":[69,62,60,58,58,58,58,25,32,14,14,39,42,54,54,28,71,62,62,50,60,49,0],"gold":33,"neow_bonus":"TEN_PERCENT_HP_BONUS","is_prod":false,"is_daily":false,"chose_seed":false,"campfire_upgraded":2,"win_rate":0,"timestamp":1545420688,"path_taken":["M","?","M","M","?","R","$","E","T","E","?","R","M","M","R","BOSS","M","?","M","$","M","E"],"build_version":"2018-12-20","purchased_purges":2,"victory":false,"max_hp_per_floor":[78,78,78,78,78,78,78,78,85,85,85,85,85,85,85,85,85,85,85,85,85,85,85],"card_choices":[{"not_picked":["Sunder","Force Field"],"picked":"Go for the Eyes","floor":1},{"not_picked":["Conserve Battery","Double Energy","Capacitor"],"picked":"SKIP","floor":3},{"not_picked":["Gash","Sweeping Beam"],"picked":"Doom and Gloom","floor":4},{"not_picked":["Auto Shields","Barrage"],"picked":"Compile Driver","floor":8},{"not_picked":["Barrage","Consume"],"picked":"Darkness","floor":10},{"not_picked":["Gash","Tempest"],"picked":"Coolheaded","floor":13},{"not_picked":["Rebound","FTL"],"picked":"Conserve Battery","floor":14},{"not_picked":["All For One","Amplify"],"picked":"Machine Learning","floor":16},{"not_picked":["Steam Power","Turbo","Beam Cell"],"picked":"SKIP","floor":18},{"not_picked":["Fusion","Hologram"],"picked":"Sweeping Beam+1","floor":20},{"not_picked":["Streamline","Gash","Steam Power"],"picked":"SKIP","floor":22}],"player_experience":663636,"relics_obtained":[{"floor":8,"key":"Meat on the Bone"},{"floor":9,"key":"Strawberry"},{"floor":10,"key":"Matryoshka"}],"event_choices":[{"cards_removed":["Strike_B"],"damage_healed":0,"gold_gain":0,"player_choice":"Card Removal","damage_taken":7,"max_hp_gain":0,"max_hp_loss":0,"event_name":"Golden Wing","floor":2,"gold_loss":0},{"damage_healed":0,"gold_gain":150,"player_choice":"AGREE","damage_taken":0,"max_hp_gain":0,"max_hp_loss":0,"event_name":"Liars Game","floor":5,"gold_loss":0,"cards_obtained":["Doubt"]},{"cards_removed":["Strike_B"],"damage_healed":0,"gold_gain":0,"player_choice":"Gave Gold","damage_taken":0,"max_hp_gain":0,"max_hp_loss":0,"event_name":"Beggar","floor":19,"gold_loss":75}],"is_beta":false,"boss_relics":[{"not_picked":["Fusion Hammer","Empty Cage"],"picked":"Nuclear Battery"}],"items_purged_floors":[7,21],"is_endless":false,"potions_floor_spawned":[3,8,14,16,18],"killed_by":"Slavers","ascension_level":20}