{"gold_per_floor":[118,118,137,137,161,161,190,208,208,13,13,32,62,76,76,177,177,196,196,213,233,20,46,62,62,138,168,180,195,195,210,210,306,306,317,317,317,366,69,69,69,101,128,128,228,228,228,261,261,261,261,261,7,41,41],"floor_reached":55,"playtime":5419,"items_purged":["Strike_B","Strike_B"],"score":1181,"play_id":"b5c3416e-4edd-46cd-893c-7c45d41c2031","local_time":"20190612223348","is_ascension_mode":true,"campfire_choices":[{"data":"Streamline","floor":6,"key":"SMITH"},{"data":"Reinforced Body","floor":15,"key":"SMITH"},{"data":"Chill","floor":25,"key":"SMITH"},{"floor":30,"key":"REST"},{"floor":32,"key":"REST"},{"floor":40,"key":"REST"},{"floor":47,"key":"RECALL"},{"data":"Mind Blast","floor":49,"key":"SMITH"},{"data":"Go for the Eyes","floor":52,"key":"SMITH"}],"neow_cost":"NONE","seed_source_timestamp":794929663894704,"circlet_count":0,"master_deck":["AscendersBane","Strike_B","Defend_B","Defend_B","Defend_B","Defend_B","Zap","Dualcast","Go for the Eyes","Tempest","Streamline+1","Chill+1","Darkness","Go for the Eyes+1","Electrodynamics+1","Beam Cell","Reinforced Body+1","Beam Cell","Streamline","Thunder Strike","Coolheaded+1","Lockon","Lockon","Flash of Steel","Echo Form","Hologram+1","Scrape","Steam+1","Coolheaded+1","Blizzard","Chaos+1","Seek+1","Scrape+1","Mind Blast+1","Madness+1","Trip+1","Hologram+1","Coolheaded+1","Redo+1","Writhe","Leap+1","Core Surge","Fission+1"],"relics":["Cracked Core","Dream Catcher","Bronze Scales","Mercury Hourglass","Bottled Lightning","Dead Branch","Philosopher\u0027s Stone","Toxic Egg 2","Gremlin Horn","Shuriken","Inserter","Emotion Chip","Chemical X","Juzu Bracelet","Bag of Marbles","Thread and Needle","Bottled Tornado","Happy Flower","Ornamental Fan","DataDisk"],"potions_floor_usage":[13,13,21,27,27,42,54,55],"damage_taken":[{"damage":2,"enemies":"Small Slimes","floor":1,"turns":2},{"damage":2,"enemies":"2 Louse","floor":3,"turns":2},{"damage":23,"enemies":"Lagavulin","floor":7,"turns":5},{"damage":0,"enemies":"Jaw Worm","floor":8,"turns":2},{"damage":7,"enemies":"3 Louse","floor":12,"turns":2},{"damage":8,"enemies":"Gremlin Nob","floor":13,"turns":3},{"damage":0,"enemies":"Exordium Thugs","floor":14,"turns":4},{"damage":9,"enemies":"The Guardian","floor":16,"turns":9},{"damage":0,"enemies":"Spheric Guardian","floor":18,"turns":3},{"damage":4,"enemies":"Chosen","floor":20,"turns":4},{"damage":13,"enemies":"Snake Plant","floor":21,"turns":4},{"damage":3,"enemies":"Gremlin Leader","floor":23,"turns":5},{"damage":14,"enemies":"Snecko","floor":24,"turns":4},{"damage":2,"enemies":"Slavers","floor":27,"turns":2},{"damage":7,"enemies":"Chosen and Byrds","floor":28,"turns":4},{"damage":5,"enemies":"Sentry and Sphere","floor":29,"turns":3},{"damage":3,"enemies":"Cultist and Chosen","floor":31,"turns":5},{"damage":32,"enemies":"Automaton","floor":33,"turns":7},{"damage":7,"enemies":"3 Shapes","floor":35,"turns":3},{"damage":21,"enemies":"2 Orb Walkers","floor":38,"turns":5},{"damage":5,"enemies":"Nemesis","floor":42,"turns":5},{"damage":10,"enemies":"Mind Bloom Boss Battle","floor":45,"turns":7},{"damage":0,"enemies":"Giant Head","floor":48,"turns":6},{"damage":48,"enemies":"Awakened One","floor":50,"turns":7},{"damage":36,"enemies":"Shield and Spear","floor":54,"turns":5},{"damage":52,"enemies":"The Heart","floor":55,"turns":3}],"seed_played":"-4332943314153887940","potions_obtained":[{"floor":3,"key":"Poison Potion"},{"floor":12,"key":"Regen Potion"},{"floor":14,"key":"Fire Potion"},{"floor":16,"key":"GamblersBrew"},{"floor":33,"key":"LiquidBronze"},{"floor":35,"key":"Fire Potion"},{"floor":38,"key":"Block Potion"},{"floor":54,"key":"Energy Potion"}],"is_trial":false,"path_per_floor":["M","?","M","?","T","R","E","M","T","$","?","M","E","M","R","B",null,"M","?","M","M","$","E","M","R","T","E","M","M","R","M","R","B",null,"M","?","?","?","$","R","?","E","T","?","?","T","R","E","R","B",null,"R","$","E","B"],"character_chosen":"DEFECT","items_purchased":["Electrodynamics","Beam Cell","Flash of Steel","Block Potion","Chemical X","Ornamental Fan"],"campfire_rested":3,"item_purchase_floors":[10,10,22,22,39,53],"current_hp_per_floor":[66,66,64,61,61,61,38,38,38,38,38,31,32,32,32,23,62,62,62,58,45,45,42,28,28,28,26,19,14,36,40,62,30,64,64,64,54,33,33,55,55,50,50,69,59,59,59,59,59,11,59,59,59,23,0],"gold":41,"neow_bonus":"THREE_CARDS","is_prod":false,"is_daily":false,"chose_seed":false,"campfire_upgraded":5,"win_rate":0,"timestamp":1560368028,"path_taken":["M","?","M","?","?","R","E","M","T","$","?","M","E","M","R","BOSS","M","?","M","?","$","E","M","R","T","E","M","M","R","M","R","BOSS","M","?","?","?","$","R","?","E","T","?","?","?","R","E","R","BOSS","R","$","E","BOSS"],"build_version":"2019-06-11","purchased_purges":2,"victory":false,"max_hp_per_floor":[75,75,75,75,75,75,75,75,75,75,75,75,75,75,75,75,75,75,75,75,75,75,75,75,75,75,75,75,75,75,75,75,75,75,75,75,75,75,75,75,75,75,75,75,75,75,75,75,75,75,75,75,75,75,75],"card_choices":[{"not_picked":["Reprogram","Steam"],"picked":"Go for the Eyes","floor":0},{"not_picked":["Stack","Compile Driver"],"picked":"Tempest","floor":1},{"not_picked":["Steam","Go for the Eyes"],"picked":"Chill","floor":3},{"not_picked":["Reprogram","Buffer"],"picked":"Darkness","floor":7},{"not_picked":["Blizzard","Turbo"],"picked":"Go for the Eyes","floor":8},{"not_picked":["BootSequence","Go for the Eyes"],"picked":"Reinforced Body","floor":12},{"not_picked":["Sunder","Static Discharge"],"picked":"Beam Cell","floor":13},{"not_picked":["Go for the Eyes","Static Discharge"],"picked":"Streamline","floor":14},{"not_picked":["Hyperbeam","Creative AI"],"picked":"Thunder Strike","floor":16},{"not_picked":["Barrage+1","Turbo"],"picked":"Coolheaded+1","floor":18},{"not_picked":["Chill","Sweeping Beam"],"picked":"Lockon","floor":20},{"not_picked":["Aggregate","Stack"],"picked":"Lockon","floor":21},{"not_picked":["Go for the Eyes+1","Static Discharge"],"picked":"Echo Form","floor":23},{"not_picked":["Compile Driver+1","Cold Snap"],"picked":"Hologram+1","floor":24},{"not_picked":["Conserve Battery+1","Hologram+1"],"picked":"Scrape","floor":27},{"not_picked":["Auto Shields+1","Cold Snap"],"picked":"Steam+1","floor":28},{"not_picked":["Go for the Eyes","Gash"],"picked":"Self Repair","floor":29},{"not_picked":["Conserve Battery+1","Darkness+1"],"picked":"Coolheaded+1","floor":30},{"not_picked":["Streamline","Compile Driver"],"picked":"Blizzard","floor":31},{"not_picked":["Scrape","Streamline+1"],"picked":"Chaos+1","floor":32},{"not_picked":["Meteor Strike","Amplify+1"],"picked":"Seek+1","floor":33},{"not_picked":["Conserve Battery+1","Sunder"],"picked":"Scrape+1","floor":35},{"not_picked":["Flash of Steel","Dark Shackles+1"],"picked":"Mind Blast","floor":37},{"not_picked":["Discovery+1","Mayhem"],"picked":"Madness+1","floor":37},{"not_picked":["Master of Strategy+1","PanicButton+1"],"picked":"Trip+1","floor":37},{"not_picked":["Reprogram+1","Heatsinks"],"picked":"Hologram+1","floor":38},{"not_picked":["Hello World","Sweeping Beam+1"],"picked":"Coolheaded+1","floor":40},{"not_picked":["Beam Cell","Cold Snap+1"],"picked":"Redo+1","floor":42},{"not_picked":["Storm+1","BootSequence+1"],"picked":"Leap+1","floor":45},{"not_picked":["Streamline+1","Hello World+1"],"picked":"Core Surge","floor":48},{"not_picked":["Undo+1","Recycle+1"],"picked":"Fission+1","floor":54}],"player_experience":799192,"relics_obtained":[{"floor":5,"key":"Bronze Scales"},{"floor":7,"key":"Mercury Hourglass"},{"floor":9,"key":"Bottled Lightning"},{"floor":13,"key":"Dead Branch"},{"floor":23,"key":"Toxic Egg 2"},{"floor":26,"key":"Gremlin Horn"},{"floor":27,"key":"Shuriken"},{"floor":38,"key":"Emotion Chip"},{"floor":41,"key":"Juzu Bracelet"},{"floor":42,"key":"Bag of Marbles"},{"floor":45,"key":"Thread and Needle"},{"floor":46,"key":"Bottled Tornado"},{"floor":48,"key":"Happy Flower"},{"floor":54,"key":"DataDisk"}],"event_choices":[{"damage_healed":0,"gold_gain":0,"cards_transformed":["Strike_B"],"player_choice":"Change","damage_taken":0,"max_hp_gain":0,"max_hp_loss":0,"event_name":"Living Wall","floor":2,"gold_loss":0,"cards_obtained":["Streamline"]},{"damage_healed":0,"gold_gain":0,"player_choice":"Success","damage_taken":3,"relics_obtained":["Dream Catcher"],"max_hp_gain":0,"max_hp_loss":0,"event_name":"Scrap Ooze","floor":4,"gold_loss":0},{"damage_healed":0,"gold_gain":0,"player_choice":"Upgraded","damage_taken":0,"max_hp_gain":0,"max_hp_loss":0,"event_name":"Upgrade Shrine","floor":11,"gold_loss":0,"cards_upgraded":["Electrodynamics"]},{"damage_healed":0,"gold_gain":0,"player_choice":"Bought 0 Potions","damage_taken":0,"max_hp_gain":0,"max_hp_loss":0,"event_name":"The Woman in Blue","floor":19,"gold_loss":0},{"cards_removed":["Self Repair"],"damage_healed":0,"gold_gain":0,"player_choice":"Removed Power","damage_taken":0,"max_hp_gain":0,"max_hp_loss":0,"event_name":"Falling","floor":36,"gold_loss":0},{"damage_healed":0,"gold_gain":0,"player_choice":"Memory 3","damage_taken":10,"max_hp_gain":0,"max_hp_loss":0,"event_name":"SensoryStone","floor":37,"gold_loss":0},{"damage_healed":0,"gold_gain":0,"player_choice":"Fight","damage_taken":0,"max_hp_gain":0,"max_hp_loss":0,"event_name":"Mysterious Sphere","floor":38,"gold_loss":0},{"damage_healed":0,"gold_gain":0,"player_choice":"Relic","damage_taken":0,"max_hp_gain":0,"max_hp_loss":0,"event_name":"Wheel of Change","floor":41,"gold_loss":0},{"damage_healed":19,"gold_gain":0,"player_choice":"Writhe","damage_taken":0,"max_hp_gain":0,"max_hp_loss":0,"event_name":"Winding Halls","floor":44,"gold_loss":0,"cards_obtained":["Writhe"]},{"damage_healed":0,"gold_gain":0,"player_choice":"Fight","damage_taken":0,"max_hp_gain":0,"max_hp_loss":0,"event_name":"MindBloom","floor":45,"gold_loss":0}],"is_beta":true,"boss_relics":[{"not_picked":["Ectoplasm","Cursed Key"],"picked":"Philosopher\u0027s Stone"},{"not_picked":["Orrery","Snecko Eye"],"picked":"Inserter"}],"items_purged_floors":[22,39],"is_endless":false,"potions_floor_spawned":[3,12,14,16,20,23,24,33,35,38,54],"killed_by":"The Heart","ascension_level":11}