{"gold_per_floor":[111,128,145,145,162,162,180,180,206,216,29,42,42,55,55,153,153,172,182,182],"floor_reached":20,"playtime":837,"items_purged":[],"score":170,"play_id":"9227d591-3267-4ccd-9114-7bb873399ec3","local_time":"20190616170317","is_ascension_mode":false,"campfire_choices":[{"data":"Fusion","floor":6.0,"key":"SMITH"},{"data":"Go for the Eyes","floor":8.0,"key":"SMITH"},{"data":"Fusion","floor":13,"key":"SMITH"},{"data":"Sunder","floor":15,"key":"SMITH"}],"neow_cost":"NONE","seed_source_timestamp":252960494645100,"circlet_count":0,"master_deck":["Strike_B","Strike_B","Strike_B","Strike_B","Defend_B","Defend_B","Defend_B","Defend_B","Zap+1","Dualcast","Steam","Cold Snap","Go for the Eyes+1","Fusion+1","Barrage","Fusion+1","Sunder+1","Reinforced Body","Rip and Tear","Conserve Battery","Go for the Eyes","Machine Learning","Melter","Hologram+1"],"special_seed":0,"relics":["Eternal Feather"],"potions_floor_usage":[],"damage_taken":[{"damage":11.0,"enemies":"Jaw Worm","floor":1.0,"turns":5.0},{"damage":2.0,"enemies":"2 Louse","floor":2.0,"turns":3.0},{"damage":1.0,"enemies":"Small Slimes","floor":3.0,"turns":6.0},{"damage":12.0,"enemies":"Gremlin Gang","floor":5.0,"turns":7.0},{"damage":2.0,"enemies":"Blue Slaver","floor":7.0,"turns":4.0},{"damage":6.0,"enemies":"Looter","floor":10.0,"turns":4.0},{"damage":5,"enemies":"3 Louse","floor":12,"turns":3},{"damage":5,"enemies":"2 Fungi Beasts","floor":14,"turns":3},{"damage":36,"enemies":"Slime Boss","floor":16,"turns":9},{"damage":15,"enemies":"Spheric Guardian","floor":18,"turns":4},{"damage":24,"enemies":"3 Byrds","floor":19,"turns":6},{"damage":14,"enemies":"Cultist and Chosen","floor":20,"turns":6}],"seed_played":"4717491567574540533","potions_obtained":[{"floor":3.0,"key":"Energy Potion"},{"floor":5.0,"key":"Strength Potion"},{"floor":7.0,"key":"GamblersBrew"}],"is_trial":false,"path_per_floor":["M","M","M","?","M","R","M","R","T","M","$","M","R","M","R","B",null,"M","M","M"],"character_chosen":"DEFECT","items_purchased":["Sunder","Reinforced Body","Rip and Tear"],"campfire_rested":0,"item_purchase_floors":[11,11,11],"current_hp_per_floor":[64,62,61,61,49,55,53,62,62,56,56,51,63,58,70,34,75,60,36,22],"gold":182,"neow_bonus":"BOSS_RELIC","is_prod":false,"is_daily":false,"chose_seed":false,"campfire_upgraded":4,"win_rate":0,"timestamp":1560718997,"path_taken":["M","M","M","?","M","R","M","R","T","M","$","M","R","M","R","BOSS","M","M","M"],"build_version":"2019-01-23","purchased_purges":0,"victory":false,"max_hp_per_floor":[75,75,75,75,75,75,75,75,75,75,75,75,75,75,75,75,75,75,75,75],"card_choices":[{"not_picked":["Leap","Streamline"],"picked":"Steam","floor":1.0},{"not_picked":["Redo","Steam Power"],"picked":"Cold Snap","floor":2.0},{"not_picked":["Leap","Recycle"],"picked":"Go for the Eyes","floor":3.0},{"not_picked":["Leap","Streamline"],"picked":"Fusion","floor":5.0},{"not_picked":["Reprogram","Storm"],"picked":"Barrage","floor":7.0},{"not_picked":["Ball Lightning","Go for the Eyes"],"picked":"Fusion","floor":10.0},{"not_picked":["Hyperbeam","Gash"],"picked":"Conserve Battery","floor":12},{"not_picked":["Steam","Ball Lightning"],"picked":"Go for the Eyes","floor":14},{"not_picked":["Seek","Buffer"],"picked":"Machine Learning","floor":16},{"not_picked":["Coolheaded","Conserve Battery"],"picked":"Melter","floor":18},{"not_picked":["Recycle","Turbo"],"picked":"Hologram+1","floor":19}],"player_experience":703272,"relics_obtained":[],"event_choices":[{"damage_healed":0.0,"max_hp_gain":0.0,"max_hp_loss":0.0,"gold_gain":0.0,"event_name":"Living Wall","player_choice":"Grow","floor":4.0,"gold_loss":0.0,"damage_taken":0.0,"cards_upgraded":["Zap"]}],"is_beta":false,"boss_relics":[{"not_picked":["Tiny House","Sozu","Fusion Hammer"]}],"items_purged_floors":[],"is_endless":false,"potions_floor_spawned":[3,5,7,14,16],"killed_by":"Cultist and Chosen","ascension_level":0}