{"gold_per_floor":[111,12,12,12,12,12,27,59,137,137,11,41,61,87,87,160,160,171,171,171,42,42,76,88,118,130,171,183,89,108,119,119,198,198,214,20,20,20,20,55,69,69,69,86,116,132,148,178,178,178,178,178,178,56,84,84],"floor_reached":56,"playtime":3458,"items_purged":["Strike_R+1","Rupture+1"],"score":2163,"play_id":"cfb68c64-acd8-4f63-88c5-052b4efbcd18","local_time":"20181231003215","is_ascension_mode":true,"campfire_choices":[{"data":"Uppercut","floor":6,"key":"SMITH"},{"floor":15,"key":"REST"},{"data":"Armaments","floor":24,"key":"SMITH"},{"data":"Whirlwind","floor":28,"key":"SMITH"},{"data":"Feel No Pain","floor":32,"key":"SMITH"},{"data":"Apotheosis","floor":42,"key":"SMITH"},{"floor":49,"key":"RECALL"},{"data":"Limit Break","floor":53,"key":"SMITH"}],"neow_cost":"NONE","seed_source_timestamp":39578937187597,"circlet_count":0,"master_deck":["AscendersBane","Defend_R+1","Defend_R+1","Defend_R+1","Defend_R+1","Bash","Pommel Strike","Spot Weakness","Uppercut+1","Shrug It Off","Headbutt","Battle Trance","Armaments+1","Offering","Reaper","Sword Boomerang","Writhe","Pommel Strike+1","Whirlwind+1","Shrug It Off","Spot Weakness","Feel No Pain+1","Limit Break+1","Evolve+1","Double Tap+1","True Grit","Corruption","Writhe","Dark Shackles","Secret Technique","Apotheosis+1","Shrug It Off+1","Warcry+1","Barricade","Seeing Red","True Grit","Shrug It Off+1","Shrug It Off+1","Shrug It Off","True Grit","Shrug It Off","True Grit"],"relics":["Burning Blood","Shuriken","Du-Vu Doll","The Courier","Strawberry","Question Card","Ancient Tea Set","Mark of Pain","MutagenicStrength","Bag of Marbles","Centennial Puzzle","MawBank","Dodecahedron","Orichalcum","Astrolabe","Bag of Preparation","Prayer Wheel","Pantograph","Champion Belt","Ginger"],"potions_floor_usage":[14,18,23,23,40,56,56],"damage_taken":[{"damage":2,"enemies":"2 Louse","floor":1,"turns":4},{"damage":4,"enemies":"Small Slimes","floor":7,"turns":3},{"damage":25,"enemies":"Lagavulin","floor":8,"turns":6},{"damage":21,"enemies":"Gremlin Nob","floor":12,"turns":4},{"damage":0,"enemies":"Cultist","floor":13,"turns":3},{"damage":26,"enemies":"3 Sentries","floor":14,"turns":10},{"damage":29,"enemies":"The Guardian","floor":16,"turns":12},{"damage":35,"enemies":"3 Byrds","floor":18,"turns":7},{"damage":13,"enemies":"Slavers","floor":23,"turns":3},{"damage":5,"enemies":"Shell Parasite","floor":25,"turns":2},{"damage":7,"enemies":"Gremlin Leader","floor":27,"turns":4},{"damage":6,"enemies":"Cultist and Chosen","floor":30,"turns":1},{"damage":21,"enemies":"Shelled Parasite and Fungi","floor":31,"turns":2},{"damage":71,"enemies":"Champ","floor":33,"turns":7},{"damage":3,"enemies":"Orb Walker","floor":35,"turns":4},{"damage":62,"enemies":"Giant Head","floor":40,"turns":7},{"damage":14,"enemies":"3 Shapes","floor":41,"turns":2},{"damage":26,"enemies":"Maw","floor":44,"turns":7},{"damage":21,"enemies":"Nemesis","floor":45,"turns":5},{"damage":6,"enemies":"Spire Growth","floor":46,"turns":1},{"damage":27,"enemies":"Jaw Worm Horde","floor":47,"turns":3},{"damage":6,"enemies":"Reptomancer","floor":48,"turns":1},{"damage":70,"enemies":"Donu and Deca","floor":50,"turns":10},{"damage":62,"enemies":"Awakened One","floor":51,"turns":9},{"damage":60,"enemies":"Shield and Spear","floor":55,"turns":6},{"damage":126,"enemies":"The Heart","floor":56,"turns":6}],"seed_played":"369436483245630585","potions_obtained":[{"floor":12,"key":"SkillPotion"},{"floor":13,"key":"Block Potion"},{"floor":14,"key":"AttackPotion"},{"floor":18,"key":"BloodPotion"},{"floor":23,"key":"Dexterity Potion"},{"floor":33,"key":"BloodPotion"},{"floor":40,"key":"FearPotion"},{"floor":45,"key":"SkillPotion"},{"floor":46,"key":"Dexterity Potion"},{"floor":55,"key":"SteroidPotion"}],"is_trial":false,"path_per_floor":["M","$","?","?","?","R","M","E","T","?","$","E","M","E","R","B",null,"M","?","?","$","?","E","R","M","T","E","R","$","M","M","R","B",null,"M","$","?","?","?","E","M","R","T","M","E","M","M","E","R","B","B",null,"R","$","E","B"],"character_chosen":"IRONCLAD","items_purchased":["Uppercut","Shrug It Off","Strawberry","Bag of Marbles","Shrug It Off","Bag of Preparation","Corruption","Shrug It Off"],"campfire_rested":1,"item_purchase_floors":[2,2,11,21,29,36,36,54],"current_hp_per_floor":[72,72,65,65,47,47,49,30,30,30,37,22,28,8,32,9,64,42,42,42,42,42,75,75,82,82,82,82,82,82,82,82,39,71,74,74,74,82,72,24,61,61,61,50,69,69,82,82,82,57,81,82,82,82,72,0],"gold":84,"neow_bonus":"THREE_CARDS","is_prod":false,"is_daily":false,"chose_seed":false,"campfire_upgraded":6,"win_rate":0,"timestamp":1546212735,"path_taken":["M","$","?","?","?","R","M","E","T","?","$","E","?","E","R","BOSS","M","?","?","?","?","E","R","M","T","E","R","$","M","M","R","BOSS","M","$","?","?","?","E","M","R","T","M","E","M","?","E","R","BOSS","BOSS","R","$","E","BOSS"],"build_version":"2018-12-20","purchased_purges":2,"victory":false,"max_hp_per_floor":[75,75,75,75,75,75,75,75,75,75,82,82,82,82,82,82,82,82,82,82,82,82,82,82,82,82,82,82,82,82,82,82,82,82,82,82,82,82,82,82,82,82,82,82,82,82,82,82,82,82,82,82,82,82,82,82],"card_choices":[{"not_picked":["Perfected Strike","Shockwave"],"picked":"Pommel Strike","floor":0},{"not_picked":["Headbutt","Wild Strike"],"picked":"Spot Weakness","floor":1},{"not_picked":["Iron Wave","Sword Boomerang"],"picked":"Headbutt","floor":7},{"not_picked":["Intimidate","Brutality"],"picked":"Battle Trance","floor":8},{"not_picked":["Twin Strike","Pommel Strike","Uppercut"],"picked":"SKIP","floor":12},{"not_picked":["Heavy Blade","Rupture","Havoc"],"picked":"Armaments","floor":13},{"not_picked":["Pommel Strike","Spot Weakness","Warcry"],"picked":"Offering","floor":14},{"not_picked":["Double Tap","Fiend Fire","Impervious"],"picked":"Reaper","floor":16},{"not_picked":["Flex","Body Slam","Thunderclap"],"picked":"Sword Boomerang","floor":18},{"not_picked":["Clash+1","Sword Boomerang","Thunderclap"],"picked":"Pommel Strike+1","floor":23},{"not_picked":["Iron Wave+1","Wild Strike+1","Twin Strike"],"picked":"Whirlwind","floor":25},{"not_picked":["Carnage","Rupture","Thunderclap","Blood for Blood"],"picked":"SKIP","floor":27},{"not_picked":["Hemokinesis+1","Anger+1","Warcry"],"picked":"Spot Weakness","floor":30},{"not_picked":["Flame Barrier","Uppercut","Iron Wave"],"picked":"Feel No Pain","floor":31},{"not_picked":["Fiend Fire","Double Tap","Feed"],"picked":"Limit Break","floor":33},{"not_picked":["Heavy Blade","Thunderclap","Shrug It Off"],"picked":"True Grit","floor":35},{"not_picked":["Panacea","Flash of Steel","Good Instincts"],"picked":"Dark Shackles","floor":39},{"not_picked":["Forethought","Impatience","Flash of Steel"],"picked":"Secret Technique","floor":39},{"not_picked":["Mayhem","Dramatic Entrance","Purity"],"picked":"Apotheosis","floor":39},{"not_picked":["Blood for Blood+1","Infernal Blade","Battle Trance"],"picked":"Shrug It Off+1","floor":40},{"not_picked":["Body Slam","Sword Boomerang","Perfected Strike"],"picked":"Warcry+1","floor":41},{"not_picked":["Twin Strike","Corruption","Armaments","Heavy Blade"],"picked":"SKIP","floor":41},{"not_picked":["Dropkick","Armaments+1","Rage"],"picked":"Barricade","floor":44},{"not_picked":["Havoc","Metallicize","Headbutt"],"picked":"Seeing Red","floor":44},{"not_picked":["Cleave","Iron Wave","Heavy Blade+1"],"picked":"True Grit","floor":45},{"not_picked":["Dropkick","Metallicize+1","Perfected Strike"],"picked":"Shrug It Off+1","floor":46},{"not_picked":["Havoc","Armaments+1","Iron Wave"],"picked":"Shrug It Off+1","floor":46},{"not_picked":["Clash+1","Heavy Blade+1","Entrench"],"picked":"Shrug It Off","floor":47},{"not_picked":["Twin Strike","Limit Break","Wild Strike"],"picked":"True Grit","floor":47},{"not_picked":["Havoc","Spot Weakness","Metallicize","Rupture"],"picked":"SKIP","floor":48},{"not_picked":["Clash","Entrench","Cleave"],"picked":"True Grit","floor":55}],"player_experience":717629,"relics_obtained":[{"floor":8,"key":"Du-Vu Doll"},{"floor":9,"key":"The Courier"},{"floor":12,"key":"Question Card"},{"floor":14,"key":"Ancient Tea Set"},{"floor":23,"key":"MawBank"},{"floor":26,"key":"Dodecahedron"},{"floor":27,"key":"Orichalcum"},{"floor":40,"key":"Prayer Wheel"},{"floor":45,"key":"Pantograph"},{"floor":48,"key":"Champion Belt"},{"floor":55,"key":"Ginger"}],"event_choices":[{"cards_removed":["Strike_R"],"damage_healed":0,"gold_gain":0,"player_choice":"Card Removal","damage_taken":7,"max_hp_gain":0,"max_hp_loss":0,"event_name":"Golden Wing","floor":3,"gold_loss":0},{"damage_healed":0,"gold_gain":0,"player_choice":"Ignored","damage_taken":0,"max_hp_gain":0,"max_hp_loss":0,"event_name":"Liars Game","floor":4,"gold_loss":0},{"damage_healed":0,"gold_gain":0,"player_choice":"Success","damage_taken":18,"relics_obtained":["Shuriken"],"max_hp_gain":0,"max_hp_loss":0,"event_name":"Scrap Ooze","floor":5,"gold_loss":0},{"damage_healed":0,"gold_gain":0,"player_choice":"1 cards matched","damage_taken":0,"max_hp_gain":0,"max_hp_loss":0,"event_name":"Match and Keep!","floor":10,"gold_loss":0,"cards_obtained":["Uppercut"]},{"damage_healed":0,"gold_gain":0,"player_choice":"Inject Mutagens","damage_taken":0,"relics_obtained":["MutagenicStrength"],"max_hp_gain":0,"max_hp_loss":0,"event_name":"Drug Dealer","floor":19,"gold_loss":0},{"damage_healed":0,"gold_gain":0,"player_choice":"Simplicity","damage_taken":0,"max_hp_gain":0,"max_hp_loss":0,"event_name":"Back to Basics","floor":20,"gold_loss":0,"cards_upgraded":["Strike_R","Strike_R","Strike_R","Strike_R","Defend_R","Defend_R","Defend_R","Defend_R"]},{"damage_healed":0,"gold_gain":0,"player_choice":"Opened","damage_taken":0,"relics_obtained":["Centennial Puzzle"],"max_hp_gain":0,"max_hp_loss":0,"event_name":"The Mausoleum","floor":22,"gold_loss":0,"cards_obtained":["Writhe"]},{"cards_removed":["Uppercut"],"damage_healed":0,"gold_gain":0,"player_choice":"Removed Attack","damage_taken":0,"max_hp_gain":0,"max_hp_loss":0,"event_name":"Falling","floor":37,"gold_loss":0},{"damage_healed":16,"gold_gain":0,"player_choice":"Writhe","damage_taken":0,"max_hp_gain":0,"max_hp_loss":0,"event_name":"Winding Halls","floor":38,"gold_loss":0,"cards_obtained":["Writhe"]},{"damage_healed":0,"gold_gain":0,"player_choice":"Memory 3","damage_taken":10,"max_hp_gain":0,"max_hp_loss":0,"event_name":"SensoryStone","floor":39,"gold_loss":0}],"is_beta":false,"boss_relics":[{"not_picked":["Calling Bell","Tiny House"],"picked":"Mark of Pain"},{"not_picked":["Runic Dome","Empty Cage"],"picked":"Astrolabe"}],"items_purged_floors":[29,54],"is_endless":false,"potions_floor_spawned":[12,13,14,18,23,33,40,45,46,55],"killed_by":"The Heart","ascension_level":20}