{"gold_per_floor":[114,19,36,36,55,80,80,97,97,97,131,148,148,181,181,258,258,277,277,4,4,23,23,43,43],"floor_reached":25,"playtime":2366,"items_purged":["Strike_B"],"score":442,"play_id":"5490a404-144c-4e7a-b643-2d063717d458","local_time":"20190410000808","is_ascension_mode":true,"campfire_choices":[{"floor":7,"key":"REST"},{"data":"Multi-Cast","floor":13,"key":"SMITH"},{"data":"Self Repair","floor":15,"key":"SMITH"},{"data":"Zap","floor":23,"key":"SMITH"}],"neow_cost":"PERCENT_DAMAGE","seed_source_timestamp":38811280376375,"circlet_count":0,"master_deck":["AscendersBane","Strike_B","Strike_B","Strike_B","Defend_B+1","Defend_B","Defend_B","Defend_B+1","Zap+1","Dualcast","Multi-Cast+1","Rip and Tear","FTL","Self Repair+1","Echo Form","Cold Snap","Cold Snap","Genetic Algorithm","Genetic Algorithm","Sweeping Beam","Necronomicurse","BootSequence","Fission"],"relics":["Cracked Core","Sundial","Mercury Hourglass","Bottled Flame","Unceasing Top","Runic Pyramid","Ancient Tea Set","Necronomicon"],"potions_floor_usage":[6,8,11,14,22],"damage_taken":[{"damage":0,"enemies":"Cultist","floor":1,"turns":3},{"damage":0,"enemies":"2 Louse","floor":3,"turns":1},{"damage":4,"enemies":"Jaw Worm","floor":5,"turns":3},{"damage":3,"enemies":"Gremlin Nob","floor":6,"turns":3},{"damage":13,"enemies":"Blue Slaver","floor":8,"turns":5},{"damage":12,"enemies":"Lagavulin","floor":11,"turns":5},{"damage":6,"enemies":"Large Slime","floor":12,"turns":6},{"damage":4,"enemies":"Gremlin Nob","floor":14,"turns":3},{"damage":34,"enemies":"The Guardian","floor":16,"turns":11},{"damage":21,"enemies":"Shell Parasite","floor":18,"turns":6},{"damage":18,"enemies":"Spheric Guardian","floor":22,"turns":7},{"damage":21,"enemies":"Snecko","floor":24,"turns":8},{"damage":27,"enemies":"Slavers","floor":25,"turns":2}],"seed_played":"1051431389158456031","potions_obtained":[{"floor":1,"key":"Swift Potion"},{"floor":8,"key":"SkillPotion"},{"floor":11,"key":"Strength Potion"},{"floor":12,"key":"Swift Potion"}],"is_trial":false,"path_per_floor":["M","$","M","?","M","E","R","M","T","?","E","M","R","E","R","B",null,"M","?","$","?","M","R","M","E"],"character_chosen":"DEFECT","items_purchased":["Rip and Tear","Poison Potion","Ancient Tea Set","Sweeping Beam"],"campfire_rested":1,"item_purchase_floors":[2,2,20,20],"current_hp_per_floor":[46,46,46,25,21,18,39,40,40,40,35,43,43,39,39,15,57,56,56,56,35,37,37,26,0],"gold":43,"neow_bonus":"THREE_RARE_CARDS","is_prod":false,"is_daily":false,"chose_seed":false,"campfire_upgraded":3,"win_rate":0,"timestamp":1554847688,"path_taken":["M","?","M","?","M","E","R","?","T","?","E","M","R","E","R","BOSS","M","?","$","?","M","R","M","E"],"build_version":"2019-01-23","purchased_purges":1,"victory":false,"max_hp_per_floor":[71,71,71,71,71,71,71,71,71,71,71,71,71,71,71,71,71,71,71,71,71,71,71,71,71],"card_choices":[{"not_picked":["Creative AI","Machine Learning"],"picked":"Multi-Cast","floor":0},{"not_picked":["Double Energy","Steam","Beam Cell"],"picked":"SKIP","floor":1},{"not_picked":["Steam","Auto Shields"],"picked":"FTL","floor":3},{"not_picked":["Redo","Buffer"],"picked":"Self Repair","floor":5},{"not_picked":["Ball Lightning","Fission"],"picked":"Echo Form","floor":6},{"not_picked":["Self Repair","Stack","Go for the Eyes"],"picked":"SKIP","floor":8},{"not_picked":["White Noise","Multi-Cast"],"picked":"Cold Snap","floor":11},{"not_picked":["Reprogram","Streamline"],"picked":"Cold Snap","floor":12},{"not_picked":["Steam","Gash","Auto Shields"],"picked":"SKIP","floor":14},{"not_picked":["Sweeping Beam","Go for the Eyes"],"picked":"Genetic Algorithm","floor":18},{"not_picked":["Beam Cell","Turbo"],"picked":"BootSequence","floor":22},{"not_picked":["Sweeping Beam","Ball Lightning"],"picked":"Fission","floor":24}],"player_experience":1099462,"relics_obtained":[{"floor":6,"key":"Sundial"},{"floor":9,"key":"Mercury Hourglass"},{"floor":11,"key":"Bottled Flame"},{"floor":14,"key":"Unceasing Top"},{"floor":21,"key":"Necronomicon"}],"event_choices":[{"damage_healed":0,"gold_gain":0,"player_choice":"Entered Light","damage_taken":21,"max_hp_gain":0,"max_hp_loss":0,"event_name":"Shining Light","floor":4,"gold_loss":0,"cards_upgraded":["Defend_B","Defend_B"]},{"damage_healed":0,"gold_gain":0,"player_choice":"Ignored","damage_taken":0,"max_hp_gain":0,"max_hp_loss":0,"event_name":"Liars Game","floor":10,"gold_loss":0},{"damage_healed":0,"gold_gain":0,"player_choice":"Read","damage_taken":0,"max_hp_gain":0,"max_hp_loss":0,"event_name":"The Library","floor":19,"gold_loss":0,"cards_obtained":["Genetic Algorithm"]},{"damage_healed":0,"gold_gain":0,"player_choice":"Obtained Book","damage_taken":21,"max_hp_gain":0,"max_hp_loss":0,"event_name":"Cursed Tome","floor":21,"gold_loss":0}],"is_beta":false,"boss_relics":[{"not_picked":["Orrery","Philosopher\u0027s Stone"],"picked":"Runic Pyramid"}],"items_purged_floors":[20],"is_endless":false,"potions_floor_spawned":[1,8,11,12],"killed_by":"Slavers","ascension_level":20}