{"gold_per_floor":[111,121,121,137,77,77,117,117,143,14,14,54,67,92,92,183,183,208,22,42,61,61,96,115,115,115,129,152,196,196,196,196,285,348,362,362,487,487,503,503,503],"floor_reached":41,"playtime":2493,"items_purged":["Strike_G","Strike_G"],"score":882,"play_id":"24c8e3a1-bc8d-4b15-9d44-a9357e3f60da","local_time":"20181230193500","is_ascension_mode":true,"campfire_choices":[{"data":"Bane","floor":6,"key":"SMITH"},{"floor":8,"key":"REST"},{"data":"Caltrops","floor":15,"key":"SMITH"},{"data":"Neutralize","floor":25,"key":"SMITH"},{"data":"Noxious Fumes","floor":30,"key":"SMITH"},{"floor":32,"key":"REST"},{"data":"A Thousand Cuts","floor":40,"key":"SMITH"}],"neow_cost":"NONE","seed_source_timestamp":22709692605896,"circlet_count":0,"master_deck":["AscendersBane","Defend_G","Defend_G","Defend_G","Defend_G","Defend_G","Strike_G","Strike_G","Strike_G","Survivor","Neutralize+1","Crippling Poison+1","Bane+1","Well Laid Plans+1","Caltrops+1","Backstab+1","Endless Agony+1","Backflip","Dagger Spray+1","Reflex+1","Finisher+1","Predator+1","Corpse Explosion","Blur+1","Noxious Fumes+1","A Thousand Cuts+1","Acrobatics","Cloak And Dagger","Choke+1","Deadly Poison+1"],"relics":["Ring of the Snake","Golden Idol","Boot","Vajra","Molten Egg 2","HoveringKite","Ninja Scroll","Happy Flower","Smiling Mask","MutagenicStrength","Tiny House","Ginger"],"potions_floor_usage":[16,21,23,29,33,33,41],"damage_taken":[{"damage":13,"enemies":"Small Slimes","floor":1,"turns":8},{"damage":6,"enemies":"Jaw Worm","floor":2,"turns":6},{"damage":8,"enemies":"Cultist","floor":4,"turns":4},{"damage":5,"enemies":"Looter","floor":5,"turns":5},{"damage":21,"enemies":"3 Sentries","floor":7,"turns":13},{"damage":10,"enemies":"Lagavulin","floor":12,"turns":6},{"damage":1,"enemies":"Large Slime","floor":13,"turns":5},{"damage":0,"enemies":"3 Louse","floor":14,"turns":2},{"damage":7,"enemies":"Hexaghost","floor":16,"turns":7},{"damage":19,"enemies":"Shell Parasite","floor":18,"turns":5},{"damage":13,"enemies":"Chosen","floor":20,"turns":5},{"damage":13,"enemies":"Snecko","floor":21,"turns":4},{"damage":28,"enemies":"Slavers","floor":23,"turns":5},{"damage":0,"enemies":"Snake Plant","floor":24,"turns":1},{"damage":0,"enemies":"Centurion and Healer","floor":27,"turns":3},{"damage":10,"enemies":"Snecko","floor":28,"turns":3},{"damage":8,"enemies":"Book of Stabbing","floor":29,"turns":3},{"damage":34,"enemies":"Automaton","floor":33,"turns":8},{"damage":0,"enemies":"3 Darklings","floor":35,"turns":1},{"damage":10,"enemies":"Mind Bloom Boss Battle","floor":37,"turns":7},{"damage":5,"enemies":"Orb Walker","floor":39,"turns":3},{"damage":53,"enemies":"Nemesis","floor":41,"turns":5}],"seed_played":"3822034468984902064","potions_obtained":[{"floor":1,"key":"Ancient Potion"},{"floor":13,"key":"Fruit Juice"},{"floor":18,"key":"GhostInAJar"},{"floor":21,"key":"GamblersBrew"},{"floor":24,"key":"Weak Potion"},{"floor":28,"key":"Regen Potion"},{"floor":29,"key":"Ancient Potion"},{"floor":34,"key":"AttackPotion"}],"is_trial":false,"path_per_floor":["M","M","?","M","M","R","E","R","T","$","?","E","M","M","R","B",null,"M","$","M","M","?","E","M","R","T","M","M","E","R","?","R","B",null,"M","?","?","?","M","R","E"],"character_chosen":"THE_SILENT","items_purchased":["SteroidPotion","Backflip","Dagger Spray+1"],"campfire_rested":2,"item_purchase_floors":[10,19,19],"current_hp_per_floor":[52,46,46,38,33,33,12,31,31,31,31,21,20,20,20,13,52,33,33,20,12,70,42,42,42,42,42,32,24,24,24,45,26,64,64,64,54,54,49,49,0],"gold":503,"neow_bonus":"TEN_PERCENT_HP_BONUS","is_prod":false,"is_daily":false,"chose_seed":false,"campfire_upgraded":5,"win_rate":0,"timestamp":1546194900,"path_taken":["M","M","?","M","M","R","E","R","T","$","?","E","M","M","R","BOSS","M","$","M","M","?","E","M","R","T","M","?","E","R","?","R","BOSS","M","?","?","?","M","R","E"],"build_version":"2018-12-20","purchased_purges":2,"victory":false,"max_hp_per_floor":[72,72,65,65,65,65,65,65,65,65,65,65,65,65,65,65,65,65,65,65,70,70,70,70,70,70,70,70,70,70,70,70,70,75,75,71,71,71,71,71,71],"card_choices":[{"not_picked":["Footwork","Deadly Poison"],"picked":"Crippling Poison","floor":1},{"not_picked":["Prepared","Blade Dance"],"picked":"Bane","floor":2},{"not_picked":["Prepared","Tactician"],"picked":"Well Laid Plans","floor":4},{"not_picked":["Storm of Steel","Backflip"],"picked":"Endless Agony","floor":5},{"not_picked":["Flying Knee","Setup"],"picked":"Caltrops","floor":7},{"not_picked":["Eviscerate","Underhanded Strike"],"picked":"Backstab","floor":12},{"not_picked":["Reflex","Masterful Stab+1","Prepared"],"picked":"SKIP","floor":13},{"not_picked":["Infinite Blades","Acrobatics"],"picked":"Endless Agony+1","floor":14},{"not_picked":["Dagger Throw+1","Slice+1","Heel Hook+1"],"picked":"SKIP","floor":18},{"not_picked":["PiercingWail","Underhanded Strike+1"],"picked":"Reflex+1","floor":20},{"not_picked":["Poisoned Stab+1","Footwork"],"picked":"Finisher+1","floor":21},{"not_picked":["Distraction","Prepared"],"picked":"Predator+1","floor":23},{"not_picked":["Eviscerate+1","Prepared","Outmaneuver"],"picked":"SKIP","floor":24},{"not_picked":["Eviscerate+1","Prepared","Outmaneuver"],"picked":"SKIP","floor":24},{"not_picked":["Catalyst+1","Underhanded Strike+1"],"picked":"Corpse Explosion","floor":27},{"not_picked":["Sucker Punch+1","Tactician+1"],"picked":"Blur+1","floor":28},{"not_picked":["Calculated Gamble","Dodge and Roll+1"],"picked":"Noxious Fumes","floor":29},{"not_picked":["Tools of the Trade","Storm of Steel"],"picked":"A Thousand Cuts","floor":33},{"not_picked":["Dodge and Roll","Flechettes+1"],"picked":"Acrobatics","floor":34},{"not_picked":["Flying Knee+1","Blade Dance"],"picked":"Cloak And Dagger","floor":35},{"not_picked":["Blur+1","Deflect"],"picked":"Choke+1","floor":37},{"not_picked":["Accuracy","Blade Dance+1"],"picked":"Deadly Poison+1","floor":39}],"player_experience":704370,"relics_obtained":[{"floor":7,"key":"Boot"},{"floor":9,"key":"Vajra"},{"floor":12,"key":"Molten Egg 2"},{"floor":23,"key":"Ninja Scroll"},{"floor":26,"key":"Happy Flower"},{"floor":29,"key":"Smiling Mask"},{"floor":37,"key":"Ginger"}],"event_choices":[{"damage_healed":0,"gold_gain":0,"player_choice":"Lose Max HP","damage_taken":0,"relics_obtained":["Golden Idol"],"max_hp_gain":0,"max_hp_loss":7,"event_name":"Golden Idol","floor":3,"gold_loss":0},{"damage_healed":0,"gold_gain":0,"player_choice":"Grow","damage_taken":0,"max_hp_gain":0,"max_hp_loss":0,"event_name":"Living Wall","floor":11,"gold_loss":0,"cards_upgraded":["Crippling Poison"]},{"cards_removed":["Endless Agony"],"damage_healed":58,"gold_gain":0,"player_choice":"Offered Uncommon","damage_taken":0,"max_hp_gain":0,"max_hp_loss":0,"event_name":"Bonfire Elementals","floor":22,"gold_loss":0},{"damage_healed":0,"gold_gain":0,"player_choice":"Inject Mutagens","damage_taken":0,"relics_obtained":["MutagenicStrength"],"max_hp_gain":0,"max_hp_loss":0,"event_name":"Drug Dealer","floor":31,"gold_loss":0},{"damage_healed":0,"gold_gain":0,"player_choice":"Max HP","damage_taken":0,"max_hp_gain":0,"max_hp_loss":4,"event_name":"Winding Halls","floor":36,"gold_loss":0},{"damage_healed":0,"gold_gain":0,"player_choice":"Fight","damage_taken":0,"max_hp_gain":0,"max_hp_loss":0,"event_name":"MindBloom","floor":37,"gold_loss":0},{"damage_healed":0,"gold_gain":0,"player_choice":"Ignored","damage_taken":0,"max_hp_gain":0,"max_hp_loss":0,"event_name":"Tomb of Lord Red Mask","floor":38,"gold_loss":0}],"is_beta":false,"boss_relics":[{"not_picked":["White Beast Statue","Velvet Choker"],"picked":"HoveringKite"},{"not_picked":["WristBlade","Fusion Hammer"],"picked":"Tiny House"}],"items_purged_floors":[10,19],"is_endless":false,"potions_floor_spawned":[1,12,13,18,21,24,28,29],"killed_by":"Nemesis","ascension_level":20}