{"gold_per_floor":[118,193,22,22,40,81,106,106,180,180,223,246,246],"floor_reached":13,"playtime":289,"items_purged":[],"score":220,"play_id":"17c02f92-299d-422e-9c12-01ac9927826f","local_time":"20190614111850","is_ascension_mode":true,"campfire_choices":[{"data":"Combust","floor":8,"key":"SMITH"},{"data":"Disarm","floor":10,"key":"SMITH"}],"neow_cost":"NONE","seed_source_timestamp":2346209185733824,"circlet_count":0,"master_deck":["AscendersBane","Strike_R","Strike_R","Strike_R","Strike_R","Strike_R","Defend_R","Defend_R","Defend_R","Defend_R","Bash","Combust+1","Disarm+1","Disarm","Armaments","Shrug It Off"],"relics":["Burning Blood","NeowsBlessing","Vajra","Golden Idol","Juzu Bracelet","Art of War","Pantograph","Peace Pipe"],"potions_floor_usage":[13],"damage_taken":[{"damage":0,"enemies":"2 Louse","floor":1,"turns":1},{"damage":0,"enemies":"Small Slimes","floor":5,"turns":1},{"damage":0,"enemies":"Lagavulin","floor":6,"turns":1},{"damage":36,"enemies":"3 Sentries","floor":11,"turns":7},{"damage":8,"enemies":"Jaw Worm","floor":12,"turns":5},{"damage":26,"enemies":"Large Slime","floor":13,"turns":5}],"seed_played":"8807066286677770670","potions_obtained":[{"floor":5,"key":"Strength Potion"},{"floor":6,"key":"Strength Potion"}],"is_trial":false,"path_per_floor":["M","?","$","?","M","E","T","R","T","R","E","M","M"],"character_chosen":"IRONCLAD","items_purchased":["Vajra"],"campfire_rested":0,"item_purchase_floors":[3],"current_hp_per_floor":[74,63,63,37,43,49,49,49,49,49,19,17,0],"gold":246,"neow_bonus":"THREE_ENEMY_KILL","is_prod":false,"is_daily":false,"chose_seed":false,"campfire_upgraded":2,"win_rate":0,"timestamp":1560521930,"path_taken":["M","?","$","?","M","E","?","R","T","R","E","M","M"],"build_version":"2019-01-23","purchased_purges":0,"victory":false,"max_hp_per_floor":[75,75,75,75,75,75,75,75,75,75,75,75,75],"card_choices":[{"not_picked":["Armaments","Uppercut"],"picked":"Combust","floor":1},{"not_picked":["Shrug It Off","Heavy Blade"],"picked":"Disarm","floor":5},{"not_picked":["Dropkick","Feel No Pain"],"picked":"Disarm","floor":6},{"not_picked":["Ghostly Armor","Pommel Strike"],"picked":"Armaments","floor":11},{"not_picked":["Havoc","True Grit"],"picked":"Shrug It Off","floor":12}],"player_experience":1036730,"relics_obtained":[{"floor":6,"key":"Juzu Bracelet"},{"floor":7,"key":"Art of War"},{"floor":9,"key":"Pantograph"},{"floor":11,"key":"Peace Pipe"}],"event_choices":[{"damage_healed":0,"gold_gain":75,"player_choice":"Gather Gold","damage_taken":11,"max_hp_gain":0,"max_hp_loss":0,"event_name":"World of Goop","floor":2,"gold_loss":0},{"damage_healed":0,"gold_gain":0,"player_choice":"Take Damage","damage_taken":26,"relics_obtained":["Golden Idol"],"max_hp_gain":0,"max_hp_loss":0,"event_name":"Golden Idol","floor":4,"gold_loss":0}],"is_beta":false,"boss_relics":[],"items_purged_floors":[],"is_endless":false,"potions_floor_spawned":[5,6],"killed_by":"Large Slime","ascension_level":18}