{"gold_per_floor":[214,3,3,19,39,39,72,72,72,52,82,28,48,64,64,140,140,154,154,172,89,103,103],"floor_reached":23,"playtime":1034,"items_purged":["Strike_B"],"score":502,"play_id":"09d57963-cb41-440e-a41d-932527e03763","local_time":"20190610004012","is_ascension_mode":true,"campfire_choices":[{"data":"Barrage","floor":6,"key":"SMITH"},{"data":"Defragment","floor":8,"key":"SMITH"},{"floor":15,"key":"REST"}],"neow_cost":"NONE","seed_source_timestamp":44052395577679,"circlet_count":0,"master_deck":["AscendersBane","Strike_B","Strike_B","Defend_B","Defend_B","Defend_B","Defend_B","Zap","Dualcast","Barrage+1","Cold Snap","Defragment+1","Ball Lightning","Cold Snap","Capacitor","Coolheaded","Static Discharge","Coolheaded","Biased Cognition","Defragment+1","Capacitor","Blizzard+1"],"relics":["Cracked Core","Dodecahedron","Question Card","Sundial","Runic Pyramid"],"potions_floor_usage":[13,16,22],"damage_taken":[{"damage":1,"enemies":"2 Louse","floor":1,"turns":3},{"damage":0,"enemies":"Cultist","floor":4,"turns":3},{"damage":2,"enemies":"Jaw Worm","floor":5,"turns":4},{"damage":20,"enemies":"Lagavulin","floor":7,"turns":6},{"damage":4,"enemies":"Gremlin Nob","floor":11,"turns":3},{"damage":2,"enemies":"Gremlin Gang","floor":13,"turns":4},{"damage":8,"enemies":"Blue Slaver","floor":14,"turns":2},{"damage":0,"enemies":"Slime Boss","floor":16,"turns":7},{"damage":15,"enemies":"Shell Parasite","floor":18,"turns":6},{"damage":0,"enemies":"Spheric Guardian","floor":20,"turns":4},{"damage":11,"enemies":"Centurion and Healer","floor":22,"turns":7},{"damage":60,"enemies":"Gremlin Leader","floor":23,"turns":7}],"seed_played":"-102078626161952565","potions_obtained":[{"floor":5,"key":"FairyPotion"},{"floor":10,"key":"Block Potion"},{"floor":11,"key":"Fire Potion"},{"floor":13,"key":"LiquidBronze"},{"floor":20,"key":"Regen Potion"}],"is_trial":false,"path_per_floor":["M","$","?","M","M","R","E","R","T","?","E","$","M","M","R","B",null,"M","?","M","$","M","E"],"character_chosen":"DEFECT","items_purchased":["Cold Snap","Defragment","Coolheaded","Capacitor"],"campfire_rested":1,"item_purchase_floors":[2,2,12,21],"current_hp_per_floor":[63,63,63,63,61,61,41,41,41,41,37,37,35,27,48,48,65,50,50,50,50,54,0],"gold":103,"neow_bonus":"HUNDRED_GOLD","is_prod":false,"is_daily":false,"chose_seed":false,"campfire_upgraded":2,"win_rate":0,"timestamp":1560120012,"path_taken":["M","$","?","M","M","R","E","R","T","?","E","$","?","?","R","BOSS","M","?","M","$","M","E"],"build_version":"2019-01-23","purchased_purges":1,"victory":false,"max_hp_per_floor":[71,71,71,71,71,71,71,71,71,71,71,71,71,71,71,71,71,71,71,71,71,71,71],"card_choices":[{"not_picked":["Hologram","Steam"],"picked":"Barrage","floor":1},{"not_picked":["Multi-Cast","BootSequence","Redo"],"picked":"SKIP","floor":4},{"not_picked":["Cold Snap","Streamline"],"picked":"Ball Lightning","floor":5},{"not_picked":["Compile Driver","Hologram"],"picked":"Cold Snap","floor":7},{"not_picked":["Conserve Battery","Beam Cell","Turbo"],"picked":"Capacitor","floor":11},{"not_picked":["Aggregate","Hologram","Steam"],"picked":"Static Discharge","floor":13},{"not_picked":["Tempest","Compile Driver","Go for the Eyes"],"picked":"Coolheaded","floor":14},{"not_picked":["All For One","Rainbow","Hyperbeam"],"picked":"Biased Cognition","floor":16},{"not_picked":["Fusion","Force Field","Rip and Tear"],"picked":"Defragment+1","floor":18},{"not_picked":["Streamline","Rip and Tear+1","Redo","Ball Lightning"],"picked":"SKIP","floor":20},{"not_picked":["Undo","Sweeping Beam","Gash+1"],"picked":"Blizzard+1","floor":22}],"player_experience":1327950,"relics_obtained":[{"floor":7,"key":"Dodecahedron"},{"floor":9,"key":"Question Card"},{"floor":11,"key":"Sundial"}],"event_choices":[{"damage_healed":0,"gold_gain":0,"player_choice":"Leave","damage_taken":0,"max_hp_gain":0,"max_hp_loss":0,"event_name":"The Cleric","floor":3,"gold_loss":0},{"damage_healed":0,"gold_gain":0,"player_choice":"Bought 1 Potion","damage_taken":0,"max_hp_gain":0,"max_hp_loss":0,"event_name":"The Woman in Blue","floor":10,"gold_loss":0},{"cards_removed":["Strike_B"],"damage_healed":0,"gold_gain":0,"player_choice":"Purged","damage_taken":0,"max_hp_gain":0,"max_hp_loss":0,"event_name":"Purifier","floor":19,"gold_loss":0}],"is_beta":false,"boss_relics":[{"not_picked":["Calling Bell","FrozenCore"],"picked":"Runic Pyramid"}],"items_purged_floors":[2],"is_endless":false,"potions_floor_spawned":[5,11,13,20],"killed_by":"Gremlin Leader","ascension_level":20}