{"gold_per_floor":[217,61,80,100,119,119,147,164,164,197,197,228,239,254,254,351,351,366,366,381,381,63,63,95,95,95,95,95,114,139,139,139,235,235,245,262,262,262,22,50,50,65,143,143,159,186,203,203,203,203],"floor_reached":50,"playtime":2839,"items_purged":["Defend_R"],"score":921,"play_id":"811e4fc4-5c93-41db-ac73-ad1937986dc3","local_time":"20190503140202","is_ascension_mode":true,"campfire_choices":[{"data":"Searing Blow","floor":6,"key":"SMITH"},{"data":"Metallicize","floor":11,"key":"SMITH"},{"data":"Searing Blow+1","floor":15,"key":"SMITH"},{"data":"Uppercut","floor":23,"key":"SMITH"},{"floor":27,"key":"REST"},{"floor":32,"key":"REST"},{"data":"Metallicize","floor":41,"key":"SMITH"},{"data":"Magnetism","floor":44,"key":"SMITH"},{"data":"Searing Blow+3","floor":49,"key":"SMITH"}],"neow_cost":"NONE","seed_source_timestamp":1291390452140948,"circlet_count":0,"master_deck":["AscendersBane","Defend_R","Defend_R","Bash","Inflame","Searing Blow+4","Metallicize+1","Metallicize+1","Demon Form","Cleave","Heavy Blade","Shrug It Off","Inflame","Double Tap","Uppercut+1","Bite+1","Bite","Bite","Bite","Bite","Disarm","Ghostly Armor","Reaper","Magnetism+1","Flame Barrier"],"relics":["Burning Blood","Vajra","Meat on the Bone","Thread and Needle","Singing Bowl","Prayer Wheel","Mark of Pain","Pantograph","Question Card","Enchiridion","Shuriken","Art of War","Busted Crown","Ice Cream","The Courier","Bottled Flame","Whetstone","Letter Opener"],"potions_floor_usage":[5,5,7,16,19,29,33,40,46,47,50,50],"damage_taken":[{"damage":1,"enemies":"2 Louse","floor":1,"turns":4},{"damage":7,"enemies":"Small Slimes","floor":3,"turns":4},{"damage":1,"enemies":"Cultist","floor":4,"turns":3},{"damage":0,"enemies":"Exordium Thugs","floor":5,"turns":3},{"damage":23,"enemies":"Gremlin Nob","floor":7,"turns":5},{"damage":14,"enemies":"Exordium Wildlife","floor":8,"turns":5},{"damage":20,"enemies":"3 Sentries","floor":10,"turns":8},{"damage":16,"enemies":"Gremlin Nob","floor":12,"turns":5},{"damage":2,"enemies":"Red Slaver","floor":13,"turns":6},{"damage":0,"enemies":"2 Fungi Beasts","floor":14,"turns":4},{"damage":17,"enemies":"Slime Boss","floor":16,"turns":9},{"damage":11,"enemies":"Shell Parasite","floor":18,"turns":4},{"damage":39,"enemies":"Colosseum Slavers","floor":19,"turns":4},{"damage":0,"enemies":"Chosen","floor":20,"turns":3},{"damage":54,"enemies":"Book of Stabbing","floor":24,"turns":6},{"damage":13,"enemies":"Snake Plant","floor":29,"turns":5},{"damage":52,"enemies":"Slavers","floor":30,"turns":6},{"damage":27,"enemies":"Champ","floor":33,"turns":9},{"damage":0,"enemies":"Orb Walker","floor":35,"turns":3},{"damage":17,"enemies":"3 Shapes","floor":36,"turns":9},{"damage":68,"enemies":"Reptomancer","floor":40,"turns":5},{"damage":40,"enemies":"Jaw Worm Horde","floor":42,"turns":5},{"damage":29,"enemies":"Spire Growth","floor":45,"turns":5},{"damage":42,"enemies":"Nemesis","floor":46,"turns":7},{"damage":21,"enemies":"3 Darklings","floor":47,"turns":5},{"damage":111,"enemies":"Donu and Deca","floor":50,"turns":8}],"seed_played":"8084514650126627015","potions_obtained":[{"floor":1,"key":"Energy Potion"},{"floor":4,"key":"Fire Potion"},{"floor":5,"key":"Strength Potion"},{"floor":13,"key":"Energy Potion"},{"floor":18,"key":"PowerPotion"},{"floor":24,"key":"Energy Potion"},{"floor":30,"key":"Swift Potion"},{"floor":35,"key":"Strength Potion"},{"floor":40,"key":"Poison Potion"},{"floor":45,"key":"PowerPotion"},{"floor":46,"key":"Ancient Potion"},{"floor":47,"key":"GamblersBrew"}],"is_trial":false,"path_per_floor":["M","$","M","M","M","R","E","M","T","E","R","E","M","M","R","B",null,"M","?","M","?","$","R","E","?","T","R","$","M","E","$","R","B",null,"M","M","?","?","$","E","R","M","T","R","M","E","M","T","R","B"],"character_chosen":"IRONCLAD","items_purchased":["Vajra","Pantograph","Magnetism","Flame Barrier"],"campfire_rested":2,"item_purchase_floors":[2,22,39,39],"current_hp_per_floor":[77,77,76,80,80,80,63,55,55,53,53,57,63,71,71,60,80,77,56,66,64,64,64,40,24,24,43,43,46,22,22,42,60,66,72,67,67,67,67,45,45,61,61,61,61,55,82,82,82,0],"gold":203,"neow_bonus":"HUNDRED_GOLD","is_prod":false,"is_daily":false,"chose_seed":false,"campfire_upgraded":7,"win_rate":0,"timestamp":1556902922,"path_taken":["M","$","M","M","M","R","E","M","T","E","R","E","M","M","R","BOSS","M","?","M","?","$","R","E","?","T","R","$","M","E","$","R","BOSS","M","M","?","?","$","E","R","M","T","R","?","E","M","?","R","BOSS"],"build_version":"2019-01-23","purchased_purges":1,"victory":false,"max_hp_per_floor":[80,80,80,80,80,80,80,80,80,80,80,82,84,86,86,86,86,88,88,92,64,64,64,66,66,66,66,66,68,68,68,68,68,68,72,76,76,76,76,78,78,82,82,82,86,88,92,92,92,92],"card_choices":[{"not_picked":["Twin Strike","Perfected Strike"],"picked":"Inflame","floor":1},{"not_picked":["Headbutt","Havoc"],"picked":"Searing Blow","floor":3},{"not_picked":["Wild Strike","Flex"],"picked":"Metallicize","floor":4},{"not_picked":["Wild Strike","Anger"],"picked":"Metallicize","floor":5},{"not_picked":["Second Wind","Anger"],"picked":"Demon Form","floor":7},{"not_picked":["Sentinel","Corruption"],"picked":"Cleave","floor":8},{"not_picked":["Carnage","Cleave"],"picked":"Heavy Blade","floor":10},{"not_picked":["Feel No Pain","Intimidate","Bludgeon"],"picked":"Singing Bowl","floor":12},{"not_picked":["Wild Strike","Cleave","Pommel Strike"],"picked":"Singing Bowl","floor":13},{"not_picked":["Corruption","True Grit"],"picked":"Shrug It Off","floor":13},{"not_picked":["Power Through","Wild Strike","Bloodletting"],"picked":"Singing Bowl","floor":14},{"not_picked":["Body Slam","Cleave"],"picked":"Inflame","floor":14},{"not_picked":["Exhume","Brutality"],"picked":"Double Tap","floor":16},{"not_picked":["Havoc+1","Intimidate","Clothesline"],"picked":"Singing Bowl","floor":18},{"not_picked":["Headbutt","Sword Boomerang"],"picked":"Uppercut","floor":18},{"not_picked":["Bloodletting","True Grit","Perfected Strike"],"picked":"Singing Bowl","floor":20},{"not_picked":["Havoc+1","Body Slam","Anger"],"picked":"Singing Bowl","floor":20},{"not_picked":["Cleave+1","Sword Boomerang","Body Slam"],"picked":"Singing Bowl","floor":24},{"not_picked":["Entrench","Cleave","Headbutt"],"picked":"Disarm","floor":29},{"not_picked":["Corruption+1","Spot Weakness","Headbutt","Shrug It Off+1"],"picked":"Singing Bowl","floor":29},{"not_picked":["Shockwave","Heavy Blade","Immolate"],"picked":"Ghostly Armor","floor":30},{"not_picked":["Exhume","Brutality","Berserk"],"picked":"Reaper","floor":33},{"not_picked":["Power Through","Flex+1"],"picked":"Singing Bowl","floor":35},{"not_picked":["Clash","Anger+1"],"picked":"Singing Bowl","floor":35},{"not_picked":["Rupture","Flex+1"],"picked":"Singing Bowl","floor":36},{"not_picked":["Thunderclap","Blood for Blood"],"picked":"Singing Bowl","floor":36},{"not_picked":["Thunderclap","Anger"],"picked":"Singing Bowl","floor":40},{"not_picked":["Shrug It Off","Clash"],"picked":"Singing Bowl","floor":42},{"not_picked":["Immolate","Pommel Strike"],"picked":"Singing Bowl","floor":42},{"not_picked":["Iron Wave+1","Thunderclap"],"picked":"Singing Bowl","floor":45},{"not_picked":["Headbutt","Flex"],"picked":"Singing Bowl","floor":45},{"not_picked":["Bloodletting","Iron Wave"],"picked":"Singing Bowl","floor":46},{"not_picked":["Twin Strike","Anger"],"picked":"Singing Bowl","floor":47},{"not_picked":["Infernal Blade","Dropkick"],"picked":"Singing Bowl","floor":47}],"player_experience":687705,"relics_obtained":[{"floor":7,"key":"Meat on the Bone"},{"floor":9,"key":"Thread and Needle"},{"floor":10,"key":"Singing Bowl"},{"floor":12,"key":"Prayer Wheel"},{"floor":24,"key":"Question Card"},{"floor":25,"key":"Enchiridion"},{"floor":26,"key":"Shuriken"},{"floor":30,"key":"Art of War"},{"floor":38,"key":"Ice Cream"},{"floor":40,"key":"The Courier"},{"floor":43,"key":"Bottled Flame"},{"floor":46,"key":"Whetstone"},{"floor":48,"key":"Letter Opener"}],"event_choices":[{"damage_healed":0,"gold_gain":0,"player_choice":"Fight","damage_taken":0,"max_hp_gain":0,"max_hp_loss":0,"event_name":"Colosseum","floor":19,"gold_loss":0},{"damage_healed":0,"gold_gain":0,"player_choice":"Fled From Nobs","damage_taken":0,"max_hp_gain":0,"max_hp_loss":0,"event_name":"Colosseum","floor":19,"gold_loss":0},{"damage_healed":0,"gold_gain":0,"player_choice":"Became a vampire","damage_taken":0,"max_hp_gain":0,"max_hp_loss":28,"event_name":"Vampires","floor":21,"gold_loss":0,"cards_obtained":["Bite","Bite","Bite","Bite","Bite"]},{"damage_healed":0,"gold_gain":0,"player_choice":"Obtained Book","damage_taken":16,"max_hp_gain":0,"max_hp_loss":0,"event_name":"Cursed Tome","floor":25,"gold_loss":0},{"cards_removed":["Defend_R"],"damage_healed":0,"gold_gain":0,"player_choice":"Removed Skill","damage_taken":0,"max_hp_gain":0,"max_hp_loss":0,"event_name":"Falling","floor":37,"gold_loss":0},{"damage_healed":0,"gold_gain":0,"player_choice":"Relic","damage_taken":0,"max_hp_gain":0,"max_hp_loss":0,"event_name":"Wheel of Change","floor":38,"gold_loss":0}],"is_beta":false,"boss_relics":[{"not_picked":["Coffee Dripper","Orrery"],"picked":"Mark of Pain"},{"not_picked":["Runic Pyramid","Lizard Tail"],"picked":"Busted Crown"}],"items_purged_floors":[22],"is_endless":false,"potions_floor_spawned":[1,4,5,13,18,24,30,35,40,45,46,47],"killed_by":"Donu and Deca","ascension_level":12}