{"path_per_floor":["M","M","?","M","M","E","R","M","T","$","E","M","M","M","R","B",null,"M","M","$","M","M","E","R","E","T","M","?"],"character_chosen":"THE_SILENT","items_purchased":["Snake Skull","Enlightenment","Malaise"],"gold_per_floor":[110,125,105,123,135,164,164,182,206,59,85,97,109,125,125,230,230,211,227,8,28,39,67,67,102,102,116,116],"floor_reached":29,"campfire_rested":1,"playtime":3096,"current_hp_per_floor":[70,70,70,70,68,68,68,66,66,66,66,66,58,58,58,46,70,59,52,52,51,51,30,51,25,25,2,2],"items_purged":[],"gold":116,"play_id":"8b5ec2c2-8264-4653-8e65-dfa434cd380b","is_prod":false,"is_daily":false,"is_ascension_mode":false,"campfire_upgraded":2,"path_taken":["M","M","?","?","M","E","R","M","T","$","E","M","M","M","R","BOSS","M","M","$","M","M","E","R","E","T","M","?","M"],"build_version":"2018-02-01-PROD3","purchased_purges":0,"victory":false,"master_deck":["Defend_G","Defend_G","Defend_G+1","Defend_G","Defend_G+1","Strike_G","Strike_G","Strike_G","Strike_G","Strike_G","Survivor","Neutralize","Bouncing Flask","Caltrops+1","Quick Slash","Blur+1","Outmaneuver","Poisoned Stab","Masterful Stab","Crippling Poison","Bane","Caltrops","After Image","Flying Knee+1","Poisoned Stab+1","Enlightenment","Malaise","Dagger Throw","Predator+1","Doppelganger","Dagger Spray","Endless Agony","Decay"],"max_hp_per_floor":[70,70,70,70,70,70,70,70,70,70,70,70,70,70,70,70,70,70,70,70,70,70,70,70,80,80,80,80],"relics":["Ring of the Snake","Lantern","Anchor","Orichalcum","Snake Skull","War Paint","The Specimen","Bag of Preparation","Pear","Prayer Wheel"],"card_choices":[{"not_picked":["Outmaneuver","Deadly Poison"],"picked":"Bouncing Flask"},{"not_picked":["Deadly Poison","Finisher"],"picked":"Caltrops"},{"not_picked":["Deflect","All Out Attack"],"picked":"Quick Slash"},{"not_picked":["Dagger Spray","Dagger Throw"],"picked":"Blur"},{"not_picked":["Crippling Poison","Dodge and Roll"],"picked":"Outmaneuver"},{"not_picked":["Dagger Throw","Quick Slash"],"picked":"Poisoned Stab"},{"not_picked":["Blur","Poisoned Stab"],"picked":"Masterful Stab"},{"not_picked":["Blur","Poisoned Stab"],"picked":"Crippling Poison"},{"not_picked":["Corpse Explosion","Finisher"],"picked":"Bane"},{"not_picked":["Quick Slash","Outmaneuver"],"picked":"Caltrops"},{"not_picked":["Bullet Time","Venomology"],"picked":"After Image"},{"not_picked":["Poisoned Stab","Infinite Blades"],"picked":"Flying Knee"},{"not_picked":["Acrobatics","Dagger Throw"],"picked":"Poisoned Stab"},{"not_picked":["Slice","All Out Attack"],"picked":"Dagger Throw"},{"not_picked":["Calculated Gamble","Escape Plan"],"picked":"Predator"},{"not_picked":["Sucker Punch","Dodge and Roll"],"picked":"Doppelganger"},{"not_picked":["Caltrops","Doppelganger"],"picked":"Dagger Spray"},{"not_picked":["Quick Slash","Malaise"],"picked":"Endless Agony"}],"player_experience":47850,"potions_floor_usage":[4,6,6,11,16,21,23,23,25],"damage_taken":[{"damage":0,"enemies":"Jaw Worm","floor":1,"turns":6},{"damage":0,"enemies":"Blue Slaver","floor":2,"turns":3},{"damage":0,"enemies":"Small Slimes","floor":4,"turns":3},{"damage":2,"enemies":"3 Louse","floor":5,"turns":5},{"damage":0,"enemies":"Gremlin Nob","floor":6,"turns":3},{"damage":2,"enemies":"Looter","floor":8,"turns":3},{"damage":0,"enemies":"3 Sentries","floor":11,"turns":6},{"damage":0,"enemies":"Red Slaver","floor":12,"turns":2},{"damage":8,"enemies":"Gremlin Gang","floor":13,"turns":3},{"damage":0,"enemies":"Exordium Wildlife","floor":14,"turns":4},{"damage":12,"enemies":"Hexaghost","floor":16,"turns":6},{"damage":11,"enemies":"2 Thieves","floor":18,"turns":4},{"damage":7,"enemies":"Shell Parasite","floor":19,"turns":4},{"damage":1,"enemies":"Chosen and Byrds","floor":21,"turns":5},{"damage":0,"enemies":"Snake Plant","floor":22,"turns":4},{"damage":21,"enemies":"Book of Stabbing","floor":23,"turns":5},{"damage":36,"enemies":"Gremlin Leader","floor":25,"turns":7},{"damage":23,"enemies":"Sentry and Sphere","floor":27,"turns":7},{"damage":22,"enemies":"Cultist and Chosen","floor":29,"turns":3}],"event_choices":[{"event_name":"The Woman in Blue","player_choice":"Bought 1 Potion","floor":3,"damage_taken":0},{"event_name":"Forgotten Altar","player_choice":"Smashed Altar","floor":28,"damage_taken":0}],"boss_relics":[{"not_picked":["Philosopher\u0027s Stone","Velvet Choker"],"picked":"The Specimen"}],"potions_floor_spawned":[2,5,6,11,16,18,19,21,23],"seed_played":"8884671268011089608","killed_by":"Cultist and Chosen","ascension_level":0,"is_trial":false}