{"path_per_floor":["M","M","M","M","M","R","E","R","T","R","E","M","$","?","R","B",null,"M","?","M","?","M","R","E","R","T","M","?","M","M","$","R","B",null,"M","M","M","M","$","R","M","E","T","R","?","?","?","M","R","B"],"character_chosen":"IRONCLAD","items_purchased":["Wild Strike","Inflame","Armaments","Thunderclap","Oddly Smooth Stone","Bag of Marbles","Strength Potion"],"gold_per_floor":[113,128,138,150,161,161,191,191,191,191,216,231,28,28,28,132,132,151,96,109,109,128,128,161,161,161,172,172,188,201,47,47,144,144,156,175,191,209,12,12,23,54,354,354,354,354,354,372,372,372],"floor_reached":51,"campfire_rested":6,"playtime":4121,"current_hp_per_floor":[80,80,80,80,71,71,50,74,74,74,60,66,66,66,66,47,80,71,71,81,65,63,84,42,68,68,64,64,39,32,32,58,56,87,57,61,57,46,46,74,82,72,72,99,87,87,87,91,91,48],"items_purged":[],"gold":372,"score":561,"play_id":"2ff3add7-a380-4f28-b028-eb00c3d485e6","is_prod":false,"is_daily":false,"is_ascension_mode":false,"campfire_upgraded":4,"path_taken":["M","M","M","M","M","R","E","R","T","R","E","M","$","?","R","BOSS","M","?","M","?","M","R","E","R","T","M","?","M","M","?","R","BOSS","M","M","?","M","$","R","M","E","T","R","?","?","?","M","R","BOSS"],"build_version":"2018-02-15-PROD1","purchased_purges":0,"victory":true,"master_deck":["Strike_R+1","Strike_R+1","Strike_R+1","Strike_R+1","Strike_R+1","Defend_R+1","Defend_R+1","Defend_R+1","Defend_R+1","Twin Strike","Evolve+1","Pommel Strike","Cleave+1","Wild Strike","Blood for Blood+1","Cleave+1","Uppercut+1","Wild Strike+1","Inflame+1","Armaments","Thunderclap+1","Feed+1","Perfected Strike+1","True Grit","Rampage+1","Shrug It Off","Anger+1","Iron Wave+1","Dropkick+1","Barricade+1","Pommel Strike+1","Anger+1","Flame Barrier+1","Flex","Seeing Red+1","Inflame","Madness","Madness","Dropkick+1","Perfected Strike+1"],"max_hp_per_floor":[80,80,80,80,80,80,80,80,80,80,80,80,80,80,80,80,80,80,80,84,84,84,84,87,87,87,87,87,87,87,87,87,87,87,87,87,91,95,95,95,99,99,99,99,99,99,99,99,99,99],"relics":["Burning Blood","NeowsBlessing","Molten Egg 2","Red Skull","Thread and Needle","Velvet Choker","Tiny Chest","Nilry\u0027s Codex","Self Forming Clay","War Paint","Oddly Smooth Stone","Mark of Pain","Bag of Marbles","Pen Nib","Old Coin"],"card_choices":[{"not_picked":["Corruption","True Grit"],"picked":"Twin Strike"},{"not_picked":["Second Wind","Rage"],"picked":"Evolve"},{"not_picked":["Evolve","Perfected Strike"],"picked":"Pommel Strike"},{"not_picked":["Sword Boomerang","True Grit"],"picked":"Cleave"},{"not_picked":["Havoc","Anger"],"picked":"Wild Strike"},{"not_picked":["Clothesline","Berserk"],"picked":"Blood for Blood"},{"not_picked":["Searing Blow","Clash"],"picked":"Cleave"},{"not_picked":["Twin Strike","Hemokinesis"],"picked":"Uppercut"},{"not_picked":["Brutality","Berserk"],"picked":"Feed"},{"not_picked":["Clothesline","Body Slam"],"picked":"Perfected Strike"},{"not_picked":["Combust","Searing Blow"],"picked":"True Grit"},{"not_picked":["Pommel Strike","Twin Strike"],"picked":"Rampage"},{"not_picked":["Hemokinesis","Immolate"],"picked":"Shrug It Off"},{"not_picked":["Inflame","Headbutt"],"picked":"Anger"},{"not_picked":["Reckless Charge","Twin Strike"],"picked":"Iron Wave"},{"not_picked":["Sword Boomerang","Searing Blow"],"picked":"Dropkick"},{"not_picked":["Brutality","Feed"],"picked":"Barricade"},{"not_picked":["Warcry","Bloodletting"],"picked":"Pommel Strike"},{"not_picked":["Wild Strike","Combust"],"picked":"Anger"},{"not_picked":["Flex","Bludgeon"],"picked":"Flame Barrier"},{"not_picked":["Power Through","Clash"],"picked":"Flex"},{"not_picked":["Searing Blow","Rupture"],"picked":"Seeing Red"},{"not_picked":["Fire Breathing","Sentinel"],"picked":"Inflame"},{"not_picked":["Headbutt","Sentinel"],"picked":"Perfected Strike"}],"player_experience":66498,"potions_floor_usage":[27,33,38,42,50,50],"damage_taken":[{"damage":0.0,"enemies":"Jaw Worm","floor":1.0,"turns":1.0},{"damage":0.0,"enemies":"Blue Slaver","floor":2.0,"turns":1.0},{"damage":0.0,"enemies":"2 Louse","floor":3.0,"turns":1.0},{"damage":1.0,"enemies":"2 Fungi Beasts","floor":4.0,"turns":4.0},{"damage":15.0,"enemies":"Looter","floor":5.0,"turns":3.0},{"damage":27.0,"enemies":"3 Sentries","floor":7.0,"turns":5.0},{"damage":20.0,"enemies":"Gremlin Nob","floor":11.0,"turns":4.0},{"damage":0.0,"enemies":"Large Slime","floor":12.0,"turns":2.0},{"damage":25.0,"enemies":"Hexaghost","floor":16.0,"turns":6.0},{"damage":15.0,"enemies":"2 Thieves","floor":18.0,"turns":3.0},{"damage":0.0,"enemies":"3 Byrds","floor":20.0,"turns":2.0},{"damage":8.0,"enemies":"Slaver and Parasite","floor":22.0,"turns":4.0},{"damage":51.0,"enemies":"Book of Stabbing","floor":24.0,"turns":6.0},{"damage":10,"enemies":"Sentry and Sphere","floor":27,"turns":4},{"damage":31,"enemies":"Cultist and Chosen","floor":29,"turns":5},{"damage":13,"enemies":"Centurion and Healer","floor":30,"turns":4},{"damage":8,"enemies":"Champ","floor":33,"turns":8},{"damage":36,"enemies":"3 Darklings","floor":35,"turns":7},{"damage":2,"enemies":"Orb Walker","floor":36,"turns":2},{"damage":14,"enemies":"3 Darklings","floor":37,"turns":4},{"damage":21,"enemies":"Sphere and 2 Shapes","floor":38,"turns":4},{"damage":2,"enemies":"4 Shapes","floor":41,"turns":6},{"damage":16,"enemies":"2 Orb Walkers","floor":42,"turns":4},{"damage":2,"enemies":"3 Darklings","floor":48,"turns":3},{"damage":49,"enemies":"Donu and Deca","floor":50,"turns":8}],"event_choices":[{"event_name":"Purifier","player_choice":"Skipped","floor":14.0,"damage_taken":0.0},{"event_name":"Addict","player_choice":"Obtained Relic","floor":19.0,"damage_taken":0.0},{"event_name":"Cursed Tome","player_choice":"Obtained Book","floor":21.0,"damage_taken":0.0},{"event_name":"Back to Basics","player_choice":"Simplicity","floor":28,"damage_taken":0},{"event_name":"Winding Halls","player_choice":"Embrace Madness","floor":45,"damage_taken":0},{"event_name":"Duplicator","player_choice":"One dupe","floor":46,"damage_taken":0},{"event_name":"Wheel of Change","player_choice":"Card Removal","floor":47,"damage_taken":0}],"boss_relics":[{"not_picked":["Runic Cube","Eternal Feather"],"picked":"Mark of Pain"}],"potions_floor_spawned":[3,5,7,11,12,18,20,27,37,42,48],"seed_played":"-518245978054110682","ascension_level":0,"is_trial":false}