{"gold_per_floor":[10,28,28,47,47,47,80,80,104,104,104,104,137,151,151,225,225,245,259,259,98,109,109,109],"floor_reached":24,"playtime":1495,"items_purged":["Strike_B"],"score":408,"play_id":"a854b3f8-6774-47c5-a284-1977fdf4ef43","local_time":"20181221233932","is_ascension_mode":true,"campfire_choices":[{"data":"Zap","floor":6,"key":"SMITH"},{"floor":8,"key":"REST"},{"data":"Biased Cognition","floor":10,"key":"SMITH"},{"data":"Fusion","floor":15,"key":"SMITH"},{"data":"Self Repair","floor":23,"key":"SMITH"}],"neow_cost":"NO_GOLD","seed_source_timestamp":24655135503492,"circlet_count":0,"master_deck":["AscendersBane","Strike_B","Defend_B","Defend_B","Defend_B","Defend_B","Zap+1","Dualcast","Biased Cognition+1","Cold Snap","Compile Driver","Capacitor","Fusion+1","Self Repair+1","Core Surge","Darkness"],"relics":["Cracked Core","Happy Flower","Ancient Tea Set","Centennial Puzzle","Inserter"],"potions_floor_usage":[16,24],"damage_taken":[{"damage":2,"enemies":"Jaw Worm","floor":1,"turns":3},{"damage":5,"enemies":"2 Louse","floor":2,"turns":2},{"damage":4,"enemies":"Small Slimes","floor":4,"turns":3},{"damage":20,"enemies":"3 Sentries","floor":7,"turns":6},{"damage":8,"enemies":"Lagavulin","floor":13,"turns":5},{"damage":1,"enemies":"Exordium Wildlife","floor":14,"turns":3},{"damage":20,"enemies":"The Guardian","floor":16,"turns":11},{"damage":14,"enemies":"Shell Parasite","floor":18,"turns":6},{"damage":17,"enemies":"3 Byrds","floor":19,"turns":5},{"damage":20,"enemies":"Snake Plant","floor":22,"turns":4},{"damage":43,"enemies":"Slavers","floor":24,"turns":6}],"seed_played":"-8692588194893808383","potions_obtained":[{"floor":1,"key":"SteroidPotion"},{"floor":2,"key":"Dexterity Potion"},{"floor":22,"key":"SkillPotion"}],"is_trial":false,"path_per_floor":["M","M","?","M","?","R","E","R","T","R","?","?","E","M","R","B",null,"M","M","?","$","M","R","E"],"character_chosen":"DEFECT","items_purchased":["LiquidBronze"],"campfire_rested":1,"item_purchase_floors":[21],"current_hp_per_floor":[62,57,50,46,46,46,26,47,47,47,47,52,44,43,43,30,65,58,48,48,48,35,35,0],"gold":109,"neow_bonus":"THREE_RARE_CARDS","is_prod":false,"is_daily":false,"chose_seed":false,"campfire_upgraded":4,"win_rate":0,"timestamp":1545431972,"path_taken":["M","M","?","M","?","R","E","R","T","R","?","?","E","?","R","BOSS","M","M","?","?","M","R","E"],"build_version":"2018-12-20","purchased_purges":1,"victory":false,"max_hp_per_floor":[71,71,71,71,71,71,71,71,71,71,71,76,76,76,76,76,76,76,76,76,76,76,76,76],"card_choices":[{"not_picked":["All For One","Reboot"],"picked":"Biased Cognition","floor":0},{"not_picked":["Melter","Beam Cell","Lockon"],"picked":"SKIP","floor":1},{"not_picked":["Rebound","Go for the Eyes"],"picked":"Cold Snap","floor":2},{"not_picked":["Hologram","Reprogram"],"picked":"Compile Driver","floor":4},{"not_picked":["Hello World","Loop"],"picked":"Capacitor","floor":7},{"not_picked":["Undo","Steam"],"picked":"Fusion","floor":13},{"not_picked":["Go for the Eyes","Heatsinks"],"picked":"Self Repair","floor":14},{"not_picked":["Machine Learning","Seek"],"picked":"Core Surge","floor":16},{"not_picked":["Recycle","Ball Lightning"],"picked":"Darkness","floor":18},{"not_picked":["Rebound","Go for the Eyes","Gash"],"picked":"SKIP","floor":19},{"not_picked":["Beam Cell","Doom and Gloom","Leap"],"picked":"SKIP","floor":22}],"player_experience":667679,"relics_obtained":[{"floor":7,"key":"Happy Flower"},{"floor":9,"key":"Ancient Tea Set"},{"floor":13,"key":"Centennial Puzzle"}],"event_choices":[{"cards_removed":["Strike_B"],"damage_healed":0,"gold_gain":0,"player_choice":"Card Removal","damage_taken":7,"max_hp_gain":0,"max_hp_loss":0,"event_name":"Golden Wing","floor":3,"gold_loss":0},{"damage_healed":0,"gold_gain":0,"player_choice":"Ignored","damage_taken":0,"max_hp_gain":0,"max_hp_loss":0,"event_name":"Liars Game","floor":5,"gold_loss":0},{"cards_removed":["Strike_B"],"damage_healed":0,"gold_gain":0,"player_choice":"Forget","damage_taken":0,"max_hp_gain":0,"max_hp_loss":0,"event_name":"Living Wall","floor":11,"gold_loss":0},{"damage_healed":0,"gold_gain":0,"player_choice":"Donut","damage_taken":0,"max_hp_gain":5,"max_hp_loss":0,"event_name":"Big Fish","floor":12,"gold_loss":0},{"damage_healed":0,"gold_gain":0,"player_choice":"Ignored","damage_taken":0,"max_hp_gain":0,"max_hp_loss":0,"event_name":"Ghosts","floor":20,"gold_loss":0}],"is_beta":false,"boss_relics":[{"not_picked":["Ectoplasm","Snecko Eye"],"picked":"Inserter"}],"items_purged_floors":[21],"is_endless":false,"potions_floor_spawned":[1,2,7,14,22],"killed_by":"Slavers","ascension_level":20}