{"gold_per_floor":[112,112,112,128,128,171,194,194,194,194,81,105,141,154,154,154],"floor_reached":16,"playtime":485,"items_purged":["Strike_R"],"score":209,"play_id":"a575cc8f-2e10-4621-984e-5403c1da7db8","local_time":"20190428105839","is_ascension_mode":true,"campfire_choices":[{"data":"Bash","floor":10,"key":"SMITH"},{"data":"Sword Boomerang","floor":15,"key":"SMITH"}],"neow_cost":"NONE","seed_source_timestamp":850746367704977,"circlet_count":0,"master_deck":["AscendersBane","Strike_R","Strike_R","Strike_R","Strike_R","Defend_R","Defend_R","Defend_R","Defend_R","Bash+1","Dropkick","Sword Boomerang+1","Cleave"],"relics":["Burning Blood","NeowsBlessing","Golden Idol","Self Forming Clay","Centennial Puzzle","Pantograph","Ornamental Fan"],"potions_floor_usage":[7],"damage_taken":[{"damage":0,"enemies":"Jaw Worm","floor":1,"turns":1},{"damage":0,"enemies":"2 Louse","floor":4,"turns":1},{"damage":0,"enemies":"Lagavulin","floor":6,"turns":1},{"damage":1,"enemies":"Cultist","floor":7,"turns":3},{"damage":5,"enemies":"2 Fungi Beasts","floor":12,"turns":4},{"damage":8,"enemies":"Gremlin Nob","floor":13,"turns":3},{"damage":0,"enemies":"Large Slime","floor":14,"turns":4},{"damage":81,"enemies":"Hexaghost","floor":16,"turns":11}],"seed_played":"-3103029291356285152","potions_obtained":[{"floor":4,"key":"Poison Potion"},{"floor":14,"key":"BloodPotion"}],"is_trial":false,"path_per_floor":["M","?","?","M","T","E","M","?","T","R","$","M","E","M","R","B"],"character_chosen":"IRONCLAD","items_purchased":["Dropkick"],"campfire_rested":0,"item_purchase_floors":[11],"current_hp_per_floor":[78,83,79,79,79,79,79,79,79,79,79,79,77,79,79,0],"gold":154,"neow_bonus":"THREE_ENEMY_KILL","is_prod":false,"is_daily":false,"chose_seed":false,"campfire_upgraded":2,"win_rate":0,"timestamp":1556459919,"path_taken":["M","?","?","M","?","E","M","?","T","R","?","?","E","M","R","BOSS"],"build_version":"2019-01-23","purchased_purges":1,"victory":false,"max_hp_per_floor":[80,85,79,79,79,79,79,79,79,79,79,79,79,79,79,79],"card_choices":[{"not_picked":["Flex","Thunderclap","Infernal Blade"],"picked":"SKIP","floor":1},{"not_picked":["Flex","Sentinel","Perfected Strike"],"picked":"SKIP","floor":4},{"not_picked":["Wild Strike","Heavy Blade","Dual Wield"],"picked":"SKIP","floor":6},{"not_picked":["Dark Embrace","Body Slam","Wild Strike"],"picked":"SKIP","floor":7},{"not_picked":["Twin Strike","True Grit"],"picked":"Sword Boomerang","floor":12},{"not_picked":["Ghostly Armor","Burning Pact","Pummel"],"picked":"SKIP","floor":13},{"not_picked":["Sword Boomerang","Sever Soul"],"picked":"Cleave","floor":14}],"player_experience":665912,"relics_obtained":[{"floor":5,"key":"Self Forming Clay"},{"floor":6,"key":"Centennial Puzzle"},{"floor":9,"key":"Pantograph"},{"floor":13,"key":"Ornamental Fan"}],"event_choices":[{"damage_healed":0,"gold_gain":0,"player_choice":"Donut","damage_taken":0,"max_hp_gain":5,"max_hp_loss":0,"event_name":"Big Fish","floor":2,"gold_loss":0},{"damage_healed":0,"gold_gain":0,"player_choice":"Lose Max HP","damage_taken":0,"relics_obtained":["Golden Idol"],"max_hp_gain":0,"max_hp_loss":6,"event_name":"Golden Idol","floor":3,"gold_loss":0},{"damage_healed":0,"gold_gain":0,"player_choice":"Ignored","damage_taken":0,"max_hp_gain":0,"max_hp_loss":0,"event_name":"Liars Game","floor":8,"gold_loss":0}],"is_beta":false,"boss_relics":[],"items_purged_floors":[11],"is_endless":false,"potions_floor_spawned":[4,14],"killed_by":"Hexaghost","ascension_level":11}