{"path_per_floor":["M","?","?","M","M","E","R","E","T","?","R","M","R","E","R","B",null,"M","M","?","?","?","R","M","M","T","R","M","T","E","M","R"],"character_chosen":"IRONCLAD","items_purchased":[],"gold_per_floor":[116,116,116,133,152,179,179,209,209,209,209,225,225,252,252,353,353,365,383,383,283,283,283,300,317,317,317,337,361,389,401,401],"floor_reached":33,"campfire_rested":3,"playtime":2595,"current_hp_per_floor":[80,80,85,85,85,63,63,44,44,27,52,52,77,83,83,81,85,78,63,63,63,63,63,50,66,66,85,85,85,66,67,67],"items_purged":[],"gold":401,"score":299,"play_id":"68e61614-42c3-4273-aa92-020ce4f45c7c","is_prod":false,"is_daily":false,"is_ascension_mode":true,"campfire_upgraded":3,"path_taken":["M","?","?","?","M","E","R","E","T","?","R","M","R","E","R","BOSS","M","M","?","?","?","R","M","M","T","R","M","?","E","M","R","BOSS"],"build_version":"2018-02-15-PROD1","purchased_purges":0,"victory":false,"master_deck":["Strike_R+1","Strike_R+1","Strike_R+1","Strike_R+1","Strike_R+1","Defend_R+1","Defend_R+1","Defend_R+1","Defend_R+1","Bash","Evolve+1","Wild Strike","Thunderclap","Reaper+1","Exhume+1","Warcry","Bludgeon","Offering","Dropkick","Flex+1","Pummel+1","Armaments+1","Double Tap","Cleave+1","Disarm+1","Flex+1"],"max_hp_per_floor":[80,80,85,85,85,85,85,85,85,85,85,85,85,85,85,85,85,85,85,85,85,85,85,85,85,85,85,85,85,85,85,85],"relics":["Burning Blood","NeowsBlessing","Anchor","Omamori","Shovel","Pantograph","Mercury Hourglass","Black Star","Dream Catcher","Paper Frog","Orichalcum","Ornamental Fan","Matryoshka"],"card_choices":[{"not_picked":["Warcry","Combust"],"picked":"Evolve"},{"not_picked":["Fire Breathing","Thunderclap"],"picked":"Wild Strike"},{"not_picked":["Sever Soul","Perfected Strike"],"picked":"Thunderclap"},{"not_picked":["Sentinel","Heavy Blade"],"picked":"Reaper"},{"not_picked":["Seeing Red","Burning Pact"],"picked":"Exhume"},{"not_picked":["Havoc","Clash"],"picked":"Warcry"},{"not_picked":["Cleave","Metallicize"],"picked":"Bludgeon"},{"not_picked":["Brutality","Berserk"],"picked":"Offering"},{"not_picked":["Rupture","Uppercut"],"picked":"Dropkick"},{"not_picked":["Body Slam","Pommel Strike"],"picked":"Flex"},{"not_picked":["Iron Wave","Armaments"],"picked":"Pummel"},{"not_picked":["Pommel Strike","Wild Strike"],"picked":"Armaments"},{"not_picked":["Sentinel","Pommel Strike"],"picked":"Double Tap"},{"not_picked":["Pommel Strike","Burning Pact"],"picked":"Cleave"},{"not_picked":["Flex","Infernal Blade"],"picked":"Disarm"},{"not_picked":["Limit Break","Heavy Blade"],"picked":"Flex"}],"player_experience":70619,"potions_floor_usage":[8,8,16,16,24,25],"damage_taken":[{"damage":0,"enemies":"Jaw Worm","floor":1,"turns":1},{"damage":0,"enemies":"Cultist","floor":4,"turns":1},{"damage":0,"enemies":"Small Slimes","floor":5,"turns":1},{"damage":28,"enemies":"3 Sentries","floor":6,"turns":7},{"damage":25,"enemies":"Gremlin Nob","floor":8,"turns":4},{"damage":11,"enemies":"Blue Slaver","floor":12,"turns":6},{"damage":22,"enemies":"3 Sentries","floor":14,"turns":9},{"damage":26,"enemies":"Slime Boss","floor":16,"turns":9},{"damage":13,"enemies":"Chosen","floor":18,"turns":3},{"damage":21,"enemies":"Shell Parasite","floor":19,"turns":4},{"damage":33,"enemies":"Chosen and Byrds","floor":24,"turns":5},{"damage":4,"enemies":"Centurion and Healer","floor":25,"turns":4},{"damage":7,"enemies":"Snecko","floor":28,"turns":4},{"damage":25,"enemies":"Gremlin Leader","floor":30,"turns":4},{"damage":5,"enemies":"Snake Plant","floor":31,"turns":4},{"damage":106,"enemies":"Collector","floor":33,"turns":11}],"event_choices":[{"event_name":"Upgrade Shrine","player_choice":"Upgraded","floor":2,"damage_taken":0},{"event_name":"Big Fish","player_choice":"Donut","floor":3,"damage_taken":0},{"event_name":"Shining Light","player_choice":"Entered Light","floor":10,"damage_taken":0},{"event_name":"Back to Basics","player_choice":"Simplicity","floor":20,"damage_taken":0},{"event_name":"Drug Dealer","player_choice":"Got JAXXED","floor":21,"damage_taken":0},{"event_name":"Addict","player_choice":"Gave JAX","floor":22,"damage_taken":0}],"boss_relics":[{"not_picked":["Calling Bell","White Beast Statue"],"picked":"Black Star"}],"potions_floor_spawned":[1,6,8,14,19,24,28],"seed_played":"-1960778834862398973","killed_by":"Collector","ascension_level":1,"is_trial":false}