{"gold_per_floor":[114,125,48,48,65,65,99,99,99,124,124,142,156,182,182,256,256,266,266,114,129,129,156,156,185,185,63,63,75,75,175,175,250,250,264,264,280,294,310,345,345,345,345,380,380,380,412,427,427,427],"floor_reached":50,"playtime":2964,"items_purged":["Strike_R"],"score":1222,"play_id":"8319a342-04f9-452e-be0d-7d57824fecc4","local_time":"20190206205144","is_ascension_mode":true,"campfire_choices":[{"data":"Uppercut","floor":6,"key":"SMITH"},{"data":"Bash","floor":8,"key":"SMITH"},{"data":"Carnage","floor":15,"key":"SMITH"},{"data":"True Grit","floor":24,"key":"SMITH"},{"data":"Demon Form","floor":28,"key":"SMITH"},{"data":"Flame Barrier","floor":30,"key":"SMITH"},{"data":"Second Wind","floor":32,"key":"SMITH"},{"data":"Barricade","floor":41,"key":"SMITH"},{"floor":45,"key":"RECALL"},{"floor":49,"key":"REST"}],"neow_cost":"NONE","seed_source_timestamp":18121641493126,"circlet_count":0,"master_deck":["AscendersBane","Strike_R","Strike_R","Strike_R","Strike_R","Defend_R","Defend_R","Defend_R","Defend_R","Bash+1","Twin Strike","Uppercut+1","Battle Trance+1","Shrug It Off+1","Offering","Reckless Charge","Second Wind+1","True Grit+1","Carnage+1","Shrug It Off","Power Through","Flame Barrier+1","Evolve","Demon Form+1","Heavy Blade+1","Barricade+1","Body Slam+1","Pommel Strike+1","Havoc+1"],"relics":["Burning Blood","Boot","Torii","Charon\u0027s Ashes","Self Forming Clay","War Paint","Eternal Feather","MutagenicStrength","Sundial","Orichalcum","The Courier","Unceasing Top","Molten Egg 2","Busted Crown","Pen Nib","Dream Catcher","Frozen Egg 2","Kunai"],"potions_floor_usage":[7,21,23,31,33,35,40],"damage_taken":[{"damage":3,"enemies":"2 Louse","floor":1,"turns":4},{"damage":4,"enemies":"Jaw Worm","floor":2,"turns":5},{"damage":4,"enemies":"Cultist","floor":5,"turns":3},{"damage":25,"enemies":"3 Sentries","floor":7,"turns":6},{"damage":12,"enemies":"Gremlin Nob","floor":10,"turns":3},{"damage":1,"enemies":"Blue Slaver","floor":12,"turns":3},{"damage":6,"enemies":"Exordium Wildlife","floor":13,"turns":1},{"damage":7,"enemies":"Lagavulin","floor":14,"turns":5},{"damage":29,"enemies":"Hexaghost","floor":16,"turns":8},{"damage":7,"enemies":"Chosen","floor":18,"turns":3},{"damage":7,"enemies":"Shell Parasite","floor":21,"turns":3},{"damage":15,"enemies":"Slavers","floor":23,"turns":4},{"damage":27,"enemies":"Gremlin Leader","floor":25,"turns":9},{"damage":20,"enemies":"Snake Plant","floor":29,"turns":4},{"damage":27,"enemies":"Colosseum Slavers","floor":31,"turns":4},{"damage":7,"enemies":"Colosseum Nobs","floor":31,"turns":4},{"damage":7,"enemies":"Champ","floor":33,"turns":10},{"damage":19,"enemies":"3 Darklings","floor":35,"turns":6},{"damage":1,"enemies":"3 Shapes","floor":37,"turns":5},{"damage":7,"enemies":"Sphere and 2 Shapes","floor":38,"turns":7},{"damage":21,"enemies":"Spire Growth","floor":39,"turns":6},{"damage":37,"enemies":"Nemesis","floor":40,"turns":7},{"damage":13,"enemies":"Giant Head","floor":44,"turns":6},{"damage":35,"enemies":"Nemesis","floor":47,"turns":5},{"damage":28,"enemies":"3 Darklings","floor":48,"turns":5},{"damage":57,"enemies":"Time Eater","floor":50,"turns":4}],"seed_played":"6610133327906470048","potions_obtained":[{"floor":1,"key":"BloodPotion"},{"floor":2,"key":"GamblersBrew"},{"floor":5,"key":"PowerPotion"},{"floor":14,"key":"Explosive Potion"},{"floor":25,"key":"Poison Potion"},{"floor":29,"key":"BloodPotion"},{"floor":31,"key":"Energy Potion"},{"floor":33,"key":"Energy Potion"},{"floor":38,"key":"AttackPotion"},{"floor":39,"key":"PowerPotion"},{"floor":44,"key":"LiquidBronze"}],"is_trial":false,"path_per_floor":["M","M","$","?","M","R","E","R","T","E","T","M","M","E","R","B",null,"M","?","$","M","?","E","R","E","T","$","R","M","R","?","R","B",null,"M","?","M","M","M","E","R","?","T","E","R","?","E","M","R","B"],"character_chosen":"IRONCLAD","items_purchased":["Battle Trance","Power Through","Demon Form"],"campfire_rested":1,"item_purchase_floors":[3,20,27],"current_hp_per_floor":[71,73,73,78,80,80,61,61,61,55,55,60,60,59,59,36,69,68,68,68,75,75,66,78,57,57,57,72,58,73,51,66,65,76,71,90,90,89,74,43,58,58,58,51,66,66,37,15,55,0],"gold":427,"neow_bonus":"RANDOM_COMMON_RELIC","is_prod":false,"is_daily":false,"chose_seed":false,"campfire_upgraded":8,"win_rate":0,"timestamp":1549482704,"path_taken":["M","M","$","?","M","R","E","R","T","E","?","M","M","E","R","BOSS","M","?","$","M","?","E","R","E","T","?","R","M","R","?","R","BOSS","M","?","M","M","?","E","R","?","T","E","R","?","E","M","R","BOSS"],"build_version":"2019-01-23","purchased_purges":1,"victory":false,"max_hp_per_floor":[75,75,75,80,80,80,80,80,80,80,80,80,80,80,80,80,80,80,80,80,80,80,80,80,80,80,80,80,80,80,80,80,80,80,80,90,90,90,90,90,90,90,90,90,90,85,85,85,85,85],"card_choices":[{"not_picked":["True Grit","Armaments"],"picked":"Twin Strike","floor":1},{"not_picked":["Perfected Strike","Havoc"],"picked":"Uppercut","floor":2},{"not_picked":["Body Slam","Perfected Strike"],"picked":"Shrug It Off","floor":5},{"not_picked":["Armaments","Anger"],"picked":"Offering","floor":7},{"not_picked":["Fire Breathing","Second Wind"],"picked":"Reckless Charge","floor":10},{"not_picked":["Twin Strike","Clothesline"],"picked":"Second Wind","floor":12},{"not_picked":["Searing Blow","Rupture"],"picked":"True Grit","floor":13},{"not_picked":["Cleave","Rupture"],"picked":"Carnage","floor":14},{"not_picked":["Dark Embrace","Juggernaut"],"picked":"Immolate","floor":16},{"not_picked":["Thunderclap","Twin Strike","Heavy Blade"],"picked":"SKIP","floor":18},{"not_picked":["Flex","Sentinel"],"picked":"Flame Barrier","floor":21},{"not_picked":["Whirlwind","Sword Boomerang"],"picked":"Evolve","floor":23},{"not_picked":["Dropkick+1","Twin Strike+1","Sword Boomerang"],"picked":"SKIP","floor":25},{"not_picked":["Anger","Sever Soul","Flex"],"picked":"SKIP","floor":29},{"not_picked":["Anger","Sever Soul","Flex"],"picked":"SKIP","floor":29},{"not_picked":["Shockwave","Headbutt"],"picked":"Heavy Blade+1","floor":31},{"not_picked":["Fiend Fire+1","Feed+1"],"picked":"Barricade","floor":33},{"not_picked":["Clash+1"],"picked":"SKIP","floor":35},{"not_picked":[],"picked":"Body Slam+1","floor":37},{"not_picked":[],"picked":"Pommel Strike+1","floor":38},{"not_picked":["Evolve"],"picked":"SKIP","floor":39},{"not_picked":["Flex+1"],"picked":"SKIP","floor":40},{"not_picked":["Berserk"],"picked":"SKIP","floor":44},{"not_picked":[],"picked":"Havoc+1","floor":47},{"not_picked":["Havoc"],"picked":"SKIP","floor":48}],"player_experience":904354,"relics_obtained":[{"floor":7,"key":"Torii"},{"floor":9,"key":"Charon\u0027s Ashes"},{"floor":10,"key":"Self Forming Clay"},{"floor":14,"key":"War Paint"},{"floor":23,"key":"Sundial"},{"floor":25,"key":"Orichalcum"},{"floor":26,"key":"The Courier"},{"floor":31,"key":"Unceasing Top"},{"floor":31,"key":"Molten Egg 2"},{"floor":40,"key":"Pen Nib"},{"floor":43,"key":"Dream Catcher"},{"floor":44,"key":"Frozen Egg 2"},{"floor":47,"key":"Kunai"}],"event_choices":[{"damage_healed":0,"gold_gain":0,"player_choice":"Donut","damage_taken":0,"max_hp_gain":5,"max_hp_loss":0,"event_name":"Big Fish","floor":4,"gold_loss":0},{"damage_healed":0,"gold_gain":0,"player_choice":"Read","damage_taken":0,"max_hp_gain":0,"max_hp_loss":0,"event_name":"The Library","floor":19,"gold_loss":0,"cards_obtained":["Shrug It Off"]},{"damage_healed":0,"gold_gain":0,"player_choice":"Inject Mutagens","damage_taken":0,"relics_obtained":["MutagenicStrength"],"max_hp_gain":0,"max_hp_loss":0,"event_name":"Drug Dealer","floor":22,"gold_loss":0},{"damage_healed":0,"gold_gain":0,"player_choice":"Fight","damage_taken":0,"max_hp_gain":0,"max_hp_loss":0,"event_name":"Colosseum","floor":31,"gold_loss":0},{"damage_healed":0,"gold_gain":0,"player_choice":"Fought Nobs","damage_taken":0,"max_hp_gain":0,"max_hp_loss":0,"event_name":"Colosseum","floor":31,"gold_loss":0},{"cards_removed":["Immolate"],"damage_healed":9,"gold_gain":0,"player_choice":"Offered Rare","damage_taken":0,"max_hp_gain":10,"max_hp_loss":0,"event_name":"Bonfire Elementals","floor":36,"gold_loss":0},{"damage_healed":0,"gold_gain":0,"player_choice":"Ignored","damage_taken":0,"max_hp_gain":0,"max_hp_loss":0,"event_name":"Tomb of Lord Red Mask","floor":42,"gold_loss":0},{"damage_healed":0,"gold_gain":0,"player_choice":"Max HP","damage_taken":0,"max_hp_gain":0,"max_hp_loss":5,"event_name":"Winding Halls","floor":46,"gold_loss":0}],"is_beta":false,"boss_relics":[{"not_picked":["Tiny House","Runic Cube"],"picked":"Eternal Feather"},{"not_picked":["Orrery","Lizard Tail"],"picked":"Busted Crown"}],"items_purged_floors":[20],"is_endless":false,"potions_floor_spawned":[1,2,5,14,25,29,31,33,38,39,44,48],"killed_by":"Time Eater","ascension_level":20}