{"gold_per_floor":[119,132,145,163,98,98,130,130,181,196,196,196,225,241,241,241],"floor_reached":16,"playtime":669,"items_purged":[],"score":224,"play_id":"59147f48-d043-4384-93c1-db9b121ec909","local_time":"20190424160612","is_ascension_mode":true,"campfire_choices":[{"data":"Streamline","floor":6,"key":"SMITH"},{"data":"Zap","floor":8,"key":"SMITH"},{"floor":11,"key":"REST"},{"floor":15,"key":"REST"}],"neow_cost":"NONE","seed_source_timestamp":19937126059358,"circlet_count":0,"master_deck":["AscendersBane","Strike_B","Strike_B","Strike_B","Defend_B","Defend_B","Defend_B","Defend_B","Zap+1","Dualcast","Conserve Battery","Auto Shields","Cold Snap","Streamline+1","Gash","Compile Driver","Gash+1"],"relics":["Cracked Core","Darkstone Periapt","Omamori","Potion Belt","Molten Egg 2"],"potions_floor_usage":[13,16],"damage_taken":[{"damage":0,"enemies":"Small Slimes","floor":1,"turns":2},{"damage":0,"enemies":"Cultist","floor":2,"turns":3},{"damage":0,"enemies":"2 Louse","floor":3,"turns":2},{"damage":6,"enemies":"Blue Slaver","floor":4,"turns":3},{"damage":36,"enemies":"Lagavulin","floor":7,"turns":6},{"damage":0,"enemies":"2 Fungi Beasts","floor":10,"turns":4},{"damage":24,"enemies":"Gremlin Nob","floor":13,"turns":4},{"damage":9,"enemies":"Lots of Slimes","floor":14,"turns":5},{"damage":48,"enemies":"Slime Boss","floor":16,"turns":6}],"seed_played":"2851996653860503574","potions_obtained":[{"floor":2,"key":"Fruit Juice"},{"floor":10,"key":"PowerPotion"}],"is_trial":false,"path_per_floor":["M","M","M","M","?","R","E","R","T","M","R","?","E","M","R","B"],"character_chosen":"DEFECT","items_purchased":[],"campfire_rested":2,"item_purchase_floors":[],"current_hp_per_floor":[71,71,71,65,65,65,29,29,29,29,52,52,28,19,42,0],"gold":241,"neow_bonus":"TEN_PERCENT_HP_BONUS","is_prod":false,"is_daily":false,"chose_seed":false,"campfire_upgraded":2,"win_rate":0,"timestamp":1556114772,"path_taken":["M","M","M","M","?","R","E","R","T","?","R","?","E","M","R","BOSS"],"build_version":"2019-01-23","purchased_purges":0,"victory":false,"max_hp_per_floor":[78,78,78,78,78,78,78,78,78,78,78,78,78,78,78,83],"card_choices":[{"not_picked":["Leap","Stack"],"picked":"Conserve Battery","floor":1},{"not_picked":["Reprogram","Leap"],"picked":"Auto Shields","floor":2},{"not_picked":["Lockon","FTL"],"picked":"Cold Snap","floor":3},{"not_picked":["Beam Cell","Undo"],"picked":"Streamline","floor":4},{"not_picked":["Go for the Eyes","Heatsinks"],"picked":"Gash","floor":7},{"not_picked":["Barrage","Streamline"],"picked":"Compile Driver","floor":10},{"not_picked":["Amplify","Double Energy","Conserve Battery"],"picked":"SKIP","floor":13},{"not_picked":["Rebound+1","Stack"],"picked":"Gash+1","floor":14}],"player_experience":1197345,"relics_obtained":[{"floor":7,"key":"Omamori"},{"floor":9,"key":"Potion Belt"},{"floor":13,"key":"Molten Egg 2"}],"event_choices":[{"damage_healed":0,"gold_gain":0,"player_choice":"Paid Gold","damage_taken":0,"relics_obtained":["Darkstone Periapt"],"max_hp_gain":0,"max_hp_loss":0,"event_name":"WeMeetAgain","floor":5,"gold_loss":65},{"cards_removed":["Strike_B"],"damage_healed":0,"gold_gain":0,"player_choice":"Forget","damage_taken":0,"max_hp_gain":0,"max_hp_loss":0,"event_name":"Living Wall","floor":12,"gold_loss":0}],"is_beta":false,"boss_relics":[],"items_purged_floors":[],"is_endless":false,"potions_floor_spawned":[2,10],"killed_by":"Slime Boss","ascension_level":20}