{"gold_per_floor":[110,35,50,20,40,68,68,100,124,138,138,152,152,167,167,245,245,265,279,297,313,324,324,350,370,397,397,397,412,439,457,457,530,530,549,564,564,564,580,580,607,607,607,633,646,646],"floor_reached":46,"playtime":2460,"items_purged":["Strike_R"],"score":1172,"play_id":"447badc1-0e7e-451c-875e-4cab093f9e49","local_time":"20190309161016","is_ascension_mode":true,"campfire_choices":[{"data":"Clothesline","floor":7,"key":"SMITH"},{"data":"Fiend Fire","floor":11,"key":"SMITH"},{"data":"Metallicize","floor":13,"key":"SMITH"},{"data":"Anger","floor":15,"key":"SMITH"},{"data":"Immolate","floor":23,"key":"SMITH"},{"floor":28,"key":"REST"},{"data":"Shrug It Off","floor":32,"key":"SMITH"},{"floor":40,"key":"RECALL"},{"data":"True Grit","floor":42,"key":"SMITH"}],"neow_cost":"NONE","seed_source_timestamp":13932248470636,"circlet_count":0,"master_deck":["AscendersBane","Strike_R","Defend_R","Defend_R","Defend_R","Bash+1","Twin Strike","Clothesline+1","Anger+1","Metallicize+1","Fiend Fire+1","Immolate+1","Offering+1","Demon Form+1","Whirlwind+1","Headbutt+1","Shrug It Off+1","Offering","True Grit+1","Impervious"],"relics":["Burning Blood","Orichalcum","Regal Pillow","Omamori","Astrolabe","Singing Bowl","Anchor","Thread and Needle","Sozu","Self Forming Clay","Bronze Scales"],"potions_floor_usage":[6,16,21,25,44],"damage_taken":[{"damage":11,"enemies":"Small Slimes","floor":1,"turns":5},{"damage":1,"enemies":"Cultist","floor":3,"turns":3},{"damage":1,"enemies":"2 Louse","floor":5,"turns":2},{"damage":25,"enemies":"Lagavulin","floor":6,"turns":6},{"damage":0,"enemies":"Gremlin Nob","floor":8,"turns":3},{"damage":0,"enemies":"Blue Slaver","floor":10,"turns":3},{"damage":0,"enemies":"Exordium Wildlife","floor":12,"turns":2},{"damage":4,"enemies":"3 Louse","floor":14,"turns":4},{"damage":46,"enemies":"Slime Boss","floor":16,"turns":10},{"damage":11,"enemies":"2 Thieves","floor":18,"turns":2},{"damage":12,"enemies":"3 Byrds","floor":19,"turns":3},{"damage":14,"enemies":"Snake Plant","floor":20,"turns":3},{"damage":9,"enemies":"Cultist and Chosen","floor":21,"turns":3},{"damage":6,"enemies":"3 Cultists","floor":22,"turns":2},{"damage":25,"enemies":"Book of Stabbing","floor":24,"turns":3},{"damage":6,"enemies":"Chosen and Byrds","floor":25,"turns":3},{"damage":6,"enemies":"Snecko","floor":29,"turns":5},{"damage":6,"enemies":"Gremlin Leader","floor":30,"turns":4},{"damage":7,"enemies":"Shelled Parasite and Fungi","floor":31,"turns":3},{"damage":39,"enemies":"Champ","floor":33,"turns":8},{"damage":0,"enemies":"3 Shapes","floor":35,"turns":18},{"damage":6,"enemies":"3 Darklings","floor":36,"turns":4},{"damage":18,"enemies":"Spire Growth","floor":39,"turns":4},{"damage":22,"enemies":"Giant Head","floor":41,"turns":5},{"damage":30,"enemies":"Reptomancer","floor":44,"turns":5},{"damage":29,"enemies":"Maw","floor":45,"turns":7},{"damage":20,"enemies":"Giant Head","floor":46,"turns":5}],"seed_played":"-1289839044099909909","potions_obtained":[{"floor":4,"key":"Dexterity Potion"},{"floor":4,"key":"Poison Potion"},{"floor":12,"key":"Dexterity Potion"},{"floor":14,"key":"FearPotion"},{"floor":16,"key":"Dexterity Potion"},{"floor":18,"key":"AttackPotion"},{"floor":22,"key":"Explosive Potion"},{"floor":25,"key":"GamblersBrew"},{"floor":29,"key":"Weak Potion"}],"is_trial":false,"path_per_floor":["M","$","M","?","M","E","R","E","T","M","R","M","R","M","R","B",null,"M","M","M","M","M","R","E","M","T","?","R","M","E","M","R","B",null,"M","M","?","?","M","R","E","R","T","E","M","E"],"character_chosen":"IRONCLAD","items_purchased":[],"campfire_rested":1,"item_purchase_floors":[],"current_hp_per_floor":[63,63,68,68,73,54,54,60,60,66,66,72,72,74,74,34,65,60,54,46,43,43,43,26,28,28,28,66,68,70,71,71,38,73,81,83,83,89,79,79,63,63,63,39,18,0],"gold":646,"neow_bonus":"UPGRADE_CARD","is_prod":false,"is_daily":false,"chose_seed":false,"campfire_upgraded":7,"win_rate":0,"timestamp":1552144216,"path_taken":["M","$","M","?","M","E","R","E","T","?","R","M","R","M","R","BOSS","M","M","?","M","M","R","E","M","T","?","R","M","E","?","R","BOSS","M","M","?","?","M","R","E","R","T","E","M","E"],"build_version":"2019-01-23","purchased_purges":1,"victory":false,"max_hp_per_floor":[75,75,75,75,75,75,75,75,75,75,75,75,75,75,75,75,75,75,75,75,75,75,75,77,79,79,79,79,81,83,85,85,85,85,87,89,89,89,91,91,91,91,91,91,93,93],"card_choices":[{"not_picked":["Sword Boomerang","Ghostly Armor"],"picked":"Twin Strike","floor":1},{"not_picked":["Power Through","Rupture"],"picked":"Clothesline","floor":3},{"not_picked":["Havoc","Body Slam"],"picked":"Anger","floor":5},{"not_picked":["Body Slam","Warcry"],"picked":"Metallicize","floor":6},{"not_picked":["Thunderclap","Iron Wave"],"picked":"Fiend Fire","floor":8},{"not_picked":["Thunderclap","Havoc","Armaments"],"picked":"SKIP","floor":10},{"not_picked":["Armaments","Twin Strike","Blood for Blood"],"picked":"SKIP","floor":12},{"not_picked":["Warcry","Seeing Red","Iron Wave"],"picked":"SKIP","floor":14},{"not_picked":["Brutality","Berserk"],"picked":"Immolate","floor":16},{"not_picked":["Pummel","Uppercut","Body Slam"],"picked":"SKIP","floor":18},{"not_picked":["Sentinel","Bloodletting"],"picked":"Headbutt+1","floor":19},{"not_picked":["Combust","Flex","Pommel Strike"],"picked":"SKIP","floor":20},{"not_picked":["Clash","Twin Strike","Pommel Strike"],"picked":"SKIP","floor":21},{"not_picked":["Whirlwind","Flex"],"picked":"Shrug It Off","floor":22},{"not_picked":["Brutality","Headbutt","Anger"],"picked":"Singing Bowl","floor":24},{"not_picked":["Reckless Charge","Intimidate","Power Through"],"picked":"Singing Bowl","floor":25},{"not_picked":["Evolve","Rupture+1","Dropkick"],"picked":"Singing Bowl","floor":29},{"not_picked":["Rage","Power Through","Rupture+1"],"picked":"Singing Bowl","floor":30},{"not_picked":["Clash","Twin Strike","Pommel Strike"],"picked":"Singing Bowl","floor":31},{"not_picked":["Bludgeon","Demon Form"],"picked":"Offering","floor":33},{"not_picked":["Pommel Strike","Cleave","Armaments"],"picked":"Singing Bowl","floor":35},{"not_picked":["Body Slam","Blood for Blood","Perfected Strike+1"],"picked":"Singing Bowl","floor":36},{"not_picked":["Pummel","Thunderclap","Cleave"],"picked":"Singing Bowl","floor":39},{"not_picked":["Sever Soul+1","Corruption"],"picked":"True Grit","floor":41},{"not_picked":["Flex","Clothesline"],"picked":"Impervious","floor":44},{"not_picked":["Thunderclap","Bloodletting","Twin Strike"],"picked":"Singing Bowl","floor":45}],"player_experience":1018021,"relics_obtained":[{"floor":6,"key":"Orichalcum"},{"floor":8,"key":"Regal Pillow"},{"floor":9,"key":"Omamori"},{"floor":24,"key":"Singing Bowl"},{"floor":26,"key":"Anchor"},{"floor":30,"key":"Thread and Needle"},{"floor":41,"key":"Self Forming Clay"},{"floor":44,"key":"Bronze Scales"}],"event_choices":[{"damage_healed":0,"gold_gain":0,"player_choice":"Bought 2 Potions","damage_taken":0,"max_hp_gain":0,"max_hp_loss":0,"event_name":"The Woman in Blue","floor":4,"gold_loss":0},{"damage_healed":0,"gold_gain":0,"player_choice":"Cursed","damage_taken":0,"max_hp_gain":0,"max_hp_loss":0,"event_name":"Wheel of Change","floor":27,"gold_loss":0,"cards_obtained":["Decay"]},{"cards_removed":["Defend_R"],"damage_healed":0,"gold_gain":0,"player_choice":"Removed Skill","damage_taken":0,"max_hp_gain":0,"max_hp_loss":0,"event_name":"Falling","floor":37,"gold_loss":0},{"damage_healed":18,"gold_gain":0,"player_choice":"Writhe","damage_taken":0,"max_hp_gain":0,"max_hp_loss":0,"event_name":"Winding Halls","floor":38,"gold_loss":0,"cards_obtained":["Writhe"]}],"is_beta":false,"boss_relics":[{"not_picked":["Pandora\u0027s Box","Black Star"],"picked":"Astrolabe"},{"not_picked":["Busted Crown","Lizard Tail"],"picked":"Sozu"}],"items_purged_floors":[2],"is_endless":false,"potions_floor_spawned":[5,12,14,16,18,22,25,29,30,41,44,45],"killed_by":"Giant Head","ascension_level":20}