{"gold_per_floor":[116,133,150,21,21,21,47,47,47,105,105,130,130,150,150,229,229,240,240,240,240,252,252,252],"floor_reached":24,"playtime":1220,"items_purged":[],"score":429,"play_id":"38244d0a-1742-4b62-b07d-d0daa37293e0","local_time":"20181222002740","is_ascension_mode":true,"campfire_choices":[{"data":"Dagger Spray","floor":6,"key":"SMITH"},{"data":"Neutralize","floor":8,"key":"SMITH"},{"data":"Footwork","floor":13,"key":"SMITH"},{"floor":15,"key":"REST"},{"floor":23,"key":"REST"}],"neow_cost":"NONE","seed_source_timestamp":27803629348526,"circlet_count":0,"master_deck":["AscendersBane","Defend_G","Defend_G","Defend_G","Defend_G","Defend_G","Survivor","Neutralize+1","Bane","Footwork+1","Dagger Spray+1","Infinite Blades","Leg Sweep","Blur","Dodge and Roll","Envenom","PiercingWail","Noxious Fumes","Bite","Bite","Bite","Bite","Bite","Footwork+1"],"special_seed":0,"relics":["Ring of the Snake","Ninja Scroll","Mercury Hourglass","Gremlin Horn","Bag of Preparation","White Beast Statue"],"potions_floor_usage":[7,10,10,16,22,24],"damage_taken":[{"damage":1.0,"enemies":"Cultist","floor":1.0,"turns":5.0},{"damage":0.0,"enemies":"2 Louse","floor":2.0,"turns":4.0},{"damage":0,"enemies":"Small Slimes","floor":3,"turns":4},{"damage":22,"enemies":"3 Sentries","floor":7,"turns":8},{"damage":12,"enemies":"Lagavulin Event","floor":10,"turns":5},{"damage":25,"enemies":"Lagavulin","floor":12,"turns":7},{"damage":0,"enemies":"2 Fungi Beasts","floor":14,"turns":3},{"damage":18,"enemies":"Slime Boss","floor":16,"turns":9},{"damage":17,"enemies":"Spheric Guardian","floor":18,"turns":9},{"damage":41,"enemies":"Chosen","floor":22,"turns":8},{"damage":33,"enemies":"Slavers","floor":24,"turns":4}],"seed_played":"-4385777872770617222","potions_obtained":[{"floor":3,"key":"FearPotion"},{"floor":7,"key":"SkillPotion"},{"floor":12,"key":"Poison Potion"},{"floor":14,"key":"Dexterity Potion"},{"floor":18,"key":"SkillPotion"},{"floor":22,"key":"Block Potion"}],"is_trial":false,"path_per_floor":["M","M","M","$","?","R","E","R","T","?","?","E","R","M","R","B",null,"M","?","?","?","M","R","E"],"character_chosen":"THE_SILENT","items_purchased":["Dagger Spray","Regen Potion"],"campfire_rested":2,"item_purchase_floors":[4,4],"current_hp_per_floor":[64,64,64,64,57,57,50,50,50,38,62,37,37,37,58,40,64,47,47,47,47,11,26,0],"gold":252,"neow_bonus":"TEN_PERCENT_HP_BONUS","is_prod":false,"is_daily":false,"chose_seed":false,"campfire_upgraded":3,"win_rate":0,"timestamp":1545434860,"path_taken":["M","?","M","$","?","R","E","R","T","?","?","E","R","M","R","BOSS","M","?","?","?","?","R","E"],"build_version":"2018-12-20","purchased_purges":0,"victory":false,"max_hp_per_floor":[72,72,72,72,72,72,72,72,72,72,72,72,72,72,72,72,72,72,72,50,50,50,50,50],"card_choices":[{"not_picked":["Underhanded Strike","Calculated Gamble","Backflip"],"picked":"SKIP","floor":1.0},{"not_picked":["Deflect","Flechettes"],"picked":"Bane","floor":2.0},{"not_picked":["Dodge and Roll","Bane"],"picked":"Footwork","floor":3},{"not_picked":["Accuracy","Bullet Time"],"picked":"Infinite Blades","floor":7},{"not_picked":["Slice","Footwork"],"picked":"Leg Sweep","floor":10},{"not_picked":["Prepared","PiercingWail"],"picked":"Blur","floor":12},{"not_picked":["Deadly Poison","Backstab"],"picked":"Dodge and Roll","floor":14},{"not_picked":["Wraith Form v2","Glass Knife"],"picked":"Envenom","floor":16},{"not_picked":["Backflip","Skewer"],"picked":"PiercingWail","floor":18},{"not_picked":["Dagger Throw","Concentrate","Accuracy"],"picked":"SKIP","floor":22}],"player_experience":670763,"relics_obtained":[{"floor":7,"key":"Ninja Scroll"},{"floor":9,"key":"Mercury Hourglass"},{"floor":10,"key":"Gremlin Horn"},{"floor":12,"key":"Bag of Preparation"}],"event_choices":[{"cards_removed":["Strike_G"],"damage_healed":0,"gold_gain":0,"player_choice":"Card Removal","damage_taken":7,"max_hp_gain":0,"max_hp_loss":0,"event_name":"Golden Wing","floor":5,"gold_loss":0},{"damage_healed":0,"gold_gain":0,"player_choice":"Searched \u00271\u0027 times","damage_taken":0,"max_hp_gain":0,"max_hp_loss":0,"event_name":"Dead Adventurer","floor":10,"gold_loss":0},{"damage_healed":24,"gold_gain":0,"player_choice":"Banana","damage_taken":0,"max_hp_gain":0,"max_hp_loss":0,"event_name":"Big Fish","floor":11,"gold_loss":0},{"damage_healed":0,"gold_gain":0,"player_choice":"Read","damage_taken":0,"max_hp_gain":0,"max_hp_loss":0,"event_name":"The Library","floor":19,"gold_loss":0,"cards_obtained":["Noxious Fumes"]},{"damage_healed":0,"gold_gain":0,"player_choice":"Became a vampire","damage_taken":0,"max_hp_gain":0,"max_hp_loss":22,"event_name":"Vampires","floor":20,"gold_loss":0,"cards_obtained":["Bite","Bite","Bite","Bite","Bite"]},{"damage_healed":0,"gold_gain":0,"player_choice":"Copied","damage_taken":0,"max_hp_gain":0,"max_hp_loss":0,"event_name":"Duplicator","floor":21,"gold_loss":0,"cards_obtained":["Footwork"]}],"is_beta":false,"boss_relics":[{"not_picked":["Lizard Tail","Tiny House"],"picked":"White Beast Statue"}],"items_purged_floors":[],"is_endless":false,"potions_floor_spawned":[3,7,12,14,18,22],"killed_by":"Slavers","ascension_level":20}