{"gold_per_floor":[110,110,129,140,140,171,171,206,206,226,226,226,252,272,272,345,345,358,368,22,22,22,51,51,86,110,110,139,139,154,167,167,241,241,254,30,49,64,83,108,108,141,165,165,184,201,214,224,224,224,224,224,224,19,50,50],"floor_reached":56,"playtime":3474,"items_purged":["Strike_R","Strike_R","Strike_R"],"score":2078,"play_id":"317c6cd6-8ec0-4846-b2ef-6630635959a5","local_time":"20190420213814","is_ascension_mode":true,"campfire_choices":[{"data":"Flame Barrier","floor":7.0,"key":"SMITH"},{"floor":12.0,"key":"DIG"},{"data":"Immolate","floor":15.0,"key":"SMITH"},{"floor":24.0,"key":"REST"},{"data":"Inflame","floor":29.0,"key":"SMITH"},{"floor":32.0,"key":"DIG"},{"floor":41,"key":"RECALL"},{"floor":49,"key":"REST"},{"floor":53,"key":"REST"}],"neow_cost":"NONE","seed_source_timestamp":29884115061983,"circlet_count":0,"master_deck":["AscendersBane","Strike_R","Defend_R","Defend_R","Defend_R+1","Defend_R+1","Bash+1","Anger","Inflame+1","Headbutt","Flame Barrier+1","Battle Trance+1","Immolate+1","Shrug It Off+1","Limit Break+1","Warcry+1","Flame Barrier+1","Shrug It Off+1","Uppercut+1","Heavy Blade+1","Thunderclap+1","Intimidate+1","Flame Barrier+1","True Grit+1","Immolate+1","Disarm+1","Master of Strategy+1","Warcry+1","Warcry+1","Feed+1","Entrench+1","True Grit+1","Shrug It Off+1","Inflame","Warcry+1"],"special_seed":0,"relics":["Burning Blood","Bag of Preparation","Smiling Mask","Shovel","Toxic Egg 2","War Paint","StoneCalendar","Sozu","Molten Egg 2","MutagenicStrength","The Courier","Happy Flower","Bag of Marbles","Ancient Tea Set","Bronze Scales","Fusion Hammer","Oddly Smooth Stone","Omamori","Pen Nib"],"potions_floor_usage":[56],"damage_taken":[{"damage":8.0,"enemies":"Jaw Worm","floor":1.0,"turns":7.0},{"damage":6.0,"enemies":"Cultist","floor":3.0,"turns":4.0},{"damage":6.0,"enemies":"Small Slimes","floor":4.0,"turns":4.0},{"damage":30.0,"enemies":"3 Sentries","floor":6.0,"turns":8.0},{"damage":19.0,"enemies":"Lagavulin","floor":8.0,"turns":5.0},{"damage":6.0,"enemies":"Looter","floor":10.0,"turns":4.0},{"damage":8.0,"enemies":"Gremlin Nob","floor":13.0,"turns":3.0},{"damage":0.0,"enemies":"Exordium Wildlife","floor":14.0,"turns":2.0},{"damage":12.0,"enemies":"The Guardian","floor":16.0,"turns":14.0},{"damage":22.0,"enemies":"Shell Parasite","floor":18.0,"turns":5.0},{"damage":4.0,"enemies":"2 Thieves","floor":19.0,"turns":4.0},{"damage":20.0,"enemies":"Slavers","floor":23.0,"turns":3.0},{"damage":6.0,"enemies":"Book of Stabbing","floor":25.0,"turns":4.0},{"damage":10.0,"enemies":"Slavers","floor":28.0,"turns":4.0},{"damage":0.0,"enemies":"Sentry and Sphere","floor":30.0,"turns":1.0},{"damage":0.0,"enemies":"Centurion and Healer","floor":31.0,"turns":4.0},{"damage":15.0,"enemies":"Champ","floor":33.0,"turns":6.0},{"damage":0,"enemies":"3 Darklings","floor":35,"turns":1},{"damage":0,"enemies":"Orb Walker","floor":37,"turns":2},{"damage":0,"enemies":"Maw","floor":38,"turns":5},{"damage":0,"enemies":"4 Shapes","floor":39,"turns":4},{"damage":0,"enemies":"Nemesis","floor":40,"turns":7},{"damage":27,"enemies":"Giant Head","floor":42,"turns":6},{"damage":2,"enemies":"Transient","floor":45,"turns":6},{"damage":0,"enemies":"3 Darklings","floor":46,"turns":3},{"damage":18,"enemies":"Sphere and 2 Shapes","floor":47,"turns":3},{"damage":0,"enemies":"Writhing Mass","floor":48,"turns":5},{"damage":63,"enemies":"Donu and Deca","floor":50,"turns":9},{"damage":4,"enemies":"Awakened One","floor":51,"turns":14},{"damage":33,"enemies":"Shield and Spear","floor":55,"turns":3},{"damage":87,"enemies":"The Heart","floor":56,"turns":6}],"seed_played":"-6757272958178415257","potions_obtained":[{"floor":4.0,"key":"LiquidBronze"},{"floor":6.0,"key":"GamblersBrew"},{"floor":8.0,"key":"SkillPotion"},{"floor":10.0,"key":"PowerPotion"}],"is_trial":false,"path_per_floor":["M","?","M","M","?","E","R","E","T","M","?","R","E","M","R","B",null,"M","M","$","?","?","E","R","E","T","?","E","R","M","M","R","B",null,"M","$","M","M","M","E","R","E","T","?","M","M","M","M","R","B","B",null,"R","$","E","B"],"character_chosen":"IRONCLAD","items_purchased":["Shrug It Off+1","Molten Egg 2","Master of Strategy+1","Shrug It Off+1","Inflame","Warcry+1"],"campfire_rested":3,"item_purchase_floors":[20,20,36,54,54,54],"current_hp_per_floor":[66,66,66,66,66,42,42,29,29,29,54,54,52,58,58,52,69,53,55,55,55,55,41,63,63,63,63,59,59,65,71,71,62,72,75,75,75,75,75,75,75,58,58,54,58,64,52,58,79,26,32,73,87,87,60,0],"gold":50,"neow_bonus":"RANDOM_COMMON_RELIC","is_prod":false,"is_daily":false,"chose_seed":false,"campfire_upgraded":3,"win_rate":0,"timestamp":1555789094,"path_taken":["M","?","?","M","?","E","R","E","T","M","?","R","E","M","R","BOSS","M","M","$","?","?","E","R","E","T","?","E","R","M","M","R","BOSS","M","$","M","M","?","E","R","E","T","?","M","?","M","M","R","BOSS","BOSS","R","$","E","BOSS"],"build_version":"2019-01-23","purchased_purges":3,"victory":false,"max_hp_per_floor":[75,75,75,75,75,75,75,75,75,75,75,75,75,75,75,75,75,75,75,75,75,75,75,75,75,75,75,75,75,75,75,75,75,75,75,75,75,75,75,75,75,79,79,79,79,79,79,79,79,83,87,87,87,87,87,87],"card_choices":[{"not_picked":["Cleave","Intimidate"],"picked":"Anger","floor":1.0},{"not_picked":["Iron Wave","Shockwave"],"picked":"Inflame","floor":3.0},{"not_picked":["Dual Wield","Blood for Blood"],"picked":"Headbutt","floor":4.0},{"not_picked":["Rupture","Ghostly Armor"],"picked":"Flame Barrier","floor":6.0},{"not_picked":["Perfected Strike","Anger","Infernal Blade"],"picked":"SKIP","floor":8.0},{"not_picked":["Iron Wave","Power Through+1"],"picked":"Battle Trance+1","floor":10.0},{"not_picked":["Metallicize","Battle Trance+1"],"picked":"Immolate","floor":13.0},{"not_picked":["Thunderclap","Feel No Pain"],"picked":"Shrug It Off+1","floor":14.0},{"not_picked":["Berserk","Reaper"],"picked":"Limit Break+1","floor":16.0},{"not_picked":["Clash","Heavy Blade"],"picked":"Warcry+1","floor":18.0},{"not_picked":["Headbutt","Sever Soul+1"],"picked":"Flame Barrier+1","floor":19.0},{"not_picked":["Fire Breathing","Twin Strike+1"],"picked":"Heavy Blade+1","floor":23.0},{"not_picked":["Feel No Pain","Second Wind+1"],"picked":"Thunderclap+1","floor":25.0},{"not_picked":["Reckless Charge+1","Brutality"],"picked":"Intimidate+1","floor":28.0},{"not_picked":["Feel No Pain","Anger+1"],"picked":"Flame Barrier+1","floor":30.0},{"not_picked":["Pommel Strike+1","Corruption"],"picked":"True Grit+1","floor":31.0},{"not_picked":["Exhume+1","Juggernaut"],"picked":"Immolate+1","floor":33.0},{"not_picked":["Cleave+1","Shrug It Off+1"],"picked":"Disarm+1","floor":35},{"not_picked":["Iron Wave+1","Anger+1","Whirlwind+1"],"picked":"SKIP","floor":37},{"not_picked":["Sword Boomerang+1","Berserk"],"picked":"Warcry+1","floor":38},{"not_picked":["Armaments+1","True Grit+1"],"picked":"Warcry+1","floor":39},{"not_picked":["Rampage+1","Searing Blow+1"],"picked":"Feed+1","floor":40},{"not_picked":["Sword Boomerang+1","Demon Form","Thunderclap+1"],"picked":"SKIP","floor":42},{"not_picked":["Twin Strike+1","Havoc+1","Dual Wield+1"],"picked":"SKIP","floor":45},{"not_picked":["Anger+1","Sentinel+1"],"picked":"Entrench+1","floor":46},{"not_picked":["Entrench+1","Sword Boomerang+1"],"picked":"True Grit+1","floor":47},{"not_picked":["Anger+1","Searing Blow+1","Perfected Strike+1"],"picked":"SKIP","floor":48},{"not_picked":["Havoc+1","Infernal Blade+1","Body Slam+1"],"picked":"SKIP","floor":55}],"player_experience":1190442,"relics_obtained":[{"floor":6.0,"key":"Smiling Mask"},{"floor":8.0,"key":"Shovel"},{"floor":9.0,"key":"Toxic Egg 2"},{"floor":12.0,"key":"War Paint"},{"floor":13.0,"key":"StoneCalendar"},{"floor":23.0,"key":"The Courier"},{"floor":25.0,"key":"Happy Flower"},{"floor":26.0,"key":"Bag of Marbles"},{"floor":28.0,"key":"Ancient Tea Set"},{"floor":32.0,"key":"Bronze Scales"},{"floor":40,"key":"Oddly Smooth Stone"},{"floor":42,"key":"Omamori"},{"floor":55,"key":"Pen Nib"}],"event_choices":[{"cards_removed":["Strike_R"],"damage_healed":0.0,"max_hp_gain":0.0,"max_hp_loss":0.0,"gold_gain":0.0,"event_name":"Purifier","player_choice":"Purged","floor":2.0,"gold_loss":0.0,"damage_taken":0.0},{"damage_healed":0.0,"max_hp_gain":0.0,"max_hp_loss":0.0,"gold_gain":0.0,"event_name":"Living Wall","player_choice":"Grow","floor":5.0,"gold_loss":0.0,"damage_taken":0.0,"cards_upgraded":["Bash"]},{"damage_healed":25.0,"max_hp_gain":0.0,"max_hp_loss":0.0,"gold_gain":0.0,"event_name":"Big Fish","player_choice":"Banana","floor":11.0,"gold_loss":0.0,"damage_taken":0.0},{"damage_healed":0.0,"max_hp_gain":0.0,"max_hp_loss":0.0,"gold_gain":0.0,"event_name":"Drug Dealer","player_choice":"Inject Mutagens","floor":21.0,"gold_loss":0.0,"damage_taken":0.0,"relics_obtained":["MutagenicStrength"]},{"damage_healed":0.0,"max_hp_gain":0.0,"max_hp_loss":0.0,"gold_gain":0.0,"event_name":"The Library","player_choice":"Read","floor":22.0,"gold_loss":0.0,"damage_taken":0.0,"cards_obtained":["Uppercut"]},{"damage_healed":0.0,"max_hp_gain":0.0,"max_hp_loss":0.0,"gold_gain":0.0,"event_name":"N\u0027loth","player_choice":"Ignored","floor":27.0,"gold_loss":0.0,"damage_taken":0.0},{"damage_healed":0,"gold_gain":0,"player_choice":"Bought 0 Potions","damage_taken":0,"max_hp_gain":0,"max_hp_loss":0,"event_name":"The Woman in Blue","floor":44,"gold_loss":0}],"is_beta":false,"boss_relics":[{"not_picked":["Pandora\u0027s Box","Eternal Feather"],"picked":"Sozu"},{"not_picked":["Astrolabe","Velvet Choker"],"picked":"Fusion Hammer"}],"items_purged_floors":[20,36,54],"is_endless":false,"potions_floor_spawned":[4,6,8,10,16,18,25,31,35,37,40,46,47,48],"killed_by":"The Heart","ascension_level":20}