{"gold_per_floor":[112,112,42,117,141,174,190,210,210,21,34,34,44,44,44,149,149,164,144,144,157,107,107,135,135,135,135,154,8,18,28,28,28],"floor_reached":33,"playtime":1610,"items_purged":["Writhe"],"score":267,"play_id":"ebd84f4d-0b0e-4cdd-9fcb-6f05aa430e82","local_time":"20190314120029","is_ascension_mode":false,"campfire_choices":[{"data":"Armaments","floor":12,"key":"SMITH"},{"data":"Rage","floor":15,"key":"SMITH"},{"floor":23,"key":"REST"},{"floor":25,"key":"RECALL"},{"floor":32,"key":"REST"}],"neow_cost":"NONE","seed_source_timestamp":261212655406384,"circlet_count":0,"master_deck":["Bash","Impervious","Rage+1","Inflame","Intimidate","Headbutt","Armaments+1","Inflame","Heavy Blade","Intimidate","Impervious","Havoc","Perfected Strike","Headbutt","Intimidate","Iron Wave","Berserk","Juggernaut","Rampage","Whirlwind+1","Body Slam+1","Barricade","Twin Strike+1","Limit Break","Ghostly Armor+1"],"relics":["Burning Blood","Bag of Preparation","Letter Opener","Orichalcum","Pandora\u0027s Box","Smiling Mask","Bottled Lightning","Nunchaku"],"potions_floor_usage":[16,24,30,33],"damage_taken":[{"damage":0,"enemies":"Small Slimes","floor":1,"turns":6},{"damage":30,"enemies":"Lagavulin","floor":6,"turns":8},{"damage":0,"enemies":"2 Louse","floor":7,"turns":3},{"damage":0,"enemies":"Jaw Worm","floor":8,"turns":3},{"damage":1,"enemies":"Exordium Thugs","floor":11,"turns":5},{"damage":0,"enemies":"Large Slime","floor":13,"turns":4},{"damage":18,"enemies":"The Guardian","floor":16,"turns":11},{"damage":15,"enemies":"Shell Parasite","floor":18,"turns":6},{"damage":15,"enemies":"2 Thieves","floor":19,"turns":4},{"damage":16,"enemies":"Centurion and Healer","floor":21,"turns":5},{"damage":14,"enemies":"Slavers","floor":24,"turns":4},{"damage":9,"enemies":"Snake Plant","floor":28,"turns":3},{"damage":18,"enemies":"Snecko","floor":30,"turns":6},{"damage":11,"enemies":"Cultist and Chosen","floor":31,"turns":6},{"damage":77,"enemies":"Collector","floor":33,"turns":8}],"seed_played":"-6013444339407887434","potions_obtained":[{"floor":7,"key":"SpeedPotion"},{"floor":13,"key":"Weak Potion"},{"floor":21,"key":"LiquidBronze"},{"floor":28,"key":"Swift Potion"}],"is_trial":false,"path_per_floor":["M","?","$","?","T","E","M","M","T","$","M","R","M","?","R","B",null,"M","M","?","M","$","R","E","R","T","?","M","$","M","M","R","B"],"character_chosen":"IRONCLAD","items_purchased":["Inflame","Orichalcum","Inflame","Limit Break"],"campfire_rested":2,"item_purchase_floors":[3,10,10,29],"current_hp_per_floor":[80,73,73,62,62,38,44,50,50,50,55,55,61,61,61,49,80,71,62,62,52,52,76,68,68,68,68,65,65,53,48,72,0],"gold":28,"neow_bonus":"ONE_RANDOM_RARE_CARD","is_prod":false,"is_daily":false,"chose_seed":false,"campfire_upgraded":2,"win_rate":0,"timestamp":1552575629,"path_taken":["M","?","$","?","?","E","M","?","T","?","M","R","M","?","R","BOSS","M","M","?","M","$","R","E","R","T","?","M","?","?","M","R","BOSS"],"build_version":"2019-01-23","purchased_purges":1,"victory":false,"max_hp_per_floor":[80,80,80,80,80,80,80,80,80,80,80,80,80,80,80,80,80,80,80,80,80,80,80,80,80,80,80,80,80,80,80,80,80],"card_choices":[{"not_picked":["Clothesline","Sword Boomerang"],"picked":"Rage","floor":1},{"not_picked":["Clash","Fire Breathing"],"picked":"Intimidate","floor":6},{"not_picked":["Sword Boomerang","Rage"],"picked":"Headbutt","floor":7},{"not_picked":["Whirlwind","Feel No Pain"],"picked":"Armaments","floor":8},{"not_picked":["Anger","Warcry"],"picked":"Heavy Blade","floor":11},{"not_picked":["Shockwave","Anger"],"picked":"Intimidate","floor":13},{"not_picked":["Juggernaut","Immolate"],"picked":"Impervious","floor":16},{"not_picked":["Searing Blow","Evolve"],"picked":"Whirlwind+1","floor":18},{"not_picked":["Perfected Strike","Combust+1","Hemokinesis+1"],"picked":"SKIP","floor":19},{"not_picked":["Sword Boomerang","Battle Trance"],"picked":"Body Slam+1","floor":21},{"not_picked":["Entrench","Fiend Fire"],"picked":"Barricade","floor":24},{"not_picked":["Rage","Anger"],"picked":"Twin Strike+1","floor":28},{"not_picked":["Havoc","Clash","Shrug It Off+1"],"picked":"SKIP","floor":30},{"not_picked":["Rampage","Body Slam"],"picked":"Ghostly Armor+1","floor":31}],"player_experience":510238,"relics_obtained":[{"floor":5,"key":"Bag of Preparation"},{"floor":6,"key":"Letter Opener"},{"floor":24,"key":"Bottled Lightning"},{"floor":26,"key":"Nunchaku"}],"event_choices":[{"cards_removed":["Defend_R"],"damage_healed":0,"gold_gain":0,"player_choice":"Card Removal","damage_taken":7,"max_hp_gain":0,"max_hp_loss":0,"event_name":"Golden Wing","floor":2,"gold_loss":0},{"damage_healed":0,"gold_gain":75,"player_choice":"Gather Gold","damage_taken":11,"max_hp_gain":0,"max_hp_loss":0,"event_name":"World of Goop","floor":4,"gold_loss":0},{"damage_healed":0,"gold_gain":0,"player_choice":"Ignored","damage_taken":0,"max_hp_gain":0,"max_hp_loss":0,"event_name":"Liars Game","floor":14,"gold_loss":0},{"damage_healed":0,"gold_gain":0,"player_choice":"Opened","damage_taken":0,"relics_obtained":["Smiling Mask"],"max_hp_gain":0,"max_hp_loss":0,"event_name":"The Mausoleum","floor":20,"gold_loss":0,"cards_obtained":["Writhe"]},{"damage_healed":0,"gold_gain":0,"player_choice":"Ignored","damage_taken":0,"max_hp_gain":0,"max_hp_loss":0,"event_name":"Vampires","floor":27,"gold_loss":0}],"is_beta":false,"boss_relics":[{"not_picked":["Snecko Eye","White Beast Statue"],"picked":"Pandora\u0027s Box"}],"items_purged_floors":[22],"is_endless":false,"potions_floor_spawned":[7,13,21,28],"killed_by":"Collector","ascension_level":0}