{"gold_per_floor":[115,40,40,40,51,51,51,77,77,252,54,54,66,96,96,96],"floor_reached":16,"playtime":544,"items_purged":["Defend_R"],"score":106,"play_id":"aeaef2b7-9e94-4b8a-89dd-8e0163f05304","local_time":"20190203123601","is_ascension_mode":false,"campfire_choices":[{"data":"Flex","floor":6,"key":"SMITH"},{"data":"Rage","floor":12,"key":"SMITH"},{"floor":15,"key":"REST"}],"neow_cost":"NONE","seed_source_timestamp":1128430048949451,"circlet_count":0,"master_deck":["Strike_R","Strike_R","Strike_R+1","Strike_R","Defend_R+1","Defend_R","Defend_R","Flex+1","Rage+1","Doubt","Leap"],"relics":["Burning Blood","Meat on the Bone","Bottled Lightning","PrismaticShard","Boot"],"potions_floor_usage":[],"damage_taken":[{"damage":6,"enemies":"Cultist","floor":1,"turns":3},{"damage":0,"enemies":"2 Louse","floor":5,"turns":2},{"damage":31,"enemies":"3 Sentries","floor":8,"turns":12},{"damage":0,"enemies":"Jaw Worm","floor":13,"turns":3},{"damage":43,"enemies":"Lagavulin","floor":14,"turns":12},{"damage":51,"enemies":"Hexaghost","floor":16,"turns":9}],"seed_played":"-8832402593552325967","potions_obtained":[{"floor":8,"key":"SneckoOil"}],"is_trial":false,"path_per_floor":["M","$","?","?","M","R","?","E","T","?","$","R","M","E","R","B"],"character_chosen":"IRONCLAD","items_purchased":["PrismaticShard"],"campfire_rested":1,"item_purchase_floors":[11],"current_hp_per_floor":[80,80,64,64,70,70,70,45,45,45,45,45,51,26,50,0],"gold":96,"neow_bonus":"REMOVE_CARD","is_prod":false,"is_daily":false,"chose_seed":false,"campfire_upgraded":2,"win_rate":0,"timestamp":1549211761,"path_taken":["M","$","?","?","?","R","?","E","T","?","?","R","M","E","R","BOSS"],"build_version":"2019-01-23","purchased_purges":1,"victory":false,"max_hp_per_floor":[80,80,80,80,80,80,80,80,80,80,80,80,80,80,80,80],"card_choices":[{"not_picked":["Warcry","Sever Soul"],"picked":"Flex","floor":1},{"not_picked":["Sentinel","Pommel Strike","Perfected Strike"],"picked":"SKIP","floor":5},{"not_picked":["Armaments","Warcry"],"picked":"Rage","floor":8},{"not_picked":["Gash","Hemokinesis"],"picked":"Leap","floor":13},{"not_picked":["Finisher","Perfected Strike","Leg Sweep"],"picked":"SKIP","floor":14}],"player_experience":404123,"relics_obtained":[{"floor":8,"key":"Meat on the Bone"},{"floor":9,"key":"Bottled Lightning"},{"floor":14,"key":"Boot"}],"event_choices":[{"damage_healed":0,"gold_gain":0,"player_choice":"Entered Light","damage_taken":16,"max_hp_gain":0,"max_hp_loss":0,"event_name":"Shining Light","floor":3,"gold_loss":0,"cards_upgraded":["Strike_R","Defend_R"]},{"cards_removed":["Strike_R"],"damage_healed":0,"gold_gain":0,"player_choice":"Purged","damage_taken":0,"max_hp_gain":0,"max_hp_loss":0,"event_name":"Purifier","floor":4,"gold_loss":0},{"damage_healed":0,"gold_gain":0,"player_choice":"Ignored","damage_taken":0,"max_hp_gain":0,"max_hp_loss":0,"event_name":"Golden Idol","floor":7,"gold_loss":0},{"damage_healed":0,"gold_gain":175,"player_choice":"AGREE","damage_taken":0,"max_hp_gain":0,"max_hp_loss":0,"event_name":"Liars Game","floor":10,"gold_loss":0,"cards_obtained":["Doubt"]}],"is_beta":false,"boss_relics":[],"items_purged_floors":[2],"is_endless":false,"potions_floor_spawned":[8],"killed_by":"Hexaghost","ascension_level":0}