{"gold_per_floor":[117,132,5,55,66,98,98,129,129,139,39,39,52,64,64,139,139,159,34,34,51,51,86,86,115,142,142],"floor_reached":27,"playtime":1117,"items_purged":["Strike_R","Strike_R","Anger"],"score":522,"play_id":"352cdada-ddac-4a8b-b27c-670674e14081","local_time":"20190417185008","is_ascension_mode":true,"campfire_choices":[{"data":"Immolate","floor":7,"key":"SMITH"},{"data":"Inflame","floor":12,"key":"SMITH"},{"data":"Combust","floor":15,"key":"SMITH"},{"floor":24,"key":"REST"}],"neow_cost":"NONE","seed_source_timestamp":25925359597125,"circlet_count":0,"master_deck":["AscendersBane","Strike_R","Strike_R","Strike_R","Defend_R","Defend_R","Defend_R","Defend_R","Bash+1","Headbutt","Shrug It Off","Inflame+1","Immolate+1","Shrug It Off","Evolve","Combust+1","Corruption","Immolate","Shrug It Off","Battle Trance+1","Inflame"],"relics":["Burning Blood","Pear","Self Forming Clay","Ornamental Fan","Snecko Eye","Oddly Smooth Stone","Bottled Flame","Pen Nib"],"potions_floor_usage":[10,18,25],"damage_taken":[{"damage":1,"enemies":"Cultist","floor":1,"turns":4},{"damage":6,"enemies":"Jaw Worm","floor":2,"turns":4},{"damage":1,"enemies":"Small Slimes","floor":5,"turns":3},{"damage":22,"enemies":"Lagavulin","floor":6,"turns":7},{"damage":31,"enemies":"Gremlin Nob","floor":8,"turns":4},{"damage":0,"enemies":"2 Fungi Beasts","floor":10,"turns":1},{"damage":0,"enemies":"Looter","floor":13,"turns":4},{"damage":14,"enemies":"Lots of Slimes","floor":14,"turns":3},{"damage":40,"enemies":"The Guardian","floor":16,"turns":14},{"damage":9,"enemies":"Shell Parasite","floor":18,"turns":4},{"damage":12,"enemies":"2 Thieves","floor":21,"turns":3},{"damage":31,"enemies":"Gremlin Leader","floor":23,"turns":4},{"damage":38,"enemies":"Book of Stabbing","floor":25,"turns":5},{"damage":28,"enemies":"Slavers","floor":27,"turns":1}],"seed_played":"203481458978708744","potions_obtained":[{"floor":1,"key":"BloodPotion"},{"floor":8,"key":"Weak Potion"},{"floor":10,"key":"Dexterity Potion"},{"floor":25,"key":"Dexterity Potion"}],"is_trial":false,"path_per_floor":["M","M","$","?","M","E","R","E","T","M","$","R","M","M","R","B",null,"M","$","?","M","?","E","R","E","T","E"],"character_chosen":"IRONCLAD","items_purchased":["Anger"],"campfire_rested":1,"item_purchase_floors":[3],"current_hp_per_floor":[73,73,73,73,75,69,69,44,44,58,58,58,64,56,56,22,69,66,66,66,60,60,35,60,28,28,0],"gold":142,"neow_bonus":"UPGRADE_CARD","is_prod":false,"is_daily":false,"chose_seed":false,"campfire_upgraded":3,"win_rate":0,"timestamp":1555519808,"path_taken":["M","M","$","?","M","E","R","E","T","M","?","R","?","M","R","BOSS","M","$","?","?","?","E","R","E","T","E"],"build_version":"2019-01-23","purchased_purges":3,"victory":false,"max_hp_per_floor":[75,75,75,75,75,85,85,85,85,85,85,85,85,85,85,85,85,85,85,85,85,85,85,85,85,85,85],"card_choices":[{"not_picked":["Intimidate","True Grit"],"picked":"Headbutt","floor":1},{"not_picked":["Pommel Strike","Body Slam"],"picked":"Shrug It Off","floor":2},{"not_picked":["Havoc","Body Slam"],"picked":"Inflame","floor":5},{"not_picked":["Cleave","Anger"],"picked":"Immolate","floor":6},{"not_picked":["Power Through","Demon Form"],"picked":"Shrug It Off","floor":8},{"not_picked":["Blood for Blood","Cleave"],"picked":"Evolve","floor":10},{"not_picked":["Sword Boomerang","Cleave"],"picked":"Combust","floor":13},{"not_picked":["Twin Strike","Sword Boomerang"],"picked":"Corruption","floor":14},{"not_picked":["Reaper","Demon Form"],"picked":"Immolate","floor":16},{"not_picked":["Reckless Charge","Clash"],"picked":"Shrug It Off","floor":18},{"not_picked":["Thunderclap","Cleave","Wild Strike"],"picked":"SKIP","floor":21},{"not_picked":["Combust","Corruption"],"picked":"Battle Trance+1","floor":23},{"not_picked":["Rage","Warcry+1"],"picked":"Inflame","floor":25}],"player_experience":1157945,"relics_obtained":[{"floor":6,"key":"Pear"},{"floor":8,"key":"Self Forming Clay"},{"floor":9,"key":"Ornamental Fan"},{"floor":23,"key":"Oddly Smooth Stone"},{"floor":25,"key":"Bottled Flame"},{"floor":26,"key":"Pen Nib"}],"event_choices":[{"damage_healed":0,"gold_gain":50,"player_choice":"Pray","damage_taken":0,"max_hp_gain":0,"max_hp_loss":0,"event_name":"Golden Shrine","floor":4,"gold_loss":0},{"damage_healed":0,"gold_gain":0,"player_choice":"0 cards matched","damage_taken":0,"max_hp_gain":0,"max_hp_loss":0,"event_name":"Match and Keep!","floor":20,"gold_loss":0,"cards_obtained":[]},{"damage_healed":0,"gold_gain":0,"player_choice":"Ignored","damage_taken":0,"max_hp_gain":0,"max_hp_loss":0,"event_name":"Beggar","floor":22,"gold_loss":0}],"is_beta":false,"boss_relics":[{"not_picked":["Ectoplasm","Astrolabe"],"picked":"Snecko Eye"}],"items_purged_floors":[3,11,19],"is_endless":false,"potions_floor_spawned":[1,8,10,25],"killed_by":"Slavers","ascension_level":20}