{"gold_per_floor":[110,110,35,35,35,70,70,97,97,126,144,144,159,184,184,260,260,271,196,18,18,32,32,57,69,69,69,89,116,38,55,55,129,129,139,89,99,148,98,132,132,161,161,161,261,286,304,336,336,336,336,336,336,1,31,31],"floor_reached":57,"playtime":2677,"items_purged":["Strike_R","Wild Strike","Strike_R","Strike_R"],"score":3214,"play_id":"8b988b20-9ec7-4a70-a4f3-e98de8e048cc","local_time":"20190614231839","is_ascension_mode":true,"campfire_choices":[{"data":"Bash","floor":7,"key":"SMITH"},{"data":"Bludgeon","floor":12,"key":"SMITH"},{"data":"True Grit","floor":15,"key":"SMITH"},{"data":"Shockwave","floor":23,"key":"SMITH"},{"data":"Bludgeon","floor":27,"key":"SMITH"},{"data":"Disarm","floor":32,"key":"SMITH"},{"floor":41,"key":"RECALL"},{"floor":49,"key":"REST"},{"data":"Defend_R","floor":53,"key":"SMITH"}],"neow_cost":"NONE","seed_source_timestamp":38327916346745,"circlet_count":0,"master_deck":["AscendersBane","Strike_R+1","Defend_R+1","Defend_R+1","Defend_R","Bash+1","Shockwave+1","Bludgeon+1","True Grit+1","Shockwave","Bludgeon+1","Feel No Pain+1","Disarm+1","Clothesline+1","Feel No Pain","Barricade","Bludgeon+1","Shrug It Off"],"relics":["Burning Blood","NeowsBlessing","Bag of Marbles","Boot","Mercury Hourglass","Thread and Needle","Anchor","Snecko Eye","Smiling Mask","Molten Egg 2","Sundial","Busted Crown","Peace Pipe","Torii","Juzu Bracelet","Charon\u0027s Ashes","Strawberry","Shuriken","DollysMirror","Pantograph"],"potions_floor_usage":[33,40,46,50,56,56],"damage_taken":[{"damage":0,"enemies":"Cultist","floor":1,"turns":1},{"damage":0,"enemies":"Gremlin Nob","floor":6,"turns":1},{"damage":0,"enemies":"Lagavulin","floor":8,"turns":1},{"damage":17,"enemies":"Gremlin Nob","floor":10,"turns":4},{"damage":0,"enemies":"Jaw Worm","floor":11,"turns":3},{"damage":0,"enemies":"Small Slimes","floor":13,"turns":2},{"damage":0,"enemies":"Lagavulin","floor":14,"turns":4},{"damage":0,"enemies":"Slime Boss","floor":16,"turns":5},{"damage":0,"enemies":"3 Byrds","floor":18,"turns":5},{"damage":11,"enemies":"2 Thieves","floor":22,"turns":4},{"damage":5,"enemies":"Gremlin Leader","floor":24,"turns":3},{"damage":0,"enemies":"Cultist and Chosen","floor":25,"turns":3},{"damage":1,"enemies":"Shelled Parasite and Fungi","floor":28,"turns":4},{"damage":0,"enemies":"Slavers","floor":29,"turns":3},{"damage":1,"enemies":"Centurion and Healer","floor":31,"turns":4},{"damage":12,"enemies":"Champ","floor":33,"turns":9},{"damage":0,"enemies":"3 Shapes","floor":35,"turns":3},{"damage":0,"enemies":"Orb Walker","floor":37,"turns":1},{"damage":0,"enemies":"2 Orb Walkers","floor":38,"turns":5},{"damage":27,"enemies":"Reptomancer","floor":40,"turns":7},{"damage":0,"enemies":"Giant Head","floor":42,"turns":5},{"damage":0,"enemies":"Mind Bloom Boss Battle","floor":45,"turns":3},{"damage":0,"enemies":"Reptomancer","floor":46,"turns":5},{"damage":19,"enemies":"Maw","floor":47,"turns":6},{"damage":24,"enemies":"Nemesis","floor":48,"turns":9},{"damage":6,"enemies":"Donu and Deca","floor":50,"turns":7},{"damage":30,"enemies":"Awakened One","floor":51,"turns":10},{"damage":29,"enemies":"Shield and Spear","floor":55,"turns":5},{"damage":81,"enemies":"The Heart","floor":56,"turns":11}],"seed_played":"8189905192887339204","potions_obtained":[{"floor":8,"key":"EssenceOfSteel"},{"floor":11,"key":"Poison Potion"},{"floor":13,"key":"GamblersBrew"},{"floor":16,"key":"Swift Potion"},{"floor":18,"key":"PowerPotion"},{"floor":24,"key":"Block Potion"},{"floor":37,"key":"FairyPotion"},{"floor":42,"key":"EssenceOfSteel"},{"floor":45,"key":"AttackPotion"},{"floor":48,"key":"PowerPotion"}],"is_trial":false,"path_per_floor":["M","?","$","?","$","E","R","E","T","E","M","R","M","E","R","B",null,"M","?","$","?","M","R","E","M","T","R","M","E","$","M","R","B",null,"M","$","M","?","$","E","R","E","T","?","?","E","M","E","R","B","B",null,"R","$","E","B",null],"character_chosen":"IRONCLAD","items_purchased":["Shockwave","Feel No Pain","DollysMirror","Shrug It Off","FearPotion"],"campfire_rested":1,"item_purchase_floors":[20,30,54,54,54],"current_hp_per_floor":[74,67,67,44,44,50,50,56,56,45,51,51,57,63,63,69,74,75,75,75,85,80,80,81,85,85,85,85,85,85,85,85,79,84,85,85,85,85,85,64,64,70,70,70,76,89,76,58,85,85,61,84,84,84,61,11],"gold":31,"neow_bonus":"THREE_ENEMY_KILL","is_prod":false,"is_daily":false,"chose_seed":false,"campfire_upgraded":7,"win_rate":0,"timestamp":1560547119,"path_taken":["M","?","$","?","?","E","R","E","T","E","M","R","M","E","R","BOSS","M","?","$","?","?","R","E","M","T","R","M","E","?","M","R","BOSS","M","$","M","?","$","E","R","E","T","?","?","E","M","E","R","BOSS","BOSS","R","$","E","BOSS"],"build_version":"2019-01-23","purchased_purges":4,"victory":true,"max_hp_per_floor":[75,75,75,75,75,75,75,75,75,75,75,75,75,75,75,75,75,75,75,75,85,85,85,85,85,85,85,85,85,85,85,85,85,85,85,85,85,85,85,85,85,85,85,85,85,92,92,92,92,92,92,92,92,92,92,92],"card_choices":[{"not_picked":["Warcry","Sword Boomerang"],"picked":"Anger","floor":1},{"not_picked":["True Grit","Sentinel"],"picked":"Shockwave","floor":6},{"not_picked":["Brutality","Metallicize"],"picked":"Wild Strike","floor":8},{"not_picked":["Berserk","Thunderclap"],"picked":"Bludgeon","floor":10},{"not_picked":["Headbutt","Iron Wave"],"picked":"True Grit","floor":11},{"not_picked":["Headbutt","Warcry","Pommel Strike"],"picked":"SKIP","floor":13},{"not_picked":["Carnage","Hemokinesis","Anger"],"picked":"SKIP","floor":14},{"not_picked":["Barricade","Demon Form"],"picked":"Exhume","floor":16},{"not_picked":["Iron Wave","Body Slam+1","Bloodletting"],"picked":"SKIP","floor":18},{"not_picked":["Anger","Body Slam","Rupture"],"picked":"SKIP","floor":22},{"not_picked":["Shrug It Off","Pommel Strike"],"picked":"Bludgeon","floor":24},{"not_picked":["Flex","Heavy Blade"],"picked":"Feel No Pain+1","floor":25},{"not_picked":["Heavy Blade+1","Shrug It Off"],"picked":"Disarm","floor":28},{"not_picked":["Searing Blow+1","Power Through+1"],"picked":"Clothesline+1","floor":29},{"not_picked":["Seeing Red","Armaments","Second Wind"],"picked":"SKIP","floor":31},{"not_picked":["Brutality","Dark Embrace"],"picked":"Barricade","floor":33},{"not_picked":["Clash+1"],"picked":"SKIP","floor":35},{"not_picked":["Body Slam+1"],"picked":"SKIP","floor":37},{"not_picked":["Rampage+1"],"picked":"SKIP","floor":40},{"not_picked":["Warcry"],"picked":"SKIP","floor":42},{"not_picked":["Warcry"],"picked":"SKIP","floor":42},{"not_picked":["Iron Wave+1"],"picked":"SKIP","floor":46},{"not_picked":["Clothesline+1"],"picked":"SKIP","floor":47},{"not_picked":["Reckless Charge+1"],"picked":"SKIP","floor":48},{"not_picked":["Dropkick+1"],"picked":"SKIP","floor":55},{"not_picked":["Dropkick+1"],"picked":"SKIP","floor":55}],"player_experience":1359154,"relics_obtained":[{"floor":6,"key":"Bag of Marbles"},{"floor":8,"key":"Boot"},{"floor":9,"key":"Mercury Hourglass"},{"floor":10,"key":"Thread and Needle"},{"floor":14,"key":"Anchor"},{"floor":24,"key":"Smiling Mask"},{"floor":26,"key":"Molten Egg 2"},{"floor":29,"key":"Sundial"},{"floor":38,"key":"Peace Pipe"},{"floor":40,"key":"Torii"},{"floor":42,"key":"Juzu Bracelet"},{"floor":45,"key":"Charon\u0027s Ashes"},{"floor":46,"key":"Strawberry"},{"floor":48,"key":"Shuriken"},{"floor":55,"key":"Pantograph"}],"event_choices":[{"cards_removed":["Strike_R"],"damage_healed":0,"gold_gain":0,"player_choice":"Card Removal","damage_taken":7,"max_hp_gain":0,"max_hp_loss":0,"event_name":"Golden Wing","floor":2,"gold_loss":0},{"damage_healed":0,"gold_gain":0,"player_choice":"Entered Light","damage_taken":23,"max_hp_gain":0,"max_hp_loss":0,"event_name":"Shining Light","floor":4,"gold_loss":0,"cards_upgraded":["Defend_R","Strike_R"]},{"cards_removed":["Anger"],"damage_healed":0,"gold_gain":0,"player_choice":"Gave Gold","damage_taken":0,"max_hp_gain":0,"max_hp_loss":0,"event_name":"Beggar","floor":19,"gold_loss":75},{"cards_removed":["Exhume"],"damage_healed":0,"gold_gain":0,"player_choice":"Offered Rare","damage_taken":0,"max_hp_gain":10,"max_hp_loss":0,"event_name":"Bonfire Elementals","floor":21,"gold_loss":0},{"damage_healed":0,"gold_gain":0,"player_choice":"Fight","damage_taken":0,"max_hp_gain":0,"max_hp_loss":0,"event_name":"Mysterious Sphere","floor":38,"gold_loss":0},{"cards_removed":["Defend_R"],"damage_healed":0,"gold_gain":0,"player_choice":"Removed Skill","damage_taken":0,"max_hp_gain":0,"max_hp_loss":0,"event_name":"Falling","floor":44,"gold_loss":0},{"damage_healed":0,"gold_gain":0,"player_choice":"Fight","damage_taken":0,"max_hp_gain":0,"max_hp_loss":0,"event_name":"MindBloom","floor":45,"gold_loss":0}],"is_beta":false,"boss_relics":[{"not_picked":["Eternal Feather","Runic Dome"],"picked":"Snecko Eye"},{"not_picked":["Runic Cube","Black Blood"],"picked":"Busted Crown"}],"items_purged_floors":[3,20,36,39],"is_endless":false,"potions_floor_spawned":[8,11,13,16,18,24,31,37,42,45,48],"ascension_level":20}