{"gold_per_floor":[112,112,130,145,161,195,270,270,270,270,270],"floor_reached":11,"playtime":434,"items_purged":[],"score":110,"play_id":"5afa7eb9-70ab-4d07-8555-3ca86f47dbab","local_time":"20190611130703","is_ascension_mode":true,"campfire_choices":[{"floor":10,"key":"REST"}],"neow_cost":"NONE","seed_source_timestamp":2093357777559930,"circlet_count":0,"master_deck":["AscendersBane","Defend_G","Defend_G","Defend_G","Defend_G","Defend_G","Strike_G","Strike_G","Strike_G","Strike_G","Strike_G","Survivor","Neutralize","Flying Knee","Riddle With Holes","Cloak And Dagger"],"relics":["Ring of the Snake","Lantern","Smiling Mask","Matryoshka"],"potions_floor_usage":[6,11],"damage_taken":[{"damage":0,"enemies":"Jaw Worm","floor":1,"turns":6},{"damage":0,"enemies":"Small Slimes","floor":3,"turns":4},{"damage":0,"enemies":"2 Louse","floor":4,"turns":2},{"damage":2,"enemies":"Exordium Wildlife","floor":5,"turns":7},{"damage":46,"enemies":"Gremlin Nob","floor":6,"turns":6},{"damage":37,"enemies":"Lagavulin","floor":11,"turns":10}],"seed_played":"-5218008825261410123","potions_obtained":[{"floor":3,"key":"EssenceOfSteel"},{"floor":6,"key":"SpeedPotion"}],"is_trial":false,"path_per_floor":["M","$","M","M","M","E","?","?","T","R","E"],"character_chosen":"THE_SILENT","items_purchased":[],"campfire_rested":1,"item_purchase_floors":[],"current_hp_per_floor":[63,63,63,63,61,15,4,9,9,31,0],"gold":270,"neow_bonus":"RANDOM_COMMON_RELIC","is_prod":false,"is_daily":false,"chose_seed":false,"campfire_upgraded":0,"win_rate":0,"timestamp":1560269223,"path_taken":["M","$","M","M","M","E","?","?","T","R","E"],"build_version":"2019-01-23","purchased_purges":0,"victory":false,"max_hp_per_floor":[70,70,70,70,70,70,70,75,75,75,75],"card_choices":[{"not_picked":["Bane","Accuracy"],"picked":"Flying Knee","floor":1},{"not_picked":["Acrobatics","Slice"],"picked":"Riddle With Holes","floor":3},{"not_picked":["Distraction","Flying Knee"],"picked":"Cloak And Dagger","floor":4},{"not_picked":["Quick Slash","Deadly Poison","Choke"],"picked":"SKIP","floor":5},{"not_picked":["All Out Attack","Flying Knee","Blade Dance"],"picked":"SKIP","floor":6}],"player_experience":979686,"relics_obtained":[{"floor":6,"key":"Smiling Mask"},{"floor":9,"key":"Matryoshka"}],"event_choices":[{"damage_healed":0,"gold_gain":75,"player_choice":"Gather Gold","damage_taken":11,"max_hp_gain":0,"max_hp_loss":0,"event_name":"World of Goop","floor":7,"gold_loss":0},{"damage_healed":0,"gold_gain":0,"player_choice":"Donut","damage_taken":0,"max_hp_gain":5,"max_hp_loss":0,"event_name":"Big Fish","floor":8,"gold_loss":0}],"is_beta":false,"boss_relics":[],"items_purged_floors":[],"is_endless":false,"potions_floor_spawned":[3,6],"killed_by":"Lagavulin","ascension_level":10}