{"gold_per_floor":[116,126,126,144,144,144,69,69,69,95,114,114,91,91,91,163,163,183,194,119,119,133,133,150,164,188,188,58,69,69,69,69,69],"floor_reached":33,"playtime":1633,"items_purged":["Injury"],"score":429,"play_id":"19dc55c6-16c0-4ff5-a13b-67a1d6471680","local_time":"20190517081005","is_ascension_mode":true,"campfire_choices":[{"data":"Double Tap","floor":6,"key":"SMITH"},{"data":"Shockwave","floor":8,"key":"SMITH"},{"data":"Warcry","floor":12,"key":"SMITH"},{"floor":15,"key":"REST"},{"floor":23,"key":"REST"},{"floor":32,"key":"REST"}],"neow_cost":"NONE","seed_source_timestamp":2481069933382936,"circlet_count":0,"master_deck":["AscendersBane","Strike_R+1","Strike_R","Strike_R","Strike_R","Defend_R+1","Defend_R+1","Bash+1","Double Tap+1","Headbutt","Shockwave+1","Battle Trance","Warcry+1","Dropkick","Clothesline","Demon Form","Clash","Shrug It Off+1","Pommel Strike","Anger+1","Uppercut","Writhe","Burning Pact"],"relics":["Burning Blood","Mummified Hand","War Paint","Runic Pyramid","Juzu Bracelet","MawBank"],"potions_floor_usage":[16,19,29,33,33],"damage_taken":[{"damage":12,"enemies":"Jaw Worm","floor":1,"turns":3},{"damage":8,"enemies":"Small Slimes","floor":2,"turns":4},{"damage":2,"enemies":"Cultist","floor":4,"turns":4},{"damage":15,"enemies":"Lagavulin","floor":10,"turns":5},{"damage":1,"enemies":"Blue Slaver","floor":11,"turns":3},{"damage":45,"enemies":"The Guardian","floor":16,"turns":14},{"damage":18,"enemies":"Shell Parasite","floor":18,"turns":6},{"damage":25,"enemies":"Spheric Guardian","floor":19,"turns":6},{"damage":22,"enemies":"Snake Plant","floor":22,"turns":5},{"damage":0,"enemies":"Snecko","floor":24,"turns":4},{"damage":19,"enemies":"Centurion and Healer","floor":25,"turns":5},{"damage":25,"enemies":"Snake Plant","floor":29,"turns":6},{"damage":68,"enemies":"Automaton","floor":33,"turns":6}],"seed_played":"4330336158820195938","potions_obtained":[{"floor":4,"key":"Ancient Potion"},{"floor":10,"key":"Fire Potion"},{"floor":18,"key":"LiquidBronze"},{"floor":25,"key":"EssenceOfSteel"},{"floor":29,"key":"AttackPotion"}],"is_trial":false,"path_per_floor":["M","M","?","M","?","R","?","R","T","E","M","R","$","?","R","B",null,"M","M","?","?","M","R","M","M","T","?","$","M","$","$","R","B"],"character_chosen":"IRONCLAD","items_purchased":["Clothesline","Burning Pact"],"campfire_rested":3,"item_purchase_floors":[13,28],"current_hp_per_floor":[62,60,65,69,62,62,62,62,62,53,58,58,58,34,58,19,65,53,34,34,34,18,42,48,35,35,35,35,16,16,16,40,0],"gold":69,"neow_bonus":"ONE_RANDOM_RARE_CARD","is_prod":false,"is_daily":false,"chose_seed":false,"campfire_upgraded":3,"win_rate":0,"timestamp":1558091405,"path_taken":["M","M","?","M","?","R","?","R","T","E","M","R","$","?","R","BOSS","M","M","?","?","?","R","M","M","T","?","$","M","?","$","R","BOSS"],"build_version":"2019-01-23","purchased_purges":1,"victory":false,"max_hp_per_floor":[75,75,80,80,80,80,80,80,80,80,80,80,80,80,80,80,80,80,80,80,80,80,80,80,80,80,80,80,80,80,80,80,80],"card_choices":[{"not_picked":["Havoc","Pummel"],"picked":"Headbutt","floor":1},{"not_picked":["Feel No Pain","Clothesline"],"picked":"Shockwave","floor":2},{"not_picked":["Clash","Sword Boomerang"],"picked":"Battle Trance","floor":4},{"not_picked":["Blood for Blood","Immolate"],"picked":"Warcry","floor":10},{"not_picked":["Sword Boomerang","Hemokinesis"],"picked":"Dropkick","floor":11},{"not_picked":["Offering","Fiend Fire"],"picked":"Demon Form","floor":16},{"not_picked":["Seeing Red+1","Corruption"],"picked":"Clash","floor":18},{"not_picked":["Anger","Twin Strike"],"picked":"Shrug It Off+1","floor":19},{"not_picked":["Shrug It Off","Uppercut"],"picked":"Anger+1","floor":22},{"not_picked":["Infernal Blade","Armaments","Shrug It Off"],"picked":"SKIP","floor":24},{"not_picked":["Twin Strike","Clothesline"],"picked":"Uppercut","floor":25},{"not_picked":["Immolate","Perfected Strike","Body Slam"],"picked":"SKIP","floor":29}],"player_experience":747069,"relics_obtained":[{"floor":9,"key":"Mummified Hand"},{"floor":10,"key":"War Paint"},{"floor":26,"key":"Juzu Bracelet"}],"event_choices":[{"damage_healed":0,"gold_gain":0,"player_choice":"Donut","damage_taken":0,"max_hp_gain":5,"max_hp_loss":0,"event_name":"Big Fish","floor":3,"gold_loss":0},{"cards_removed":["Strike_R"],"damage_healed":0,"gold_gain":0,"player_choice":"Card Removal","damage_taken":7,"max_hp_gain":0,"max_hp_loss":0,"event_name":"Golden Wing","floor":5,"gold_loss":0},{"cards_removed":["Defend_R"],"damage_healed":0,"gold_gain":0,"player_choice":"Card Removal","damage_taken":0,"max_hp_gain":0,"max_hp_loss":0,"event_name":"The Cleric","floor":7,"gold_loss":75},{"damage_healed":0,"gold_gain":0,"player_choice":"Entered Light","damage_taken":24,"max_hp_gain":0,"max_hp_loss":0,"event_name":"Shining Light","floor":14,"gold_loss":0,"cards_upgraded":["Strike_R","Bash"]},{"cards_removed":["Defend_R"],"damage_healed":0,"gold_gain":0,"player_choice":"Gave Gold","damage_taken":0,"max_hp_gain":0,"max_hp_loss":0,"event_name":"Beggar","floor":20,"gold_loss":75},{"damage_healed":0,"gold_gain":0,"player_choice":"2 cards matched","damage_taken":0,"max_hp_gain":0,"max_hp_loss":0,"event_name":"Match and Keep!","floor":21,"gold_loss":0,"cards_obtained":["Pommel Strike","Injury"]},{"damage_healed":0,"gold_gain":0,"player_choice":"Opened","damage_taken":0,"relics_obtained":["MawBank"],"max_hp_gain":0,"max_hp_loss":0,"event_name":"The Mausoleum","floor":27,"gold_loss":0,"cards_obtained":["Writhe"]}],"is_beta":false,"boss_relics":[{"not_picked":["Pandora\u0027s Box","Runic Cube"],"picked":"Runic Pyramid"}],"items_purged_floors":[28],"is_endless":false,"potions_floor_spawned":[4,10,11,18,25,29],"killed_by":"Automaton","ascension_level":15}