{"gold_per_floor":[111,121,271,115,115,115,149,149,149,159,185,185,185,235,235,307,307,320,320,25,25,44,79,79,107,131,160,160,173,173,198,198,198],"floor_reached":33,"playtime":1319,"items_purged":["Doubt","Strike_G"],"score":754,"play_id":"40b6ae6b-1026-48ab-8fba-c486abc34f1d","local_time":"20190617023711","is_ascension_mode":true,"campfire_choices":[{"data":"Skewer","floor":6,"key":"SMITH"},{"data":"Neutralize","floor":8,"key":"SMITH"},{"data":"Bouncing Flask","floor":13,"key":"SMITH"},{"data":"Caltrops","floor":15,"key":"SMITH"},{"data":"Crippling Poison","floor":24,"key":"SMITH"},{"data":"Malaise","floor":28,"key":"SMITH"},{"floor":30,"key":"REST"},{"data":"Catalyst","floor":32,"key":"SMITH"}],"neow_cost":"NONE","seed_source_timestamp":51711937794793,"circlet_count":0,"master_deck":["AscendersBane","Defend_G","Defend_G","Defend_G","Defend_G","Defend_G","Strike_G","Strike_G","Strike_G","Strike_G","Survivor","Neutralize+1","Skewer+1","Caltrops+1","Leg Sweep","Bouncing Flask+1","Malaise+1","Skewer+1","Noxious Fumes","Crippling Poison+1","Footwork","Catalyst+1"],"relics":["Ring of the Snake","NeowsBlessing","Gambling Chip","Smiling Mask","Question Card","Shuriken","Meat on the Bone","Cursed Key","MutagenicStrength","Omamori","Mercury Hourglass","WingedGreaves","Lantern","Tough Bandages","Orichalcum"],"potions_floor_usage":[16,23,25,33],"damage_taken":[{"damage":0,"enemies":"2 Louse","floor":1,"turns":1},{"damage":0,"enemies":"Small Slimes","floor":2,"turns":1},{"damage":0,"enemies":"Lagavulin","floor":7,"turns":2},{"damage":0,"enemies":"Cultist","floor":10,"turns":3},{"damage":25,"enemies":"3 Sentries","floor":11,"turns":7},{"damage":14,"enemies":"Hexaghost","floor":16,"turns":8},{"damage":17,"enemies":"Shell Parasite","floor":18,"turns":5},{"damage":11,"enemies":"2 Thieves","floor":22,"turns":3},{"damage":19,"enemies":"Book of Stabbing","floor":23,"turns":6},{"damage":14,"enemies":"Gremlin Leader","floor":25,"turns":6},{"damage":30,"enemies":"Slavers","floor":27,"turns":5},{"damage":14,"enemies":"3 Cultists","floor":29,"turns":4},{"damage":14,"enemies":"Book of Stabbing","floor":31,"turns":4},{"damage":36,"enemies":"Champ","floor":33,"turns":9}],"seed_played":"-7266371406519526082","potions_obtained":[{"floor":1,"key":"Poison Potion"},{"floor":2,"key":"LiquidBronze"},{"floor":11,"key":"AttackPotion"},{"floor":23,"key":"SteroidPotion"}],"is_trial":false,"path_per_floor":["M","M","?","$","?","R","E","R","T","M","E","T","R","?","R","B",null,"M","?","$","?","M","E","R","E","T","E","R","M","R","E","R","B"],"character_chosen":"THE_SILENT","items_purchased":["Caltrops","Omamori","Regen Potion"],"campfire_rested":1,"item_purchase_floors":[4,20,20],"current_hp_per_floor":[59,59,59,59,59,59,59,59,59,59,34,34,34,34,34,32,58,41,41,41,41,42,38,38,36,36,18,18,16,35,33,33,0],"gold":198,"neow_bonus":"THREE_ENEMY_KILL","is_prod":false,"is_daily":false,"chose_seed":false,"campfire_upgraded":7,"win_rate":0,"timestamp":1560731831,"path_taken":["M","M","?","$","?","R","E","R","T","?","E","?","R","?","R","BOSS","M","?","$","?","?","E","R","E","T","E","R","M","R","E","R","BOSS"],"build_version":"2019-01-23","purchased_purges":2,"victory":false,"max_hp_per_floor":[66,66,66,66,66,66,66,66,66,66,66,66,66,66,66,66,66,66,66,66,66,66,66,66,66,66,66,66,66,66,66,66,66],"card_choices":[{"not_picked":["Escape Plan","Deflect"],"picked":"Skewer","floor":1},{"not_picked":["Outmaneuver","Tactician","Masterful Stab"],"picked":"SKIP","floor":2},{"not_picked":["Choke","Dagger Throw","Acrobatics"],"picked":"SKIP","floor":7},{"not_picked":["Bouncing Flask","Cloak And Dagger","Accuracy"],"picked":"Leg Sweep","floor":10},{"not_picked":["Quick Slash","Underhanded Strike","PiercingWail"],"picked":"Bouncing Flask","floor":11},{"not_picked":["Venomology","Bullet Time","Night Terror"],"picked":"Malaise","floor":16},{"not_picked":["Blade Dance","Sucker Punch","Quick Slash"],"picked":"Skewer+1","floor":18},{"not_picked":["Caltrops","Dagger Spray+1","Prepared"],"picked":"Noxious Fumes","floor":22},{"not_picked":["Acrobatics","Blur","Infinite Blades"],"picked":"Crippling Poison","floor":23},{"not_picked":["Setup","Escape Plan","Sucker Punch","Slice"],"picked":"SKIP","floor":25},{"not_picked":["Concentrate","Dagger Spray","Skewer+1","Unload"],"picked":"SKIP","floor":27},{"not_picked":["Calculated Gamble+1","Deadly Poison","Prepared"],"picked":"Footwork","floor":29},{"not_picked":["Deflect","Backstab","Quick Slash"],"picked":"Catalyst","floor":31}],"player_experience":1382716,"relics_obtained":[{"floor":7,"key":"Smiling Mask"},{"floor":9,"key":"Question Card"},{"floor":11,"key":"Shuriken"},{"floor":12,"key":"Meat on the Bone"},{"floor":23,"key":"Mercury Hourglass"},{"floor":25,"key":"WingedGreaves"},{"floor":26,"key":"Lantern"},{"floor":27,"key":"Tough Bandages"},{"floor":31,"key":"Orichalcum"}],"event_choices":[{"damage_healed":0,"gold_gain":150,"player_choice":"AGREE","damage_taken":0,"max_hp_gain":0,"max_hp_loss":0,"event_name":"Liars Game","floor":3,"gold_loss":0,"cards_obtained":["Doubt"]},{"damage_healed":0,"gold_gain":0,"player_choice":"Gave Potion","damage_taken":0,"relics_obtained":["Gambling Chip"],"max_hp_gain":0,"max_hp_loss":0,"event_name":"WeMeetAgain","floor":5,"gold_loss":0},{"damage_healed":0,"gold_gain":50,"player_choice":"Pray","damage_taken":0,"max_hp_gain":0,"max_hp_loss":0,"event_name":"Golden Shrine","floor":14,"gold_loss":0},{"damage_healed":0,"gold_gain":0,"player_choice":"Inject Mutagens","damage_taken":0,"relics_obtained":["MutagenicStrength"],"max_hp_gain":0,"max_hp_loss":0,"event_name":"Drug Dealer","floor":19,"gold_loss":0},{"damage_healed":0,"gold_gain":0,"player_choice":"0 cards matched","damage_taken":0,"max_hp_gain":0,"max_hp_loss":0,"event_name":"Match and Keep!","floor":21,"gold_loss":0,"cards_obtained":[]}],"is_beta":false,"boss_relics":[{"not_picked":["Busted Crown","Calling Bell"],"picked":"Cursed Key"}],"items_purged_floors":[4,20],"is_endless":false,"potions_floor_spawned":[1,2,11,22,23],"killed_by":"Champ","ascension_level":20}