{"gold_per_floor":[111,131,131,93,161,191,210,163,163,193],"floor_reached":10,"playtime":340,"items_purged":[],"score":66,"play_id":"bfd0866f-2469-49bc-adc3-ede58f9b2095","local_time":"20190325151603","is_ascension_mode":false,"campfire_choices":[],"neow_cost":"NONE","seed_source_timestamp":105309863135017,"circlet_count":0,"master_deck":["Strike_R","Strike_R","Strike_R","Strike_R","Strike_R","Defend_R","Defend_R","Defend_R","Bash","Immolate","Iron Wave","Heavy Blade","Metallicize","Impervious","Inflame","Flex"],"relics":["Burning Blood","Gremlin Horn","Regal Pillow"],"potions_floor_usage":[6],"damage_taken":[{"damage":1,"enemies":"Cultist","floor":1,"turns":3},{"damage":0,"enemies":"2 Louse","floor":2,"turns":1},{"damage":61,"enemies":"Lagavulin","floor":6,"turns":12},{"damage":0,"enemies":"Small Slimes","floor":7,"turns":2},{"damage":40,"enemies":"Lagavulin Event","floor":10,"turns":5}],"seed_played":"9045446247942701491","potions_obtained":[{"floor":1,"key":"SpeedPotion"}],"is_trial":false,"path_per_floor":["M","M","?","$","?","E","M","$","T","?"],"character_chosen":"IRONCLAD","items_purchased":["Metallicize","Flex"],"campfire_rested":0,"item_purchase_floors":[4,8],"current_hp_per_floor":[80,80,80,80,80,25,31,31,31,0],"gold":193,"neow_bonus":"ONE_RANDOM_RARE_CARD","is_prod":false,"is_daily":false,"chose_seed":false,"campfire_upgraded":0,"win_rate":0,"timestamp":1553537763,"path_taken":["M","M","?","?","?","E","M","$","T","?"],"build_version":"2019-01-23","purchased_purges":0,"victory":false,"max_hp_per_floor":[80,80,80,80,80,80,80,80,80,80],"card_choices":[{"not_picked":["Burning Pact","Clothesline"],"picked":"Iron Wave","floor":1},{"not_picked":["Pommel Strike","Blood for Blood","Entrench"],"picked":"SKIP","floor":2},{"not_picked":["Body Slam","Twin Strike"],"picked":"Impervious","floor":6},{"not_picked":["Dual Wield","Anger"],"picked":"Inflame","floor":7}],"player_experience":530411,"relics_obtained":[{"floor":6,"key":"Gremlin Horn"}],"event_choices":[{"damage_healed":0,"gold_gain":0,"cards_transformed":["Defend_R"],"player_choice":"Transformed","damage_taken":0,"max_hp_gain":0,"max_hp_loss":0,"event_name":"Transmorgrifier","floor":3,"gold_loss":0,"cards_obtained":["Heavy Blade"]},{"damage_healed":0,"gold_gain":68,"player_choice":"Gained Gold","damage_taken":0,"max_hp_gain":0,"max_hp_loss":0,"event_name":"Golden Wing","floor":5,"gold_loss":0},{"damage_healed":0,"gold_gain":30,"player_choice":"Searched \u00273\u0027 times","damage_taken":0,"relics_obtained":["Regal Pillow"],"max_hp_gain":0,"max_hp_loss":0,"event_name":"Dead Adventurer","floor":10,"gold_loss":0}],"is_beta":false,"boss_relics":[],"items_purged_floors":[],"is_endless":false,"potions_floor_spawned":[1],"killed_by":"Lagavulin Event","ascension_level":0}