{"gold_per_floor":[110,129,145,145,161,190,190,219,244,244,244],"floor_reached":11,"playtime":398,"items_purged":[],"score":166,"play_id":"34d7a7f8-7e77-402e-8bb5-68ae1ce0a737","local_time":"20181120232941","is_ascension_mode":true,"campfire_choices":[{"data":"Beam Cell","floor":7,"key":"SMITH"},{"floor":10,"key":"REST"}],"neow_cost":"NONE","seed_source_timestamp":24034064098090,"circlet_count":0,"master_deck":["AscendersBane","Strike_B","Strike_B","Strike_B","Strike_B+1","Defend_B","Defend_B+1","Defend_B","Defend_B","Zap","Dualcast","Streamline+1","Conserve Battery+1","Beam Cell+1"],"relics":["Cracked Core","Pantograph","War Paint","Happy Flower"],"potions_floor_usage":[5,6,8],"damage_taken":[{"damage":1,"enemies":"Cultist","floor":1,"turns":4},{"damage":12,"enemies":"Jaw Worm","floor":2,"turns":3},{"damage":8,"enemies":"Small Slimes","floor":3,"turns":3},{"damage":13,"enemies":"Red Slaver","floor":5,"turns":5},{"damage":8,"enemies":"3 Sentries","floor":6,"turns":7},{"damage":17,"enemies":"Lagavulin","floor":8,"turns":5},{"damage":35,"enemies":"Gremlin Nob","floor":11,"turns":3}],"seed_played":"-1512785371124394888","potions_obtained":[{"floor":2,"key":"Regen Potion"},{"floor":3,"key":"Explosive Potion"},{"floor":6,"key":"Dexterity Potion"},{"floor":8,"key":"Energy Potion"}],"is_trial":false,"path_per_floor":["M","M","M","?","M","E","R","E","T","R","E"],"character_chosen":"DEFECT","items_purchased":[],"campfire_rested":1,"item_purchase_floors":[],"current_hp_per_floor":[70,58,50,27,28,20,20,3,3,26,0],"gold":244,"neow_bonus":"TEN_PERCENT_HP_BONUS","is_prod":false,"is_daily":false,"chose_seed":false,"campfire_upgraded":1,"win_rate":0,"timestamp":1542752981,"path_taken":["M","M","M","?","M","E","R","E","T","R","E"],"build_version":"2018-11-15","purchased_purges":0,"victory":false,"max_hp_per_floor":[78,78,78,78,78,78,78,78,78,78,78],"card_choices":[{"not_picked":["Leap","Beam Cell"],"picked":"Streamline","floor":1},{"not_picked":["Barrage","Aggregate"],"picked":"Conserve Battery","floor":2},{"not_picked":["Recycle","Rainbow","Blizzard"],"picked":"SKIP","floor":3},{"not_picked":["Rebound","Streamline","Stack"],"picked":"SKIP","floor":5},{"not_picked":["Chaos","Chill"],"picked":"Beam Cell","floor":6},{"not_picked":["Leap","Hologram","Barrage"],"picked":"SKIP","floor":8}],"player_experience":595150,"relics_obtained":[{"floor":6,"key":"Pantograph"},{"floor":8,"key":"War Paint"},{"floor":9,"key":"Happy Flower"}],"event_choices":[{"damage_healed":0,"gold_gain":0,"player_choice":"Entered Light","damage_taken":23,"max_hp_gain":0,"max_hp_loss":0,"event_name":"Shining Light","floor":4,"gold_loss":0,"cards_upgraded":["Strike_B","Streamline"]}],"is_beta":false,"boss_relics":[],"items_purged_floors":[],"is_endless":false,"potions_floor_spawned":[2,3,6,8],"killed_by":"Gremlin Nob","ascension_level":20}