{"gold_per_floor":[109,109,109,127,146,180,180,194,221,234,234,245,263,281,281,382,382,404,515,11,11,101,101,114,114,114,39,39],"floor_reached":28,"playtime":1443,"items_purged":["Decay"],"score":220,"play_id":"0af521a4-dee2-4192-92f1-a0ba27122693","local_time":"20190203162053","is_ascension_mode":false,"campfire_choices":[{"floor":7.0,"key":"REST"},{"floor":11,"key":"RECALL"},{"data":"Loop","floor":15,"key":"SMITH"},{"floor":23,"key":"REST"}],"neow_cost":"NONE","seed_source_timestamp":0,"circlet_count":0,"master_deck":["Strike_B+1","Strike_B+1","Strike_B+1","Defend_B+1","Defend_B+1","Defend_B+1","Defend_B+1","Zap+1","Dualcast","FTL","Glacier","Hologram","Loop+1","Coolheaded","Gash","Cold Snap","Skim","Thunder Strike","Gash+1","Capacitor","Loop+1","Blizzard","Melter"],"special_seed":0,"relics":["Cracked Core","Orichalcum","Anchor","Omamori","Calling Bell","MawBank","Singing Bowl","Du-Vu Doll","Cables","DollysMirror"],"potions_floor_usage":[12,13,28],"damage_taken":[{"damage":1.0,"enemies":"2 Louse","floor":1.0,"turns":3.0},{"damage":0.0,"enemies":"Small Slimes","floor":4.0,"turns":2.0},{"damage":0.0,"enemies":"Cultist","floor":5.0,"turns":2.0},{"damage":36.0,"enemies":"Gremlin Nob","floor":6.0,"turns":6.0},{"damage":0.0,"enemies":"2 Fungi Beasts","floor":8.0,"turns":3.0},{"damage":0.0,"enemies":"Looter","floor":10.0,"turns":3.0},{"damage":23,"enemies":"Gremlin Gang","floor":12,"turns":5},{"damage":0,"enemies":"3 Louse","floor":13,"turns":6},{"damage":0,"enemies":"Exordium Thugs","floor":14,"turns":5},{"damage":22,"enemies":"Slime Boss","floor":16,"turns":15},{"damage":15,"enemies":"3 Byrds","floor":18,"turns":5},{"damage":9,"enemies":"Chosen","floor":24,"turns":4},{"damage":10,"enemies":"3 Cultists","floor":28,"turns":4}],"seed_played":"-5652829592788795042","potions_obtained":[{"floor":5.0,"key":"LiquidBronze"},{"floor":6.0,"key":"EssenceOfSteel"},{"floor":12,"key":"Regen Potion"},{"floor":13,"key":"SpeedPotion"},{"floor":14,"key":"FearPotion"},{"floor":16,"key":"AttackPotion"},{"floor":18,"key":"Ancient Potion"}],"is_trial":false,"path_per_floor":["M","?","?","M","M","E","R","M","T","M","R","M","M","M","R","B",null,"M","?","$","?","?","R","M","?","T","$","M"],"character_chosen":"DEFECT","items_purchased":["Cables","Capacitor","DollysMirror"],"campfire_rested":2,"item_purchase_floors":[20,20,20],"current_hp_per_floor":[74,59,59,59,59,23,45,45,45,45,45,22,37,37,37,15,75,60,60,60,60,46,68,59,59,59,59,49],"gold":39,"neow_bonus":"RANDOM_COMMON_RELIC","is_prod":false,"is_daily":false,"chose_seed":false,"campfire_upgraded":1,"win_rate":0,"timestamp":1549228853,"path_taken":["M","?","?","M","M","E","R","M","T","M","R","M","?","M","R","BOSS","M","?","$","?","?","R","?","?","T","$","M"],"build_version":"2019-01-23","purchased_purges":1,"victory":false,"max_hp_per_floor":[75,75,75,75,75,75,75,75,75,75,75,75,75,75,75,75,75,75,75,75,75,75,75,75,75,75,75,75],"card_choices":[{"not_picked":["Redo","Chill"],"picked":"FTL","floor":1.0},{"not_picked":["Genetic Algorithm","Beam Cell"],"picked":"Glacier","floor":4.0},{"not_picked":["Hello World","Compile Driver"],"picked":"Hologram","floor":5.0},{"not_picked":["Buffer","Storm"],"picked":"Loop","floor":6.0},{"not_picked":["Streamline","Ball Lightning"],"picked":"Coolheaded","floor":8.0},{"not_picked":["Leap","Tempest","Double Energy"],"picked":"SKIP","floor":10.0},{"not_picked":["Streamline","Stack"],"picked":"Gash","floor":12},{"not_picked":["Gash","Ball Lightning"],"picked":"Cold Snap","floor":13},{"not_picked":["Go for the Eyes","Genetic Algorithm"],"picked":"Skim","floor":14},{"not_picked":["Amplify","Multi-Cast"],"picked":"Thunder Strike","floor":16},{"not_picked":["Hello World","Hologram"],"picked":"Gash+1","floor":18},{"not_picked":["Hologram","Tempest"],"picked":"Melter","floor":24}],"player_experience":268980,"relics_obtained":[{"floor":6.0,"key":"Anchor"},{"floor":9.0,"key":"Omamori"},{"floor":17,"key":"MawBank"},{"floor":17,"key":"Singing Bowl"},{"floor":17,"key":"Du-Vu Doll"}],"event_choices":[{"damage_healed":0.0,"max_hp_gain":0.0,"max_hp_loss":0.0,"gold_gain":0.0,"event_name":"Shining Light","player_choice":"Entered Light","floor":2.0,"gold_loss":0.0,"damage_taken":15.0,"cards_upgraded":["Strike_B","Zap"]},{"cards_removed":["Strike_B"],"damage_healed":0.0,"max_hp_gain":0.0,"max_hp_loss":0.0,"gold_gain":0.0,"event_name":"Bonfire Elementals","player_choice":"Offered Basic","floor":3.0,"gold_loss":0.0,"damage_taken":0.0},{"damage_healed":0,"gold_gain":99,"player_choice":"Stole From Cult","damage_taken":0,"max_hp_gain":0,"max_hp_loss":0,"event_name":"Nest","floor":19,"gold_loss":0},{"damage_healed":0,"gold_gain":0,"player_choice":"Read","damage_taken":0,"max_hp_gain":0,"max_hp_loss":0,"event_name":"The Library","floor":21,"gold_loss":0,"cards_obtained":["Blizzard"]},{"damage_healed":0,"gold_gain":90,"player_choice":"GOLD ","damage_taken":14,"max_hp_gain":0,"max_hp_loss":0,"event_name":"Knowing Skull","floor":22,"potions_obtained":[],"gold_loss":0,"cards_obtained":[]},{"damage_healed":0,"gold_gain":0,"player_choice":"Simplicity","damage_taken":0,"max_hp_gain":0,"max_hp_loss":0,"event_name":"Back to Basics","floor":25,"gold_loss":0,"cards_upgraded":["Strike_B","Strike_B","Defend_B","Defend_B","Defend_B","Defend_B"]}],"is_beta":false,"boss_relics":[{"not_picked":["Ectoplasm","Fusion Hammer"],"picked":"Calling Bell"}],"items_purged_floors":[27],"is_endless":false,"potions_floor_spawned":[5,6,12,13,14,16,18],"killed_by":"3 Cultists","ascension_level":0}