{"path_per_floor":["M","$","M","M","?","E","M","R","T","?","M","$","?","E","R"],"character_chosen":"IRONCLAD","items_purchased":["Evolve","Molten Egg 2","Regen Potion","Fire Potion"],"gold_per_floor":[109,31,41,52,52,81,92,92,170,345,365,3,3,31,31],"floor_reached":16,"campfire_rested":1,"playtime":905,"current_hp_per_floor":[80,80,80,80,73,46,27,51,51,51,57,57,77,53,53],"items_purged":[],"gold":31,"score":110,"play_id":"d8d5a758-2e5f-4fc4-b80b-3bf153fb1058","is_prod":false,"is_daily":false,"is_ascension_mode":false,"campfire_upgraded":1,"path_taken":["M","$","M","M","?","E","M","R","T","?","M","?","?","E","R","BOSS"],"build_version":"2018-02-12-PROD1","purchased_purges":0,"victory":false,"master_deck":["Strike_R","Strike_R","Strike_R","Strike_R","Strike_R","Defend_R","Defend_R","Defend_R+1","Defend_R+1","Bash","Twin Strike","Evolve","Barricade+1","Pommel Strike","Fire Breathing","Thunderclap","Doubt","True Grit","Parasite","Body Slam+1"],"max_hp_per_floor":[80,80,80,80,80,80,80,80,80,80,80,80,80,80,80],"relics":["Burning Blood","NeowsBlessing","Ginger","Ornamental Fan","Bottled Tornado","Molten Egg 2","War Paint"],"card_choices":[{"not_picked":["Sword Boomerang","Perfected Strike"],"picked":"Twin Strike"},{"not_picked":["Blood for Blood","Headbutt"],"picked":"Barricade"},{"not_picked":["Thunderclap","True Grit"],"picked":"Pommel Strike"},{"not_picked":["Reckless Charge","Thunderclap"],"picked":"Fire Breathing"},{"not_picked":["Pommel Strike","Burning Pact"],"picked":"Thunderclap"},{"not_picked":["Iron Wave","Corruption"],"picked":"True Grit"},{"not_picked":["Clash","Combust"],"picked":"Body Slam"}],"player_experience":64249,"potions_floor_usage":[11,14,16,16],"damage_taken":[{"damage":0,"enemies":"Small Slimes","floor":1,"turns":1},{"damage":0,"enemies":"Jaw Worm","floor":3,"turns":1},{"damage":0,"enemies":"2 Louse","floor":4,"turns":1},{"damage":33,"enemies":"3 Sentries","floor":6,"turns":8},{"damage":25,"enemies":"Exordium Wildlife","floor":7,"turns":4},{"damage":0,"enemies":"3 Louse","floor":11,"turns":2},{"damage":30,"enemies":"Gremlin Nob","floor":14,"turns":5},{"damage":68,"enemies":"Hexaghost","floor":16,"turns":12}],"event_choices":[{"event_name":"Scrap Ooze","player_choice":"success","floor":5,"damage_taken":7},{"event_name":"Liars Game","player_choice":"agreed","floor":10,"damage_taken":0},{"event_name":"Mushrooms","player_choice":"Healed and dodged fight","floor":13,"damage_taken":0}],"boss_relics":[],"potions_floor_spawned":[6,14],"seed_played":"-4855213097590651102","killed_by":"Hexaghost","ascension_level":0,"is_trial":false}