{"gold_per_floor":[366,382,37,2,12,46,57,82,107,107,118,118,147,147,147,224,224,240,257,292,309,42,74,89,118,118,118,118,130,130,162,162,162],"floor_reached":33,"playtime":1788,"items_purged":["Decay","Strike_R"],"score":800,"play_id":"64fc7d97-eb5e-472c-b374-133b27ec0678","local_time":"20190410141109","is_ascension_mode":true,"campfire_choices":[{"data":"Immolate","floor":10,"key":"SMITH"},{"data":"Bash","floor":12,"key":"SMITH"},{"data":"Limit Break","floor":15,"key":"SMITH"},{"floor":28,"key":"REST"},{"floor":30,"key":"REST"},{"floor":32,"key":"REST"}],"neow_cost":"CURSE","seed_source_timestamp":11079675930994,"circlet_count":0,"master_deck":["AscendersBane","Strike_R","Strike_R","Strike_R","Strike_R","Defend_R+1","Defend_R+1","Defend_R","Defend_R+1","Bash+1","Iron Wave","Headbutt","Sword Boomerang","Anger","Immolate+1","Shrug It Off+1","Thunderclap","Limit Break+1","Armaments"],"relics":["Burning Blood","Bag of Preparation","Red Skull","Happy Flower","Omamori","Ancient Tea Set","Fusion Hammer","Red Mask","Oddly Smooth Stone","War Paint","Sundial","Self Forming Clay","Kunai"],"potions_floor_usage":[6,11,13,18,19,23,25,31,33],"damage_taken":[{"damage":16,"enemies":"Jaw Worm","floor":1,"turns":4},{"damage":5,"enemies":"Small Slimes","floor":2,"turns":5},{"damage":1,"enemies":"2 Louse","floor":5,"turns":4},{"damage":20,"enemies":"Lagavulin","floor":6,"turns":5},{"damage":2,"enemies":"Looter","floor":7,"turns":3},{"damage":10,"enemies":"Gremlin Nob","floor":8,"turns":3},{"damage":2,"enemies":"Gremlin Gang","floor":11,"turns":3},{"damage":15,"enemies":"Lagavulin","floor":13,"turns":6},{"damage":0,"enemies":"Slime Boss","floor":16,"turns":4},{"damage":10,"enemies":"Spheric Guardian","floor":18,"turns":4},{"damage":8,"enemies":"3 Byrds","floor":19,"turns":2},{"damage":12,"enemies":"Masked Bandits","floor":20,"turns":2},{"damage":31,"enemies":"Shelled Parasite and Fungi","floor":21,"turns":5},{"damage":10,"enemies":"Book of Stabbing","floor":23,"turns":3},{"damage":18,"enemies":"Snake Plant","floor":24,"turns":3},{"damage":0,"enemies":"Slavers","floor":25,"turns":1},{"damage":26,"enemies":"Sentry and Sphere","floor":29,"turns":6},{"damage":50,"enemies":"Book of Stabbing","floor":31,"turns":5},{"damage":41,"enemies":"Collector","floor":33,"turns":7}],"seed_played":"8071262851665779732","potions_obtained":[{"floor":7,"key":"Weak Potion"},{"floor":8,"key":"Swift Potion"},{"floor":11,"key":"LiquidBronze"},{"floor":13,"key":"SkillPotion"},{"floor":16,"key":"Block Potion"},{"floor":19,"key":"Poison Potion"},{"floor":23,"key":"Fruit Juice"},{"floor":24,"key":"AttackPotion"},{"floor":29,"key":"Regen Potion"}],"is_trial":false,"path_per_floor":["M","M","$","?","M","E","M","E","T","R","M","R","E","?","R","B",null,"M","M","?","M","$","E","M","E","T","?","R","M","R","E","R","B"],"character_chosen":"IRONCLAD","items_purchased":["Bag of Preparation","Sword Boomerang","SteroidPotion","Oddly Smooth Stone"],"campfire_rested":3,"item_purchase_floors":[3,3,3,22],"current_hp_per_floor":[58,59,59,75,75,61,65,61,61,61,65,65,56,33,33,39,66,62,60,54,29,29,25,13,19,19,19,41,21,43,13,35,0],"gold":162,"neow_bonus":"TWO_FIFTY_GOLD","is_prod":false,"is_daily":false,"chose_seed":false,"campfire_upgraded":3,"win_rate":0,"timestamp":1554898269,"path_taken":["M","M","$","?","M","E","M","E","T","R","M","R","E","?","R","BOSS","M","M","?","M","$","E","M","E","T","?","R","?","R","E","R","BOSS"],"build_version":"2019-01-23","purchased_purges":2,"victory":false,"max_hp_per_floor":[75,75,75,75,75,75,75,75,75,75,75,75,75,75,75,75,75,75,75,75,75,75,75,75,75,75,75,75,75,75,75,75,80],"card_choices":[{"not_picked":["Perfected Strike","Blood for Blood"],"picked":"Iron Wave","floor":1},{"not_picked":["Armaments","Warcry"],"picked":"Headbutt","floor":2},{"not_picked":["Sentinel","Corruption"],"picked":"Anger","floor":5},{"not_picked":["Infernal Blade","True Grit"],"picked":"Immolate","floor":6},{"not_picked":["Rage","Dual Wield"],"picked":"Shrug It Off","floor":7},{"not_picked":["Blood for Blood","Entrench","Searing Blow"],"picked":"SKIP","floor":8},{"not_picked":["Clash","Warcry"],"picked":"Thunderclap","floor":11},{"not_picked":["Warcry","Metallicize"],"picked":"Limit Break","floor":13},{"not_picked":["Anger","Wild Strike","Clash"],"picked":"SKIP","floor":18},{"not_picked":["Anger","Body Slam"],"picked":"Armaments","floor":19},{"not_picked":["Twin Strike+1","Second Wind","Headbutt"],"picked":"SKIP","floor":21},{"not_picked":["Second Wind","Clothesline","Flex"],"picked":"SKIP","floor":23},{"not_picked":["Heavy Blade","Twin Strike","True Grit"],"picked":"SKIP","floor":24},{"not_picked":["Cleave","Double Tap","Warcry"],"picked":"SKIP","floor":25},{"not_picked":["Pommel Strike","Wild Strike","Havoc"],"picked":"SKIP","floor":29},{"not_picked":["Warcry","Clothesline","Anger"],"picked":"SKIP","floor":31}],"player_experience":1101828,"relics_obtained":[{"floor":6,"key":"Red Skull"},{"floor":8,"key":"Happy Flower"},{"floor":9,"key":"Omamori"},{"floor":13,"key":"Ancient Tea Set"},{"floor":20,"key":"Red Mask"},{"floor":23,"key":"War Paint"},{"floor":25,"key":"Sundial"},{"floor":26,"key":"Self Forming Clay"},{"floor":31,"key":"Kunai"}],"event_choices":[{"damage_healed":18,"gold_gain":0,"player_choice":"Healed","damage_taken":0,"max_hp_gain":0,"max_hp_loss":0,"event_name":"The Cleric","floor":4,"gold_loss":35},{"damage_healed":0,"gold_gain":0,"player_choice":"Entered Light","damage_taken":23,"max_hp_gain":0,"max_hp_loss":0,"event_name":"Shining Light","floor":14,"gold_loss":0,"cards_upgraded":["Defend_R","Defend_R"]},{"damage_healed":0,"gold_gain":0,"player_choice":"Fought Bandits","damage_taken":0,"max_hp_gain":0,"max_hp_loss":0,"event_name":"Masked Bandits","floor":20,"gold_loss":0},{"damage_healed":0,"gold_gain":0,"player_choice":"Ignored","damage_taken":0,"max_hp_gain":0,"max_hp_loss":0,"event_name":"The Mausoleum","floor":27,"gold_loss":0}],"is_beta":false,"boss_relics":[{"not_picked":["Velvet Choker","Sozu"],"picked":"Fusion Hammer"}],"items_purged_floors":[3,22],"is_endless":false,"potions_floor_spawned":[7,8,11,13,16,19,23,24,29],"killed_by":"Collector","ascension_level":20}