{"gold_per_floor":[17,17,36,111,130,130,164,164,164,164,202,202,222,13,13,13],"floor_reached":16,"playtime":815,"items_purged":["Strike_G"],"score":216,"play_id":"4b22dc18-e4b8-423f-baa0-2bfe27a0fb6b","local_time":"20190420182522","is_ascension_mode":true,"campfire_choices":[{"data":"Crippling Poison","floor":6,"key":"SMITH"},{"data":"Neutralize","floor":8,"key":"SMITH"},{"floor":10,"key":"REST"},{"floor":15,"key":"REST"}],"neow_cost":"NO_GOLD","seed_source_timestamp":21167745611405,"circlet_count":0,"master_deck":["AscendersBane","Defend_G","Defend_G","Defend_G","Defend_G","Defend_G","Strike_G","Strike_G","Strike_G","Survivor","Neutralize+1","Crippling Poison+1","Flying Knee","Masterful Stab","Cloak And Dagger+1","PiercingWail+1","Well Laid Plans"],"relics":["Ring of the Snake","Mango","Golden Idol","Gambling Chip","Toxic Egg 2","Snake Skull"],"potions_floor_usage":[11,16],"damage_taken":[{"damage":0,"enemies":"2 Louse","floor":1,"turns":5},{"damage":2,"enemies":"Jaw Worm","floor":3,"turns":6},{"damage":0,"enemies":"Small Slimes","floor":5,"turns":4},{"damage":56,"enemies":"3 Sentries","floor":7,"turns":15},{"damage":22,"enemies":"Gremlin Nob","floor":11,"turns":4},{"damage":0,"enemies":"Red Slaver","floor":13,"turns":4},{"damage":32,"enemies":"Slime Boss","floor":16,"turns":7}],"seed_played":"8986001634627108225","potions_obtained":[{"floor":3,"key":"SmokeBomb"},{"floor":5,"key":"LiquidBronze"}],"is_trial":false,"path_per_floor":["M","?","M","?","M","R","E","R","T","R","E","?","M","$","R","B"],"character_chosen":"THE_SILENT","items_purchased":["Well Laid Plans","SteroidPotion"],"campfire_rested":2,"item_purchase_floors":[14,14],"current_hp_per_floor":[73,72,70,59,59,59,3,3,3,24,2,2,2,2,23,0],"gold":13,"neow_bonus":"ONE_RARE_RELIC","is_prod":false,"is_daily":false,"chose_seed":false,"campfire_upgraded":2,"win_rate":0,"timestamp":1555777522,"path_taken":["M","?","M","?","M","R","E","R","T","R","E","?","M","$","R","BOSS"],"build_version":"2019-01-23","purchased_purges":1,"victory":false,"max_hp_per_floor":[80,72,72,72,72,72,72,72,72,72,72,72,72,72,72,72],"card_choices":[{"not_picked":["Blade Dance","Bane","Sucker Punch"],"picked":"SKIP","floor":1},{"not_picked":["Cloak And Dagger","Masterful Stab"],"picked":"Crippling Poison","floor":3},{"not_picked":["Slice","Underhanded Strike"],"picked":"Flying Knee","floor":5},{"not_picked":["Dodge and Roll","Concentrate"],"picked":"Masterful Stab","floor":7},{"not_picked":["Bullet Time+1","Deflect+1"],"picked":"Cloak And Dagger+1","floor":11},{"not_picked":["Prepared+1","Backflip+1"],"picked":"PiercingWail+1","floor":13}],"player_experience":1187440,"relics_obtained":[{"floor":7,"key":"Gambling Chip"},{"floor":9,"key":"Toxic Egg 2"},{"floor":11,"key":"Snake Skull"}],"event_choices":[{"damage_healed":0,"gold_gain":0,"player_choice":"Lose Max HP","damage_taken":0,"relics_obtained":["Golden Idol"],"max_hp_gain":0,"max_hp_loss":8,"event_name":"Golden Idol","floor":2,"gold_loss":0},{"damage_healed":0,"gold_gain":75,"player_choice":"Gather Gold","damage_taken":11,"max_hp_gain":0,"max_hp_loss":0,"event_name":"World of Goop","floor":4,"gold_loss":0},{"cards_removed":["Strike_G"],"damage_healed":0,"gold_gain":0,"player_choice":"Forget","damage_taken":0,"max_hp_gain":0,"max_hp_loss":0,"event_name":"Living Wall","floor":12,"gold_loss":0}],"is_beta":false,"boss_relics":[],"items_purged_floors":[14],"is_endless":false,"potions_floor_spawned":[3,5],"killed_by":"Slime Boss","ascension_level":20}