{"gold_per_floor":[215,229,20,37,48,74,74,100,100,100,119,119,136,36,36,112,112,112,112,112,112,112,112,112],"floor_reached":24,"playtime":867,"items_purged":["Strike_R","Strike_R"],"score":412,"play_id":"45a38073-dfa5-4c96-ba44-e92bc2b40568","local_time":"20190617224235","is_ascension_mode":true,"campfire_choices":[{"data":"Combust","floor":7,"key":"SMITH"},{"data":"Bash","floor":10,"key":"SMITH"},{"floor":12,"key":"REST"},{"data":"Demon Form","floor":15,"key":"SMITH"},{"floor":23,"key":"REST"}],"neow_cost":"NONE","seed_source_timestamp":35533485171384,"circlet_count":0,"master_deck":["AscendersBane","Strike_R","Strike_R","Defend_R","Defend_R","Defend_R","Defend_R","Bash+1","Anger","Clothesline","Combust+1","Feel No Pain","Demon Form+1","Juggernaut","True Grit","Metallicize","Juggernaut"],"relics":["Burning Blood","Dream Catcher","Happy Flower","Paper Frog","Ectoplasm"],"potions_floor_usage":[16,21],"damage_taken":[{"damage":6,"enemies":"Small Slimes","floor":1,"turns":4},{"damage":2,"enemies":"Cultist","floor":2,"turns":4},{"damage":5,"enemies":"Jaw Worm","floor":4,"turns":5},{"damage":11,"enemies":"Exordium Thugs","floor":5,"turns":4},{"damage":20,"enemies":"3 Sentries","floor":6,"turns":7},{"damage":31,"enemies":"Lagavulin","floor":8,"turns":7},{"damage":12,"enemies":"Blue Slaver","floor":11,"turns":3},{"damage":2,"enemies":"Exordium Wildlife","floor":13,"turns":2},{"damage":39,"enemies":"The Guardian","floor":16,"turns":8},{"damage":18,"enemies":"3 Byrds","floor":18,"turns":4},{"damage":20,"enemies":"Shell Parasite","floor":21,"turns":4},{"damage":50,"enemies":"Gremlin Leader","floor":24,"turns":4}],"seed_played":"2993115169142215853","potions_obtained":[{"floor":1,"key":"SkillPotion"},{"floor":4,"key":"Ancient Potion"},{"floor":5,"key":"Fire Potion"},{"floor":16,"key":"Energy Potion"},{"floor":18,"key":"FearPotion"}],"is_trial":false,"path_per_floor":["M","M","$","M","M","E","R","E","T","R","M","R","M","$","R","B",null,"M","?","?","M","?","R","E"],"character_chosen":"IRONCLAD","items_purchased":["Combust","Fire Potion"],"campfire_rested":2,"item_purchase_floors":[3,3],"current_hp_per_floor":[68,72,72,73,68,54,54,29,29,29,23,45,49,49,49,16,60,48,48,41,27,27,49,0],"gold":112,"neow_bonus":"HUNDRED_GOLD","is_prod":false,"is_daily":false,"chose_seed":false,"campfire_upgraded":3,"win_rate":0,"timestamp":1560804155,"path_taken":["M","M","$","M","M","E","R","E","T","R","M","R","M","$","R","BOSS","M","?","?","?","?","R","E"],"build_version":"2019-01-23","purchased_purges":2,"victory":false,"max_hp_per_floor":[75,75,75,75,75,75,75,75,75,75,75,75,75,75,75,75,75,75,75,75,75,75,75,75],"card_choices":[{"not_picked":["Sever Soul","Flex"],"picked":"Anger","floor":1},{"not_picked":["Flex","Twin Strike"],"picked":"Clothesline","floor":2},{"not_picked":["Flame Barrier","Warcry"],"picked":"Feel No Pain","floor":4},{"not_picked":["Warcry","Twin Strike","Headbutt"],"picked":"SKIP","floor":5},{"not_picked":["Blood for Blood","Sword Boomerang","Clothesline"],"picked":"SKIP","floor":6},{"not_picked":["Thunderclap","Iron Wave"],"picked":"Demon Form","floor":8},{"not_picked":["Cleave","Pommel Strike","Twin Strike"],"picked":"SKIP","floor":11},{"not_picked":["Flex","Seeing Red","Pummel"],"picked":"SKIP","floor":13},{"not_picked":["Exhume","Bludgeon"],"picked":"Juggernaut","floor":16},{"not_picked":["Heavy Blade","Armaments"],"picked":"True Grit","floor":18},{"not_picked":["Anger","Clash"],"picked":"Metallicize","floor":21},{"not_picked":["Iron Wave","Anger"],"picked":"Juggernaut","floor":23}],"player_experience":1403182,"relics_obtained":[{"floor":6,"key":"Dream Catcher"},{"floor":8,"key":"Happy Flower"},{"floor":9,"key":"Paper Frog"}],"event_choices":[{"damage_healed":0,"gold_gain":0,"player_choice":"Ignored","damage_taken":0,"max_hp_gain":0,"max_hp_loss":0,"event_name":"The Mausoleum","floor":19,"gold_loss":0},{"damage_healed":0,"gold_gain":0,"player_choice":"","damage_taken":7,"max_hp_gain":0,"max_hp_loss":0,"event_name":"Knowing Skull","floor":20,"potions_obtained":[],"gold_loss":0,"cards_obtained":[]},{"cards_removed":["Strike_R"],"damage_healed":0,"gold_gain":0,"player_choice":"Purged","damage_taken":0,"max_hp_gain":0,"max_hp_loss":0,"event_name":"Purifier","floor":22,"gold_loss":0}],"is_beta":false,"boss_relics":[{"not_picked":["Runic Pyramid","Calling Bell"],"picked":"Ectoplasm"}],"items_purged_floors":[3,14],"is_endless":false,"potions_floor_spawned":[1,4,5,11,16,18],"killed_by":"Gremlin Leader","ascension_level":20}