{"gold_per_floor":[10,21,33,33,51,51,83,83,83,83,8,39,39,39,39,138,138,157,157,157,170,170],"floor_reached":22,"playtime":1116,"items_purged":["Strike_R"],"score":317,"play_id":"900b0fe0-2453-4ce7-a59c-0f9c6004a04d","local_time":"20190505100008","is_ascension_mode":true,"campfire_choices":[{"data":"Trip","floor":6,"key":"SMITH"},{"floor":10,"key":"REST"},{"floor":15,"key":"REST"}],"neow_cost":"NO_GOLD","seed_source_timestamp":1451398267921263,"circlet_count":0,"master_deck":["AscendersBane","Strike_R","Strike_R","Strike_R","Strike_R","Defend_R","Defend_R","Defend_R","Defend_R+1","Bash","Jack Of All Trades","Trip+1","Disarm","Body Slam+1","Dropkick+1","Headbutt","Metallicize","Barricade","Inflame"],"relics":["Burning Blood","Bottled Lightning","Ornamental Fan","The Courier","Golden Idol","Runic Pyramid"],"potions_floor_usage":[12,21],"damage_taken":[{"damage":2,"enemies":"Jaw Worm","floor":1,"turns":6},{"damage":0,"enemies":"Small Slimes","floor":2,"turns":4},{"damage":3,"enemies":"2 Louse","floor":3,"turns":3},{"damage":1,"enemies":"2 Fungi Beasts","floor":5,"turns":3},{"damage":44,"enemies":"Lagavulin","floor":7,"turns":9},{"damage":14,"enemies":"3 Sentries","floor":12,"turns":6},{"damage":14,"enemies":"The Guardian","floor":16,"turns":13},{"damage":19,"enemies":"Chosen","floor":18,"turns":6},{"damage":42,"enemies":"Shell Parasite","floor":21,"turns":6},{"damage":21,"enemies":"Shelled Parasite and Fungi","floor":22,"turns":2}],"seed_played":"9158719123882181127","potions_obtained":[{"floor":7,"key":"AttackPotion"},{"floor":12,"key":"FearPotion"},{"floor":16,"key":"Ancient Potion"}],"is_trial":false,"path_per_floor":["M","M","M","?","M","R","E","?","T","R","$","E","?","?","R","B",null,"M","?","?","M","M"],"character_chosen":"IRONCLAD","items_purchased":[],"campfire_rested":2,"item_purchase_floors":[],"current_hp_per_floor":[76,80,80,80,80,80,42,26,26,50,50,42,42,42,64,56,70,57,57,57,21,0],"gold":170,"neow_bonus":"RANDOM_COLORLESS_2","is_prod":false,"is_daily":false,"chose_seed":false,"campfire_upgraded":1,"win_rate":0,"timestamp":1557061208,"path_taken":["M","M","M","?","M","R","E","?","T","R","$","E","?","?","R","BOSS","M","?","?","M","M"],"build_version":"2019-01-23","purchased_purges":1,"victory":false,"max_hp_per_floor":[80,80,80,80,80,80,80,80,80,80,80,80,74,74,74,74,74,74,74,74,74,74],"card_choices":[{"not_picked":["Armaments","True Grit"],"picked":"Disarm","floor":1},{"not_picked":["Havoc","Fire Breathing","Clothesline"],"picked":"SKIP","floor":2},{"not_picked":["Clothesline","Burning Pact"],"picked":"Body Slam","floor":3},{"not_picked":["Wild Strike","Bludgeon"],"picked":"Dropkick","floor":5},{"not_picked":["Sentinel","Bloodletting"],"picked":"Headbutt","floor":7},{"not_picked":["Intimidate","Power Through"],"picked":"Metallicize","floor":12},{"not_picked":["Brutality","Feed"],"picked":"Barricade","floor":16},{"not_picked":["Clothesline+1","True Grit","Thunderclap"],"picked":"SKIP","floor":18},{"not_picked":["Perfected Strike","Anger","Hemokinesis"],"picked":"SKIP","floor":21}],"player_experience":693207,"relics_obtained":[{"floor":7,"key":"Bottled Lightning"},{"floor":9,"key":"Ornamental Fan"},{"floor":12,"key":"The Courier"}],"event_choices":[{"damage_healed":0,"gold_gain":0,"player_choice":"Grow","damage_taken":0,"max_hp_gain":0,"max_hp_loss":0,"event_name":"Living Wall","floor":4,"gold_loss":0,"cards_upgraded":["Body Slam"]},{"damage_healed":0,"gold_gain":0,"player_choice":"Entered Light","damage_taken":16,"max_hp_gain":0,"max_hp_loss":0,"event_name":"Shining Light","floor":8,"gold_loss":0,"cards_upgraded":["Defend_R","Dropkick"]},{"damage_healed":0,"gold_gain":0,"player_choice":"Lose Max HP","damage_taken":0,"relics_obtained":["Golden Idol"],"max_hp_gain":0,"max_hp_loss":6,"event_name":"Golden Idol","floor":13,"gold_loss":0},{"damage_healed":0,"gold_gain":0,"player_choice":"Ignored","damage_taken":0,"max_hp_gain":0,"max_hp_loss":0,"event_name":"Liars Game","floor":14,"gold_loss":0},{"damage_healed":0,"gold_gain":0,"player_choice":"Ignored","damage_taken":0,"max_hp_gain":0,"max_hp_loss":0,"event_name":"Vampires","floor":19,"gold_loss":0},{"damage_healed":0,"gold_gain":0,"player_choice":"Read","damage_taken":0,"max_hp_gain":0,"max_hp_loss":0,"event_name":"The Library","floor":20,"gold_loss":0,"cards_obtained":["Inflame"]}],"is_beta":false,"boss_relics":[{"not_picked":["Black Star","Calling Bell"],"picked":"Runic Pyramid"}],"items_purged_floors":[11],"is_endless":false,"potions_floor_spawned":[7,12,16],"killed_by":"Shelled Parasite and Fungi","ascension_level":13}