{"gold_per_floor":[113,123,141,141,141,141,171,188,188,188,203,15,15,29,29,128,128,141,157,157,176,126,126,0,0,0,0,0,0,14,113,113,213,213,224,247,247,4,22,22,42,54,79,90,90,40,40,54,54,54],"floor_reached":50,"playtime":3140,"items_purged":["Defend_B","Strike_B","Strike_B"],"score":467,"play_id":"b3ea0b28-e382-4e2c-8777-8bff631bb973","local_time":"20180627161417","is_ascension_mode":false,"campfire_choices":[{"data":"Redo","floor":6.0,"key":"SMITH"},{"floor":10.0,"key":"REST"},{"data":"Darkness","floor":15.0,"key":"SMITH"},{"data":"Biased Cognition","floor":23.0,"key":"SMITH"},{"floor":28.0,"key":"REST"},{"data":"Buffer","floor":32.0,"key":"SMITH"},{"data":"Defragment","floor":40,"key":"SMITH"},{"data":"Redo","floor":47,"key":"SMITH"},{"floor":49,"key":"REST"}],"neow_cost":"","seed_source_timestamp":0,"circlet_count":0,"master_deck":["Strike_B+1","Strike_B+1","Defend_B","Defend_B+1","Defend_B","Zap+1","Dualcast","Leap","Redo+1","Steam","Electrodynamics","Coolheaded","Heatsinks","Glacier+1","Static Discharge","Undo","Dark Shackles","Darkness+1","Biased Cognition+1","Conserve Battery","Sweeping Beam+1","Defragment+1","Doom and Gloom","Buffer+1","Fission","Coolheaded","Blizzard+1","Redo+1","BootSequence","Streamline+1","Chaos+1"],"special_seed":17704,"relics":["Cracked Core","Bag of Marbles","Dream Catcher","Smiling Mask","Orichalcum","War Paint","Black Star","Oddly Smooth Stone","Nuclear Battery","Bag of Preparation","Letter Opener","Whetstone","Boot"],"potions_floor_usage":[41,41,50],"damage_taken":[{"damage":10.0,"enemies":"Cultist","floor":1.0,"turns":4.0},{"damage":0.0,"enemies":"2 Louse","floor":2.0,"turns":2.0},{"damage":0.0,"enemies":"Small Slimes","floor":3.0,"turns":4.0},{"damage":36.0,"enemies":"Gremlin Nob","floor":7.0,"turns":5.0},{"damage":6.0,"enemies":"Blue Slaver","floor":8.0,"turns":2.0},{"damage":2.0,"enemies":"Exordium Wildlife","floor":11.0,"turns":4.0},{"damage":0.0,"enemies":"Lots of Slimes","floor":14.0,"turns":6.0},{"damage":18.0,"enemies":"The Guardian","floor":16.0,"turns":10.0},{"damage":17.0,"enemies":"Spheric Guardian","floor":18.0,"turns":7.0},{"damage":0.0,"enemies":"Shell Parasite","floor":19.0,"turns":10.0},{"damage":1.0,"enemies":"Snecko","floor":21.0,"turns":5.0},{"damage":0.0,"enemies":"Snake Plant","floor":30.0,"turns":4.0},{"damage":52.0,"enemies":"Automaton","floor":33.0,"turns":12.0},{"damage":6.0,"enemies":"3 Shapes","floor":35.0,"turns":3.0},{"damage":3,"enemies":"Orb Walker","floor":39,"turns":4},{"damage":14,"enemies":"Maw","floor":41,"turns":8},{"damage":3,"enemies":"4 Shapes","floor":42,"turns":3},{"damage":5,"enemies":"Sphere and 2 Shapes","floor":44,"turns":6},{"damage":1,"enemies":"3 Darklings","floor":48,"turns":3},{"damage":72,"enemies":"Time Eater","floor":50,"turns":12}],"seed_played":"5313724895422661463","potions_obtained":[{"floor":7.0,"key":"Ancient Potion"},{"floor":11.0,"key":"Weak Potion"},{"floor":14.0,"key":"LiquidBronze"},{"floor":16.0,"key":"SkillPotion"},{"floor":21.0,"key":"PowerPotion"},{"floor":30.0,"key":"SpeedPotion"},{"floor":33.0,"key":"SpeedPotion"},{"floor":35,"key":"SpeedPotion"},{"floor":39,"key":"SkillPotion"},{"floor":48,"key":"AttackPotion"}],"is_trial":false,"path_per_floor":["M","M","M","T","?","R","E","M","T","R","M","$","?","M","R","B",null,"M","M","?","M","$","R","$","$","T","?","R","$","M","?","R","B",null,"M","T","?","$","M","R","M","M","T","M","T","$","R","M","R"],"character_chosen":"DEFECT","items_purchased":["Static Discharge","War Paint","Defragment","Letter Opener"],"campfire_rested":3,"item_purchase_floors":[],"current_hp_per_floor":[65,65,65,65,65,65,29,23,23,45,43,43,43,43,43,25,75,58,58,58,57,57,57,57,57,57,43,67,67,67,67,67,15,80,74,74,74,74,71,71,57,54,54,49,49,49,49,48,72,0],"gold":54,"neow_bonus":"","is_prod":false,"is_daily":false,"chose_seed":false,"campfire_upgraded":6,"win_rate":0.0,"timestamp":1530126857,"path_taken":["M","M","M","?","?","R","E","M","T","R","?","$","?","M","R","BOSS","M","M","?","M","$","R","?","$","T","?","R","?","?","?","R","BOSS","M","?","?","$","M","R","M","M","T","M","?","?","R","?","R","BOSS"],"build_version":"2018-06-21v2","purchased_purges":3,"victory":false,"max_hp_per_floor":[75,75,75,75,75,75,75,75,75,75,75,75,75,75,75,75,75,75,75,75,75,75,75,75,75,75,80,80,80,80,80,80,80,80,80,80,80,80,80,80,80,80,80,80,80,80,80,80,80,80],"card_choices":[{"not_picked":["Sweeping Beam","Stack"],"picked":"Leap","floor":1.0},{"not_picked":["Sweeping Beam","Conserve Battery"],"picked":"Redo","floor":2.0},{"not_picked":["Consume","Barrage"],"picked":"Steam","floor":3.0},{"not_picked":["Scrape","Static Discharge"],"picked":"Electrodynamics","floor":7.0},{"not_picked":["Beam Cell","Hello World"],"picked":"Coolheaded","floor":8.0},{"not_picked":["Leap","Rip and Tear"],"picked":"Heatsinks","floor":10.0},{"not_picked":["Rebound","Leap"],"picked":"Glacier","floor":11.0},{"not_picked":["Sweeping Beam","Beam Cell"],"picked":"Darkness","floor":14.0},{"not_picked":["Amplify","Rainbow"],"picked":"Biased Cognition","floor":16.0},{"not_picked":["Steam","Tempest","Leap"],"picked":"SKIP","floor":18.0},{"not_picked":["Hologram+1","Steam"],"picked":"Conserve Battery","floor":19.0},{"not_picked":["Streamline","Hologram"],"picked":"Sweeping Beam+1","floor":21.0},{"not_picked":["Go for the Eyes","Streamline+1"],"picked":"Doom and Gloom","floor":28.0},{"not_picked":["Aggregate+1","Steam Power"],"picked":"Buffer","floor":30.0},{"not_picked":["Biased Cognition","All For One"],"picked":"Fission","floor":33.0},{"not_picked":["Hologram","Lockon+1"],"picked":"Coolheaded","floor":35},{"not_picked":["Coolheaded","Steam+1"],"picked":"Blizzard+1","floor":39},{"not_picked":["Rebound","Sweeping Beam+1"],"picked":"Redo","floor":41},{"not_picked":["Barrage+1","Compile Driver+1"],"picked":"BootSequence","floor":42},{"not_picked":["Heatsinks+1","Sweeping Beam+1"],"picked":"Streamline+1","floor":44},{"not_picked":["Coolheaded","Aggregate","Scrape"],"picked":"SKIP","floor":48},{"not_picked":["Compile Driver","Rainbow"],"picked":"Chaos+1","floor":49}],"player_experience":306744,"relics_obtained":[{"floor":4.0,"key":"Dream Catcher"},{"floor":7.0,"key":"Smiling Mask"},{"floor":9.0,"key":"Orichalcum"},{"floor":26.0,"key":"Oddly Smooth Stone"},{"floor":36,"key":"Bag of Preparation"},{"floor":43,"key":"Whetstone"},{"floor":45,"key":"Boot"}],"event_choices":[{"event_name":"Living Wall","player_choice":"Grow","floor":5.0,"damage_taken":0.0},{"event_name":"Match and Keep!","player_choice":"2 cards matched","floor":13.0,"damage_taken":0.0},{"event_name":"Vampires","player_choice":"Ignored","floor":20.0,"damage_taken":0.0},{"event_name":"Forgotten Altar","player_choice":"Shed Blood","floor":27.0,"damage_taken":0.0},{"event_name":"Nest","player_choice":"Stole From Cult","floor":31.0,"damage_taken":0.0},{"event_name":"Mysterious Sphere","player_choice":"Ignore","floor":37,"damage_taken":0}],"boss_relics":[{"not_picked":["Fusion Hammer","Ectoplasm"],"picked":"Black Star"},{"not_picked":["Tiny House","White Beast Statue"],"picked":"Nuclear Battery"}],"items_purged_floors":[],"is_endless":false,"potions_floor_spawned":[7,11,14,16,21,30,33,35,39,48],"killed_by":"Time Eater","ascension_level":0}