{"gold_per_floor":[209,221,234,46,64,91,91,117,140,172,184,184,215,215,215,317,317,329,349,363,378,378,413,413,423,473,473,75,110,110,110,110,209,209,228,246,246,246,266,266,277,277,329,355,355,369,396,396,396,396],"floor_reached":50,"playtime":3625,"items_purged":[],"score":800,"play_id":"406a35c4-8262-4045-a251-18749b4deccf","local_time":"20190604075327","is_ascension_mode":true,"campfire_choices":[{"data":"Sunder","floor":7,"key":"SMITH"},{"data":"Fusion","floor":12,"key":"SMITH"},{"floor":15,"key":"REST"},{"floor":24,"key":"REST"},{"floor":32,"key":"REST"},{"floor":40,"key":"REST"},{"floor":42,"key":"REST"},{"floor":45,"key":"REST"},{"floor":49,"key":"REST"}],"neow_cost":"NONE","seed_source_timestamp":1466552810212836,"circlet_count":0,"master_deck":["Strike_B","Strike_B","Strike_B","Defend_B","Defend_B","Defend_B","Defend_B","Zap","Dualcast","Glacier","Redo","Cold Snap+1","Sunder+1","Coolheaded","Core Surge","Fusion+1","Meteor Strike","Seek","Blizzard","Sweeping Beam","Apotheosis+1","Necronomicurse","Streamline+1","Machine Learning","Injury","All For One","Redo+1","Compile Driver+1","Shame","Go for the Eyes+1","Sunder+1","Glacier+1"],"relics":["Cracked Core","Lantern","Pantograph","Omamori","Smiling Mask","Ancient Tea Set","Matryoshka","Cursed Key","Boot","Strawberry","PreservedInsect","Regal Pillow","Potion Belt","Dream Catcher","Necronomicon","Black Star","Meat on the Bone","Vajra","Toxic Egg 2","Blood Vial","Whetstone","FossilizedHelix"],"potions_floor_usage":[6,8,8,16,19,19,20,21,27,29,33,36,41,47,47],"damage_taken":[{"damage":0,"enemies":"Cultist","floor":1,"turns":4},{"damage":1,"enemies":"Jaw Worm","floor":2,"turns":4},{"damage":0,"enemies":"Small Slimes","floor":3,"turns":3},{"damage":0,"enemies":"2 Fungi Beasts","floor":5,"turns":4},{"damage":16,"enemies":"Gremlin Nob","floor":6,"turns":3},{"damage":3,"enemies":"Lagavulin","floor":8,"turns":10},{"damage":0,"enemies":"3 Sentries","floor":10,"turns":8},{"damage":9,"enemies":"Red Slaver","floor":11,"turns":3},{"damage":10,"enemies":"Lagavulin","floor":13,"turns":9},{"damage":13,"enemies":"The Guardian","floor":16,"turns":12},{"damage":10,"enemies":"Chosen","floor":18,"turns":8},{"damage":3,"enemies":"2 Thieves","floor":19,"turns":4},{"damage":9,"enemies":"Centurion and Healer","floor":20,"turns":5},{"damage":2,"enemies":"Shelled Parasite and Fungi","floor":21,"turns":6},{"damage":39,"enemies":"Slavers","floor":23,"turns":7},{"damage":5,"enemies":"Cultist and Chosen","floor":25,"turns":4},{"damage":0,"enemies":"Gremlin Leader","floor":27,"turns":2},{"damage":5,"enemies":"Book of Stabbing","floor":29,"turns":6},{"damage":34,"enemies":"Collector","floor":33,"turns":8},{"damage":28,"enemies":"3 Darklings","floor":35,"turns":5},{"damage":9,"enemies":"Orb Walker","floor":36,"turns":3},{"damage":25,"enemies":"Spire Growth","floor":39,"turns":5},{"damage":51,"enemies":"Writhing Mass","floor":41,"turns":5},{"damage":43,"enemies":"Giant Head","floor":44,"turns":6},{"damage":28,"enemies":"3 Darklings","floor":46,"turns":5},{"damage":44,"enemies":"Reptomancer","floor":47,"turns":7},{"damage":89,"enemies":"Time Eater","floor":50,"turns":11}],"seed_played":"2903004841643787463","potions_obtained":[{"floor":1,"key":"FearPotion"},{"floor":3,"key":"FearPotion"},{"floor":6,"key":"Weak Potion"},{"floor":10,"key":"SmokeBomb"},{"floor":13,"key":"SkillPotion"},{"floor":18,"key":"EntropicBrew"},{"floor":20,"key":"PowerPotion"},{"floor":23,"key":"Explosive Potion"},{"floor":33,"key":"Ancient Potion"},{"floor":35,"key":"Swift Potion"},{"floor":39,"key":"AttackPotion"},{"floor":44,"key":"Weak Potion"}],"is_trial":false,"path_per_floor":["M","M","M","$","M","E","R","E","T","E","M","R","E","?","R","B",null,"M","M","M","M","T","E","R","M","T","E","$","E","?","?","R","B",null,"M","M","T","?","M","R","M","R","T","E","R","M","E","?","R","B"],"character_chosen":"DEFECT","items_purchased":["Lantern","Sunder","Apotheosis","Potion Belt","PowerPotion"],"campfire_rested":7,"item_purchase_floors":[4,4,28,28,28],"current_hp_per_floor":[68,67,67,67,67,51,51,48,48,48,39,39,29,29,51,62,72,62,59,50,48,48,16,40,35,35,35,35,30,14,14,53,44,73,45,36,36,36,23,62,23,62,62,31,70,44,14,14,53,0],"gold":396,"neow_bonus":"HUNDRED_GOLD","is_prod":false,"is_daily":false,"chose_seed":false,"campfire_upgraded":2,"win_rate":0,"timestamp":1559645607,"path_taken":["M","M","M","$","M","E","R","E","T","E","M","R","E","?","R","BOSS","M","?","M","M","?","E","R","M","T","E","?","E","?","?","R","BOSS","M","M","?","?","M","R","M","R","T","E","R","?","E","?","R","BOSS"],"build_version":"2019-01-23","purchased_purges":0,"victory":false,"max_hp_per_floor":[75,75,75,75,75,75,75,75,75,75,75,75,75,75,75,75,75,75,75,75,75,75,82,82,82,82,82,82,82,82,82,82,82,82,82,82,82,82,82,82,82,82,82,82,82,82,82,82,82,82],"card_choices":[{"not_picked":["Skim","Barrage"],"picked":"Glacier","floor":1},{"not_picked":["Aggregate","White Noise"],"picked":"Redo","floor":2},{"not_picked":["Redo","Recycle"],"picked":"Cold Snap","floor":3},{"not_picked":["Hologram","Double Energy","Lockon"],"picked":"SKIP","floor":5},{"not_picked":["Rebound","Biased Cognition"],"picked":"Coolheaded","floor":6},{"not_picked":["Lockon","Recycle","Turbo"],"picked":"SKIP","floor":8},{"not_picked":["Machine Learning","Compile Driver"],"picked":"Core Surge","floor":10},{"not_picked":["Streamline","Storm"],"picked":"Fusion","floor":11},{"not_picked":["Steam Power","Reprogram"],"picked":"Meteor Strike","floor":13},{"not_picked":["Rainbow","Multi-Cast"],"picked":"Seek","floor":16},{"not_picked":["Barrage","Darkness+1"],"picked":"Blizzard","floor":18},{"not_picked":["Stack","Steam","Sweeping Beam"],"picked":"SKIP","floor":19},{"not_picked":["Stack","Conserve Battery","Streamline"],"picked":"SKIP","floor":20},{"not_picked":["Reprogram","Barrage+1","Tempest+1"],"picked":"SKIP","floor":21},{"not_picked":["Hologram","Steam"],"picked":"Sweeping Beam","floor":23},{"not_picked":["Reinforced Body","Gash","Redo"],"picked":"SKIP","floor":25},{"not_picked":["Reinforced Body","Gash","Redo"],"picked":"SKIP","floor":25},{"not_picked":["Tempest+1","Conserve Battery","Stack"],"picked":"SKIP","floor":29},{"not_picked":["Go for the Eyes","Fusion+1"],"picked":"Streamline","floor":32},{"not_picked":["All For One","Amplify"],"picked":"Machine Learning","floor":33},{"not_picked":["Skim","Steam Power+1","Hologram"],"picked":"SKIP","floor":35},{"not_picked":["Sweeping Beam+1","Blizzard","Go for the Eyes+1"],"picked":"SKIP","floor":36},{"not_picked":["Double Energy","Leap+1","Heatsinks+1"],"picked":"SKIP","floor":39},{"not_picked":["Gash","Rebound"],"picked":"Redo+1","floor":40},{"not_picked":["Redo+1","Reprogram"],"picked":"Compile Driver+1","floor":41},{"not_picked":["All For One","Hologram+1"],"picked":"Go for the Eyes+1","floor":44},{"not_picked":["Leap+1","Doom and Gloom+1","Blizzard+1"],"picked":"SKIP","floor":46},{"not_picked":["Rebound","Coolheaded+1"],"picked":"Sunder+1","floor":47},{"not_picked":["Sweeping Beam+1","Chill+1"],"picked":"Glacier+1","floor":49}],"player_experience":893919,"relics_obtained":[{"floor":6,"key":"Pantograph"},{"floor":8,"key":"Omamori"},{"floor":9,"key":"Smiling Mask"},{"floor":10,"key":"Ancient Tea Set"},{"floor":13,"key":"Matryoshka"},{"floor":22,"key":"Boot"},{"floor":23,"key":"Strawberry"},{"floor":26,"key":"PreservedInsect"},{"floor":26,"key":"Regal Pillow"},{"floor":29,"key":"Dream Catcher"},{"floor":30,"key":"Necronomicon"},{"floor":37,"key":"Meat on the Bone"},{"floor":43,"key":"Vajra"},{"floor":44,"key":"Toxic Egg 2"},{"floor":44,"key":"Blood Vial"},{"floor":47,"key":"Whetstone"},{"floor":47,"key":"FossilizedHelix"}],"event_choices":[{"cards_removed":["Strike_B"],"damage_healed":0,"gold_gain":0,"player_choice":"Offered Basic","damage_taken":0,"max_hp_gain":0,"max_hp_loss":0,"event_name":"Bonfire Elementals","floor":14,"gold_loss":0},{"damage_healed":0,"gold_gain":0,"player_choice":"Obtained Book","damage_taken":16,"max_hp_gain":0,"max_hp_loss":0,"event_name":"Cursed Tome","floor":30,"gold_loss":0},{"damage_healed":0,"gold_gain":0,"player_choice":"Upgraded","damage_taken":0,"max_hp_gain":0,"max_hp_loss":0,"event_name":"Upgrade Shrine","floor":31,"gold_loss":0,"cards_upgraded":["Apotheosis"]},{"damage_healed":0,"gold_gain":0,"player_choice":"1 cards matched","damage_taken":0,"max_hp_gain":0,"max_hp_loss":0,"event_name":"Match and Keep!","floor":38,"gold_loss":0,"cards_obtained":["All For One"]},{"damage_healed":0,"gold_gain":0,"player_choice":"Ignored","damage_taken":0,"max_hp_gain":0,"max_hp_loss":0,"event_name":"Tomb of Lord Red Mask","floor":48,"gold_loss":0}],"is_beta":false,"boss_relics":[{"not_picked":["Runic Dome","Tiny House"],"picked":"Cursed Key"},{"not_picked":["Orrery","Astrolabe"],"picked":"Black Star"}],"items_purged_floors":[],"is_endless":false,"potions_floor_spawned":[1,3,6,10,13,18,20,23,33,35,39,44],"killed_by":"Time Eater","ascension_level":6}