{"gold_per_floor":[109,127,139,414,23,49,12,39,62,62,97,110,137,137,137,238,238,250,250,267,267,278,305,8,37,37,37,68,68,83,112,112,211,211,221,171,171,271,283,81,112,112,112,112,145,157,157,176,176,176,176,176,27,56,56],"floor_reached":56,"playtime":4766,"items_purged":["Regret","Defend_B","Defend_B","Defend_B"],"score":2028,"play_id":"d047b074-91f7-4038-bced-e1f5e2933d23","local_time":"20190609134651","is_ascension_mode":true,"campfire_choices":[{"floor":10,"key":"REST"},{"data":"Machine Learning","floor":15,"key":"SMITH"},{"floor":32,"key":"REST"},{"floor":42,"key":"RECALL"},{"data":"Creative AI","floor":44,"key":"SMITH"},{"data":"Capacitor","floor":47,"key":"SMITH"},{"data":"Thunder Strike","floor":49,"key":"SMITH"},{"data":"Ghostly","floor":52,"key":"SMITH"}],"neow_cost":"NONE","seed_source_timestamp":1918600845444450,"circlet_count":0,"master_deck":["Strike_B","Strike_B+1","Strike_B","Defend_B","Zap","Dualcast","Undo","Cold Snap+1","BootSequence","Electrodynamics","Machine Learning+1","FTL","Capacitor+1","Streamline","Coolheaded","Echo Form","Sweeping Beam","Ghostly+1","Ghostly","Ghostly","Ghostly","Ghostly","Ball Lightning","Leap+1","Defragment","Creative AI+1","Core Surge","Ghostly","Defragment","Thunder Strike+1"],"relics":["Cracked Core","Smiling Mask","Cables","Whetstone","DataDisk","Juzu Bracelet","Bottled Lightning","Nunchaku","Sozu","Nilry\u0027s Codex","Bottled Flame","Ornamental Fan","Bag of Marbles","Pear","Sundial","Orichalcum","Eternal Feather","Prayer Wheel","Bag of Preparation","Gremlin Horn","Oddly Smooth Stone","Art of War","Lantern"],"potions_floor_usage":[8,13,13,16,16],"damage_taken":[{"damage":2,"enemies":"Jaw Worm","floor":1,"turns":4},{"damage":1,"enemies":"Cultist","floor":2,"turns":4},{"damage":10,"enemies":"Small Slimes","floor":3,"turns":2},{"damage":10,"enemies":"3 Sentries","floor":6,"turns":3},{"damage":9,"enemies":"Lagavulin","floor":8,"turns":7},{"damage":7,"enemies":"3 Sentries","floor":11,"turns":4},{"damage":4,"enemies":"Red Slaver","floor":12,"turns":3},{"damage":0,"enemies":"Lagavulin","floor":13,"turns":5},{"damage":0,"enemies":"The Guardian","floor":16,"turns":9},{"damage":0,"enemies":"2 Thieves","floor":18,"turns":2},{"damage":0,"enemies":"Spheric Guardian","floor":20,"turns":4},{"damage":1,"enemies":"Centurion and Healer","floor":22,"turns":7},{"damage":5,"enemies":"Gremlin Leader","floor":23,"turns":7},{"damage":0,"enemies":"Slavers","floor":25,"turns":5},{"damage":2,"enemies":"Book of Stabbing","floor":28,"turns":7},{"damage":0,"enemies":"Snake Plant","floor":30,"turns":4},{"damage":0,"enemies":"Slavers","floor":31,"turns":4},{"damage":5,"enemies":"Automaton","floor":33,"turns":11},{"damage":0,"enemies":"3 Darklings","floor":35,"turns":6},{"damage":0,"enemies":"Mind Bloom Boss Battle","floor":38,"turns":8},{"damage":2,"enemies":"3 Shapes","floor":39,"turns":6},{"damage":0,"enemies":"Nemesis","floor":41,"turns":7},{"damage":0,"enemies":"Giant Head","floor":45,"turns":9},{"damage":0,"enemies":"Maw","floor":46,"turns":8},{"damage":0,"enemies":"Sphere and 2 Shapes","floor":48,"turns":6},{"damage":0,"enemies":"Time Eater","floor":50,"turns":13},{"damage":0,"enemies":"Shield and Spear","floor":54,"turns":8},{"damage":23,"enemies":"The Heart","floor":55,"turns":11}],"seed_played":"688285140097620041","potions_obtained":[{"floor":1,"key":"GamblersBrew"},{"floor":6,"key":"SpeedPotion"},{"floor":8,"key":"FearPotion"},{"floor":11,"key":"Dexterity Potion"},{"floor":12,"key":"AttackPotion"},{"floor":13,"key":"Weak Potion"}],"is_trial":false,"path_per_floor":["M","M","M","?","$","E","$","E","T","R","E","M","E","?","R","B",null,"M","?","M","?","M","E","$","E","T","$","E","?","M","E","R","B",null,"M","$","?","?","M","$","E","R","T","R","E","M","R","M","R","B",null,"R","$","E","B",null],"character_chosen":"DEFECT","items_purchased":["Electrodynamics","Cables","FTL","Ornamental Fan","Bag of Preparation","Art of War"],"campfire_rested":2,"item_purchase_floors":[5,5,7,24,40,53],"current_hp_per_floor":[66,65,55,55,55,45,45,36,36,58,51,47,47,47,47,47,68,68,37,37,21,20,15,15,15,25,25,23,16,16,16,31,26,46,46,46,46,46,44,44,44,52,52,52,52,52,52,52,52,52,52,52,52,52,29],"gold":56,"neow_bonus":"RANDOM_COMMON_RELIC","is_prod":false,"is_daily":false,"chose_seed":false,"campfire_upgraded":5,"win_rate":0,"timestamp":1560098811,"path_taken":["M","M","M","?","?","E","$","E","T","R","E","M","E","?","R","BOSS","M","?","M","?","M","E","$","E","T","$","E","?","M","E","R","BOSS","M","$","?","?","M","$","E","R","T","R","E","M","R","M","R","BOSS","R","$","E","BOSS"],"build_version":"2019-01-23","purchased_purges":4,"victory":true,"max_hp_per_floor":[75,75,75,75,75,75,75,75,75,75,75,75,75,75,75,75,75,75,37,37,37,37,37,37,37,47,47,47,52,52,52,52,52,52,52,52,52,52,52,52,52,52,52,52,52,52,52,52,52,52,52,52,52,52,52],"card_choices":[{"not_picked":["Chaos","Loop"],"picked":"Undo","floor":1},{"not_picked":["Sweeping Beam","Beam Cell"],"picked":"Cold Snap","floor":2},{"not_picked":["Skim","Redo"],"picked":"BootSequence","floor":3},{"not_picked":["Auto Shields","Barrage"],"picked":"Machine Learning","floor":6},{"not_picked":["Force Field","Redo","Hologram"],"picked":"SKIP","floor":8},{"not_picked":["Stack","Ball Lightning"],"picked":"Capacitor","floor":11},{"not_picked":["Redo","Scrape"],"picked":"Streamline","floor":12},{"not_picked":["Chaos","All For One"],"picked":"Coolheaded","floor":13},{"not_picked":["Hyperbeam","Meteor Strike"],"picked":"Echo Form","floor":16},{"not_picked":["Streamline","Turbo"],"picked":"Sweeping Beam","floor":18},{"not_picked":["Leap","Aggregate+1","Streamline+1"],"picked":"SKIP","floor":20},{"not_picked":["Reprogram+1","Cold Snap","Beam Cell+1"],"picked":"SKIP","floor":22},{"not_picked":["Storm","Coolheaded"],"picked":"Ball Lightning","floor":23},{"not_picked":["Force Field+1","Creative AI"],"picked":"Leap+1","floor":25},{"not_picked":["Stack","Storm"],"picked":"Defragment","floor":28},{"not_picked":["Darkness","Recycle+1","Chaos+1"],"picked":"SKIP","floor":30},{"not_picked":["Compile Driver+1","Aggregate"],"picked":"Creative AI","floor":31},{"not_picked":["Creative AI","Biased Cognition"],"picked":"Core Surge","floor":33},{"not_picked":["Rebound+1","Go for the Eyes","Beam Cell"],"picked":"SKIP","floor":35},{"not_picked":["Turbo","Coolheaded"],"picked":"Defragment","floor":39},{"not_picked":["Sweeping Beam+1","Double Energy+1","Rebound"],"picked":"SKIP","floor":39},{"not_picked":["Steam+1","Chaos"],"picked":"Thunder Strike","floor":41},{"not_picked":["Barrage","Darkness+1","Machine Learning"],"picked":"SKIP","floor":45},{"not_picked":["Steam Power","Double Energy","Cold Snap"],"picked":"SKIP","floor":46},{"not_picked":["Hologram+1","BootSequence","Self Repair+1"],"picked":"SKIP","floor":46},{"not_picked":["Gash","Barrage+1","Redo"],"picked":"SKIP","floor":48},{"not_picked":["Gash+1","Sweeping Beam","Go for the Eyes+1"],"picked":"SKIP","floor":48},{"not_picked":["Leap","Turbo+1","Compile Driver+1"],"picked":"SKIP","floor":54}],"player_experience":952090,"relics_obtained":[{"floor":6,"key":"Whetstone"},{"floor":8,"key":"DataDisk"},{"floor":9,"key":"Juzu Bracelet"},{"floor":11,"key":"Bottled Lightning"},{"floor":13,"key":"Nunchaku"},{"floor":21,"key":"Nilry\u0027s Codex"},{"floor":23,"key":"Bottled Flame"},{"floor":25,"key":"Bag of Marbles"},{"floor":26,"key":"Pear"},{"floor":28,"key":"Sundial"},{"floor":31,"key":"Orichalcum"},{"floor":38,"key":"Prayer Wheel"},{"floor":41,"key":"Gremlin Horn"},{"floor":45,"key":"Oddly Smooth Stone"},{"floor":54,"key":"Lantern"}],"event_choices":[{"damage_healed":0,"gold_gain":275,"player_choice":"Desecrate","damage_taken":0,"max_hp_gain":0,"max_hp_loss":0,"event_name":"Golden Shrine","floor":4,"gold_loss":0,"cards_obtained":["Regret"]},{"cards_removed":["Strike_B"],"damage_healed":0,"gold_gain":0,"player_choice":"Purged","damage_taken":0,"max_hp_gain":0,"max_hp_loss":0,"event_name":"Purifier","floor":14,"gold_loss":0},{"damage_healed":0,"gold_gain":0,"player_choice":"Became a Ghost","damage_taken":0,"max_hp_gain":0,"max_hp_loss":38,"event_name":"Ghosts","floor":19,"gold_loss":0,"cards_obtained":["Ghostly","Ghostly","Ghostly","Ghostly","Ghostly"]},{"damage_healed":0,"gold_gain":0,"player_choice":"Obtained Book","damage_taken":16,"max_hp_gain":0,"max_hp_loss":0,"event_name":"Cursed Tome","floor":21,"gold_loss":0},{"damage_healed":0,"gold_gain":0,"player_choice":"Shed Blood","damage_taken":12,"max_hp_gain":5,"max_hp_loss":0,"event_name":"Forgotten Altar","floor":29,"gold_loss":0},{"damage_healed":0,"gold_gain":0,"player_choice":"Copied","damage_taken":0,"max_hp_gain":0,"max_hp_loss":0,"event_name":"Duplicator","floor":37,"gold_loss":0,"cards_obtained":["Ghostly"]},{"damage_healed":0,"gold_gain":0,"player_choice":"Fight","damage_taken":0,"max_hp_gain":0,"max_hp_loss":0,"event_name":"MindBloom","floor":38,"gold_loss":0}],"is_beta":false,"boss_relics":[{"not_picked":["Coffee Dripper","Cursed Key"],"picked":"Sozu"},{"not_picked":["Runic Pyramid","Busted Crown"],"picked":"Eternal Feather"}],"items_purged_floors":[5,24,36,40],"is_endless":false,"potions_floor_spawned":[1,6,8,11,12,13,22,23,25,30,31,35,38,46,54],"ascension_level":8}