{"gold_per_floor":[115,115,134,59,74,74,22,37,37,49,83,83,117,144,144,215,215,226,226,226,226,240,240,272,272,272,317,329,391,417,445,457,469],"floor_reached":33,"playtime":1336,"items_purged":[],"score":636,"play_id":"5d61d381-876a-4785-8d0d-d61efa65c548","local_time":"20190610001628","is_ascension_mode":true,"campfire_choices":[{"data":"Bash","floor":6.0,"key":"SMITH"},{"data":"Flame Barrier","floor":12.0,"key":"SMITH"},{"data":"Battle Trance","floor":15.0,"key":"SMITH"},{"floor":23,"key":"REST"},{"data":"Clothesline","floor":25,"key":"SMITH"},{"floor":28,"key":"REST"},{"data":"True Grit","floor":32,"key":"SMITH"}],"neow_cost":"CURSE","seed_source_timestamp":42231996950274,"circlet_count":0,"master_deck":["AscendersBane","Strike_R+1","Strike_R+1","Strike_R+1","Strike_R+1","Strike_R+1","Defend_R+1","Defend_R+1","Defend_R+1","Defend_R+1","Bash+1","Anger","Twin Strike","Battle Trance+1","Shrug It Off","Flame Barrier+1","Clothesline+1","Reaper","Pommel Strike+1","Feel No Pain","True Grit+1"],"special_seed":0,"relics":["Burning Blood","FossilizedHelix","Matryoshka","Torii","Boot","Bottled Lightning","Centennial Puzzle","Philosopher\u0027s Stone","Du-Vu Doll","MawBank","Ornamental Fan","Strawberry"],"potions_floor_usage":[18,24,27,33],"damage_taken":[{"damage":0.0,"enemies":"2 Louse","floor":1.0,"turns":4.0},{"damage":0.0,"enemies":"Jaw Worm","floor":3.0,"turns":4.0},{"damage":0.0,"enemies":"Cultist","floor":5.0,"turns":3.0},{"damage":0.0,"enemies":"2 Fungi Beasts","floor":8.0,"turns":3.0},{"damage":6.0,"enemies":"3 Louse","floor":10.0,"turns":3.0},{"damage":0.0,"enemies":"3 Sentries","floor":11.0,"turns":4.0},{"damage":37.0,"enemies":"Lagavulin","floor":13.0,"turns":7.0},{"damage":20.0,"enemies":"Hexaghost","floor":16.0,"turns":9.0},{"damage":27,"enemies":"3 Byrds","floor":18,"turns":7},{"damage":18,"enemies":"Spheric Guardian","floor":22,"turns":4},{"damage":6,"enemies":"Book of Stabbing","floor":24,"turns":3},{"damage":63,"enemies":"Slavers","floor":27,"turns":6},{"damage":0,"enemies":"Chosen and Byrds","floor":30,"turns":5},{"damage":8,"enemies":"Shelled Parasite and Fungi","floor":31,"turns":4},{"damage":87,"enemies":"Automaton","floor":33,"turns":10}],"seed_played":"5749321702887690923","potions_obtained":[{"floor":1.0,"key":"AttackPotion"},{"floor":8.0,"key":"Dexterity Potion"},{"floor":10.0,"key":"LiquidBronze"},{"floor":16.0,"key":"SkillPotion"},{"floor":18,"key":"SteroidPotion"},{"floor":24,"key":"Poison Potion"},{"floor":30,"key":"AttackPotion"}],"is_trial":false,"path_per_floor":["M","?","M","?","M","R","$","M","T","M","E","R","E","T","R","B",null,"M","?","?","?","M","R","E","R","T","E","R","?","M","M","R","B"],"character_chosen":"IRONCLAD","items_purchased":["Shrug It Off"],"campfire_rested":2,"item_purchase_floors":[7],"current_hp_per_floor":[74,79,80,80,80,80,80,80,80,80,80,80,49,49,49,35,69,53,53,53,53,41,65,65,65,65,30,56,56,67,65,65,0],"gold":469,"neow_bonus":"ONE_RARE_RELIC","is_prod":false,"is_daily":false,"chose_seed":false,"campfire_upgraded":5,"win_rate":0,"timestamp":1560118588,"path_taken":["M","?","M","?","M","R","$","?","T","M","E","R","E","?","R","BOSS","M","?","?","?","M","R","E","R","T","E","R","?","M","?","R","BOSS"],"build_version":"2019-01-23","purchased_purges":0,"victory":false,"max_hp_per_floor":[75,80,80,80,80,80,80,80,80,80,80,80,80,80,80,80,80,80,80,80,80,80,80,80,80,80,87,87,87,87,87,87,87],"card_choices":[{"not_picked":["Seeing Red","Warcry"],"picked":"Anger","floor":1.0},{"not_picked":["Flex","Double Tap"],"picked":"Twin Strike","floor":3.0},{"not_picked":["Twin Strike","Iron Wave"],"picked":"Battle Trance","floor":5.0},{"not_picked":["Pummel","Heavy Blade","Warcry"],"picked":"SKIP","floor":8.0},{"not_picked":["Sword Boomerang","Flex","Dark Embrace"],"picked":"SKIP","floor":10.0},{"not_picked":["Shrug It Off","Power Through"],"picked":"Flame Barrier","floor":11.0},{"not_picked":["Twin Strike","Wild Strike"],"picked":"Clothesline","floor":13.0},{"not_picked":["Barricade","Exhume"],"picked":"Reaper","floor":16.0},{"not_picked":["Twin Strike","Evolve"],"picked":"Pommel Strike+1","floor":18},{"not_picked":["Corruption","Dropkick+1"],"picked":"Feel No Pain","floor":22},{"not_picked":["Rupture","Fire Breathing","Berserk"],"picked":"SKIP","floor":24},{"not_picked":["Clash","Wild Strike","Anger"],"picked":"SKIP","floor":27},{"not_picked":["Intimidate+1","Body Slam"],"picked":"True Grit","floor":30},{"not_picked":["Clash","Rupture","Iron Wave"],"picked":"SKIP","floor":31}],"player_experience":1326463,"relics_obtained":[{"floor":9.0,"key":"Matryoshka"},{"floor":11.0,"key":"Torii"},{"floor":13.0,"key":"Boot"},{"floor":14.0,"key":"Bottled Lightning"},{"floor":14.0,"key":"Centennial Puzzle"},{"floor":24,"key":"Du-Vu Doll"},{"floor":26,"key":"MawBank"},{"floor":26,"key":"Ornamental Fan"},{"floor":27,"key":"Strawberry"}],"event_choices":[{"damage_healed":0.0,"max_hp_gain":5.0,"max_hp_loss":0.0,"gold_gain":0.0,"event_name":"Big Fish","player_choice":"Donut","floor":2.0,"gold_loss":0.0,"damage_taken":0.0},{"cards_removed":["Doubt"],"damage_healed":0.0,"max_hp_gain":0.0,"max_hp_loss":0.0,"gold_gain":0.0,"event_name":"The Cleric","player_choice":"Card Removal","floor":4.0,"gold_loss":75.0,"damage_taken":0.0},{"damage_healed":0,"gold_gain":0,"player_choice":"Simplicity","damage_taken":0,"max_hp_gain":0,"max_hp_loss":0,"event_name":"Back to Basics","floor":19,"gold_loss":0,"cards_upgraded":["Strike_R","Strike_R","Strike_R","Strike_R","Strike_R","Defend_R","Defend_R","Defend_R","Defend_R"]},{"damage_healed":0,"gold_gain":0,"player_choice":"Ignored","damage_taken":0,"max_hp_gain":0,"max_hp_loss":0,"event_name":"Ghosts","floor":20,"gold_loss":0},{"damage_healed":0,"gold_gain":0,"player_choice":"Ignored","damage_taken":0,"max_hp_gain":0,"max_hp_loss":0,"event_name":"The Mausoleum","floor":21,"gold_loss":0},{"damage_healed":0,"gold_gain":50,"player_choice":"Pray","damage_taken":0,"max_hp_gain":0,"max_hp_loss":0,"event_name":"Golden Shrine","floor":29,"gold_loss":0}],"is_beta":false,"boss_relics":[{"not_picked":["Eternal Feather","Pandora\u0027s Box"],"picked":"Philosopher\u0027s Stone"}],"items_purged_floors":[],"is_endless":false,"potions_floor_spawned":[1,8,10,16,18,24,30],"killed_by":"Automaton","ascension_level":20}