{"gold_per_floor":[119,138,138,151,169,169,197,212,238,266,266,289,355,280,280,369,369,392,392,392,410,430,430],"floor_reached":23,"playtime":1799,"items_purged":["Reflex"],"score":501,"play_id":"02cb3a0c-7bd1-4a6b-9387-d1c996aafc79","local_time":"20190516201117","is_ascension_mode":true,"campfire_choices":[{"data":"Skewer","floor":6,"key":"SMITH"},{"floor":15,"key":"REST"}],"neow_cost":"NONE","seed_source_timestamp":26476430809637,"circlet_count":0,"master_deck":["AscendersBane","Defend_G","Defend_G","Defend_G","Defend_G","Defend_G","Strike_G","Strike_G","Strike_G","Strike_G","Survivor","Neutralize","Masterful Stab","PiercingWail","Dash","Skewer+1","PiercingWail","Dash","Adrenaline","Dodge and Roll","Die Die Die","PiercingWail","Well Laid Plans","Deadly Poison","PiercingWail"],"relics":["Ring of the Snake","Mercury Hourglass","Regal Pillow","Bag of Marbles","Golden Idol","Tiny Chest","Philosopher\u0027s Stone","Bottled Lightning"],"potions_floor_usage":[7,10,23],"damage_taken":[{"damage":0,"enemies":"Small Slimes","floor":1,"turns":6},{"damage":0,"enemies":"Cultist","floor":2,"turns":4},{"damage":0,"enemies":"Jaw Worm","floor":4,"turns":4},{"damage":0,"enemies":"2 Fungi Beasts","floor":5,"turns":4},{"damage":20,"enemies":"Gremlin Nob","floor":7,"turns":5},{"damage":8,"enemies":"Exordium Wildlife","floor":8,"turns":3},{"damage":5,"enemies":"3 Sentries","floor":10,"turns":7},{"damage":0,"enemies":"3 Louse","floor":12,"turns":3},{"damage":0,"enemies":"Gremlin Nob","floor":13,"turns":3},{"damage":45,"enemies":"Slime Boss","floor":16,"turns":13},{"damage":7,"enemies":"Shell Parasite","floor":18,"turns":5},{"damage":0,"enemies":"Chosen","floor":21,"turns":4},{"damage":10,"enemies":"Sentry and Sphere","floor":22,"turns":8},{"damage":47,"enemies":"Gremlin Leader","floor":23,"turns":8}],"seed_played":"-491474828244309591","potions_obtained":[{"floor":2,"key":"GhostInAJar"},{"floor":7,"key":"LiquidBronze"},{"floor":8,"key":"Dexterity Potion"},{"floor":10,"key":"Weak Potion"}],"is_trial":false,"path_per_floor":["M","M","?","M","M","R","E","M","T","E","?","M","E","$","R","B",null,"M","?","T","M","M","E"],"character_chosen":"THE_SILENT","items_purchased":[],"campfire_rested":1,"item_purchase_floors":[],"current_hp_per_floor":[65,65,65,65,65,65,45,37,37,32,32,32,32,32,65,20,54,47,47,47,47,37,0],"gold":430,"neow_bonus":"TEN_PERCENT_HP_BONUS","is_prod":false,"is_daily":false,"chose_seed":false,"campfire_upgraded":1,"win_rate":0,"timestamp":1558030277,"path_taken":["M","M","?","M","?","R","E","M","T","E","?","M","E","$","R","BOSS","M","?","?","M","M","E"],"build_version":"2019-01-23","purchased_purges":1,"victory":false,"max_hp_per_floor":[72,72,72,72,72,72,72,72,72,72,65,65,65,65,65,65,65,65,65,65,65,65,65],"card_choices":[{"not_picked":["Outmaneuver","Blade Dance"],"picked":"Masterful Stab","floor":1},{"not_picked":["Underhanded Strike","Acrobatics"],"picked":"PiercingWail","floor":2},{"not_picked":["Poisoned Stab","Concentrate"],"picked":"Dash","floor":4},{"not_picked":["Deflect","Acrobatics"],"picked":"Skewer","floor":5},{"not_picked":["Choke","Caltrops"],"picked":"PiercingWail","floor":7},{"not_picked":["Terror","Dodge and Roll"],"picked":"Dash","floor":8},{"not_picked":["Underhanded Strike","Deflect","Bane"],"picked":"SKIP","floor":10},{"not_picked":["Dodge and Roll","Heel Hook"],"picked":"Adrenaline","floor":12},{"not_picked":["Underhanded Strike","Endless Agony"],"picked":"Dodge and Roll","floor":13},{"not_picked":["Night Terror","Grand Finale"],"picked":"Die Die Die","floor":16},{"not_picked":["Bane","Dagger Spray"],"picked":"PiercingWail","floor":18},{"not_picked":["Blur","Riddle With Holes"],"picked":"Deadly Poison","floor":21},{"not_picked":["Acrobatics","Escape Plan"],"picked":"PiercingWail","floor":22}],"player_experience":1211183,"relics_obtained":[{"floor":7,"key":"Mercury Hourglass"},{"floor":9,"key":"Regal Pillow"},{"floor":10,"key":"Bag of Marbles"},{"floor":13,"key":"Tiny Chest"},{"floor":20,"key":"Bottled Lightning"}],"event_choices":[{"damage_healed":0,"gold_gain":0,"cards_transformed":["Strike_G"],"player_choice":"Transformed","damage_taken":0,"max_hp_gain":0,"max_hp_loss":0,"event_name":"Transmorgrifier","floor":3,"gold_loss":0,"cards_obtained":["Reflex"]},{"damage_healed":0,"gold_gain":0,"player_choice":"Lose Max HP","damage_taken":0,"relics_obtained":["Golden Idol"],"max_hp_gain":0,"max_hp_loss":7,"event_name":"Golden Idol","floor":11,"gold_loss":0},{"damage_healed":0,"gold_gain":0,"player_choice":"Read","damage_taken":0,"max_hp_gain":0,"max_hp_loss":0,"event_name":"The Library","floor":19,"gold_loss":0,"cards_obtained":["Well Laid Plans"]}],"is_beta":false,"boss_relics":[{"not_picked":["Astrolabe","Sozu"],"picked":"Philosopher\u0027s Stone"}],"items_purged_floors":[14],"is_endless":false,"potions_floor_spawned":[2,7,8,10,12,16,18],"killed_by":"Gremlin Leader","ascension_level":20}