{"gold_per_floor":[114,114,125,142,9,9,36,36,63,63,78,78,111,129,129,208,208,227,227,204,204,129,129,160,160,160,160],"floor_reached":27,"playtime":1206,"items_purged":["Strike_R"],"score":478,"play_id":"ad77ba9e-e685-4bf6-91fd-f60e089ec7e2","local_time":"20190517174755","is_ascension_mode":true,"campfire_choices":[{"data":"Fiend Fire","floor":6.0,"key":"SMITH"},{"data":"Bash","floor":8.0,"key":"SMITH"},{"data":"Armaments","floor":10.0,"key":"SMITH"},{"floor":12.0,"key":"REST"},{"data":"Disarm","floor":15.0,"key":"SMITH"},{"data":"Demon Form","floor":23,"key":"SMITH"}],"neow_cost":"NONE","seed_source_timestamp":14913083189338,"circlet_count":0,"master_deck":["AscendersBane","Strike_R","Defend_R","Defend_R","Defend_R","Defend_R","Bash+1","Fiend Fire+1","Shrug It Off","Armaments+1","Disarm+1","Feel No Pain","Exhume","Demon Form+1","Sword Boomerang","Battle Trance+1","Combust","Sword Boomerang","Decay"],"special_seed":0,"relics":["Burning Blood","Boot","Centennial Puzzle","Red Skull","Empty Cage","Toxic Egg 2","Regal Pillow"],"potions_floor_usage":[18,20,24],"damage_taken":[{"damage":1.0,"enemies":"2 Louse","floor":1.0,"turns":3.0},{"damage":2.0,"enemies":"Cultist","floor":3.0,"turns":4.0},{"damage":10.0,"enemies":"Small Slimes","floor":4.0,"turns":5.0},{"damage":35.0,"enemies":"Lagavulin","floor":7.0,"turns":8.0},{"damage":4.0,"enemies":"Exordium Wildlife","floor":11.0,"turns":3.0},{"damage":21.0,"enemies":"Gremlin Nob","floor":13.0,"turns":4.0},{"damage":9.0,"enemies":"3 Louse","floor":14.0,"turns":7.0},{"damage":23.0,"enemies":"The Guardian","floor":16.0,"turns":19.0},{"damage":22,"enemies":"Spheric Guardian","floor":18,"turns":5},{"damage":10,"enemies":"2 Thieves","floor":20,"turns":4},{"damage":64,"enemies":"Slavers","floor":24,"turns":9},{"damage":14,"enemies":"Centurion and Healer","floor":27,"turns":1}],"seed_played":"1086371240950053104","potions_obtained":[{"floor":7.0,"key":"PowerPotion"},{"floor":13.0,"key":"Regen Potion"},{"floor":14.0,"key":"Explosive Potion"},{"floor":18,"key":"GamblersBrew"},{"floor":20,"key":"FairyPotion"}],"is_trial":false,"path_per_floor":["M","?","M","M","$","R","E","R","T","R","M","R","E","M","R","B",null,"M","?","M","?","?","R","E","?","T","M"],"character_chosen":"IRONCLAD","items_purchased":["Shrug It Off"],"campfire_rested":1,"item_purchase_floors":[5],"current_hp_per_floor":[80,80,82,78,78,78,49,49,49,49,51,75,60,57,57,40,72,65,65,61,61,61,61,11,11,11,0],"gold":160,"neow_bonus":"TEN_PERCENT_HP_BONUS","is_prod":false,"is_daily":false,"chose_seed":false,"campfire_upgraded":5,"win_rate":0,"timestamp":1558108075,"path_taken":["M","?","M","M","$","R","E","R","T","R","M","R","E","M","R","BOSS","M","?","M","?","?","R","E","?","T","M"],"build_version":"2019-01-23","purchased_purges":1,"victory":false,"max_hp_per_floor":[82,82,82,82,82,82,82,82,82,82,82,82,82,82,82,82,82,82,82,82,82,82,82,82,82,82,82],"card_choices":[{"not_picked":["Heavy Blade","Flex","Second Wind"],"picked":"SKIP","floor":1.0},{"not_picked":["Body Slam","Warcry","Clash"],"picked":"SKIP","floor":3.0},{"not_picked":["Heavy Blade","True Grit"],"picked":"Fiend Fire","floor":4.0},{"not_picked":["Searing Blow","Clash"],"picked":"Armaments","floor":7.0},{"not_picked":["Iron Wave","Pommel Strike"],"picked":"Disarm","floor":11.0},{"not_picked":["Heavy Blade","Twin Strike"],"picked":"Feel No Pain","floor":13.0},{"not_picked":["Second Wind","Infernal Blade"],"picked":"Exhume","floor":14.0},{"not_picked":["Double Tap","Barricade"],"picked":"Demon Form","floor":16.0},{"not_picked":["Carnage","Headbutt"],"picked":"Sword Boomerang","floor":18},{"not_picked":["Seeing Red","Warcry"],"picked":"Battle Trance+1","floor":20},{"not_picked":["Pommel Strike","Perfected Strike"],"picked":"Sword Boomerang","floor":24}],"player_experience":1213358,"relics_obtained":[{"floor":7.0,"key":"Boot"},{"floor":9.0,"key":"Centennial Puzzle"},{"floor":13.0,"key":"Red Skull"},{"floor":24,"key":"Toxic Egg 2"},{"floor":26,"key":"Regal Pillow"}],"event_choices":[{"damage_healed":0.0,"max_hp_gain":0.0,"max_hp_loss":0.0,"gold_gain":0.0,"event_name":"Match and Keep!","player_choice":"0 cards matched","floor":2.0,"gold_loss":0.0,"damage_taken":0.0,"cards_obtained":[]},{"damage_healed":0,"gold_gain":0,"player_choice":"Ignored","damage_taken":0,"max_hp_gain":0,"max_hp_loss":0,"event_name":"Vampires","floor":19,"gold_loss":0},{"damage_healed":0,"gold_gain":0,"player_choice":"Read","damage_taken":0,"max_hp_gain":0,"max_hp_loss":0,"event_name":"The Library","floor":21,"gold_loss":0,"cards_obtained":["Combust"]},{"cards_removed":["Strike_R"],"damage_healed":0,"gold_gain":0,"player_choice":"Gave Gold","damage_taken":0,"max_hp_gain":0,"max_hp_loss":0,"event_name":"Beggar","floor":22,"gold_loss":75},{"damage_healed":0,"gold_gain":0,"player_choice":"Smashed Altar","damage_taken":0,"max_hp_gain":0,"max_hp_loss":0,"event_name":"Forgotten Altar","floor":25,"gold_loss":0,"cards_obtained":["Decay"]}],"is_beta":false,"boss_relics":[{"not_picked":["Eternal Feather","Tiny House"],"picked":"Empty Cage"}],"items_purged_floors":[5],"is_endless":false,"potions_floor_spawned":[7,13,14,16,18,20],"killed_by":"Centurion and Healer","ascension_level":20}