{"gold_per_floor":[117,131,406,421,1,1,11,11,11,25,25,53,67,101,101,172,172,189,215,52,52,69,69,85,118,169,200,212,247,264,264,264,335,335,347,395,410,229,240,273,273,300,323,323,340,372,372,372,372,372,372,372,372,3,32,32],"floor_reached":57,"playtime":3597,"items_purged":["Regret","Doubt"],"score":3105,"play_id":"82f73e8f-04f7-4682-a265-4c987d5adb7f","local_time":"20181216215409","is_ascension_mode":true,"campfire_choices":[{"data":"Zap","floor":6,"key":"SMITH"},{"data":"Defragment","floor":8,"key":"SMITH"},{"data":"Go for the Eyes","floor":11,"key":"SMITH"},{"data":"Chill","floor":15,"key":"SMITH"},{"data":"Self Repair","floor":23,"key":"SMITH"},{"data":"Seek","floor":32,"key":"SMITH"},{"data":"Coolheaded","floor":41,"key":"SMITH"},{"data":"Regret","floor":44,"key":"PURGE"},{"data":"Chill","floor":47,"key":"SMITH"},{"floor":49,"key":"RECALL"},{"data":"Coolheaded","floor":53,"key":"SMITH"}],"neow_cost":"NONE","seed_source_timestamp":32631574480545,"circlet_count":0,"master_deck":["AscendersBane","Zap+1","Dualcast","Gash","Ball Lightning","Ball Lightning","Defragment+1","Go for the Eyes+1","Ball Lightning","Chill+1","Electrodynamics","Core Surge","Coolheaded+1","Self Repair+1","Seek+1","Stack+1","Cold Snap","Compile Driver","Compile Driver","Echo Form+1","Tempest","Buffer+1","Skim","Rip and Tear","Self Repair+1","Loop+1","Reinforced Body","Lockon","Coolheaded+1","Genetic Algorithm","Hologram","Glacier","Core Surge","Seek+1","Chill+1","Master of Strategy","Defragment+1"],"relics":["Cracked Core","Runic Capacitor","Pantograph","Bottled Tornado","Potion Belt","Cursed Key","Red Mask","Frozen Egg 2","Anchor","Bottled Lightning","Question Card","Enchiridion","Pandora\u0027s Box","Peace Pipe","Matryoshka","Girya","Pen Nib","Regal Pillow","Happy Flower","Cables"],"potions_floor_usage":[12,14,19,27,27,39,55,56,56,56],"damage_taken":[{"damage":9,"enemies":"Jaw Worm","floor":1,"turns":3},{"damage":6,"enemies":"Cultist","floor":2,"turns":3},{"damage":12,"enemies":"2 Louse","floor":4,"turns":2},{"damage":4,"enemies":"Blue Slaver","floor":7,"turns":2},{"damage":0,"enemies":"2 Fungi Beasts","floor":10,"turns":2},{"damage":11,"enemies":"Gremlin Nob","floor":12,"turns":3},{"damage":11,"enemies":"Exordium Thugs","floor":13,"turns":2},{"damage":8,"enemies":"3 Sentries","floor":14,"turns":4},{"damage":6,"enemies":"Hexaghost","floor":16,"turns":7},{"damage":14,"enemies":"2 Thieves","floor":18,"turns":3},{"damage":27,"enemies":"Masked Bandits","floor":19,"turns":4},{"damage":5,"enemies":"3 Byrds","floor":22,"turns":4},{"damage":2,"enemies":"Shelled Parasite and Fungi","floor":24,"turns":5},{"damage":16,"enemies":"Gremlin Leader","floor":25,"turns":5},{"damage":17,"enemies":"Book of Stabbing","floor":27,"turns":6},{"damage":0,"enemies":"Cultist and Chosen","floor":28,"turns":3},{"damage":0,"enemies":"Gremlin Leader","floor":29,"turns":4},{"damage":0,"enemies":"Snake Plant","floor":30,"turns":4},{"damage":41,"enemies":"Collector","floor":33,"turns":7},{"damage":2,"enemies":"Orb Walker","floor":35,"turns":4},{"damage":6,"enemies":"2 Orb Walkers","floor":36,"turns":5},{"damage":0,"enemies":"3 Darklings","floor":37,"turns":4},{"damage":11,"enemies":"Writhing Mass","floor":39,"turns":5},{"damage":0,"enemies":"Giant Head","floor":40,"turns":9},{"damage":21,"enemies":"Nemesis","floor":42,"turns":9},{"damage":0,"enemies":"Maw","floor":45,"turns":7},{"damage":0,"enemies":"Giant Head","floor":46,"turns":8},{"damage":24,"enemies":"Time Eater","floor":50,"turns":18},{"damage":0,"enemies":"Donu and Deca","floor":51,"turns":8},{"damage":44,"enemies":"Shield and Spear","floor":55,"turns":10},{"damage":23,"enemies":"The Heart","floor":56,"turns":11}],"seed_played":"8010636041001304050","potions_obtained":[{"floor":2,"key":"Regen Potion"},{"floor":4,"key":"PowerPotion"},{"floor":14,"key":"GamblersBrew"},{"floor":16,"key":"FearPotion"},{"floor":19,"key":"SpeedPotion"},{"floor":25,"key":"PowerPotion"},{"floor":27,"key":"PowerPotion"},{"floor":30,"key":"Fire Potion"},{"floor":33,"key":"Strength Potion"},{"floor":40,"key":"Swift Potion"},{"floor":42,"key":"SkillPotion"}],"is_trial":false,"path_per_floor":["M","M","?","M","$","R","M","R","T","M","R","E","M","E","R","B",null,"M","?","$","?","M","R","M","E","T","E","M","E","M","?","R","B",null,"M","?","M","$","M","E","R","E","T","R","M","E","R","?","R","B","B",null,"R","$","E","B",null],"character_chosen":"DEFECT","items_purchased":["Runic Capacitor","Defragment","Go for the Eyes","Self Repair","Seek","FocusPotion","Happy Flower","Master of Strategy"],"campfire_rested":0,"item_purchase_floors":[5,5,5,20,20,38,54,54],"current_hp_per_floor":[62,56,56,44,44,44,40,40,40,40,40,29,18,22,22,41,69,55,28,28,28,30,30,38,32,32,25,35,45,55,34,34,28,66,74,78,78,78,78,78,78,78,78,78,78,78,78,78,78,78,78,78,78,78,74,55],"gold":32,"neow_bonus":"TEN_PERCENT_HP_BONUS","is_prod":false,"is_daily":false,"chose_seed":false,"campfire_upgraded":9,"win_rate":0,"timestamp":1544993649,"path_taken":["M","M","?","?","$","R","M","R","T","M","R","E","M","E","R","BOSS","M","?","$","?","M","R","M","E","T","E","M","E","M","?","R","BOSS","M","?","M","$","M","E","R","E","T","R","M","E","R","?","R","BOSS","BOSS","R","$","E","BOSS"],"build_version":"2018-12-13","purchased_purges":2,"victory":true,"max_hp_per_floor":[78,78,78,78,78,78,78,78,78,78,78,78,78,78,78,78,78,78,78,78,78,78,78,78,78,78,78,78,78,78,78,78,78,78,78,78,78,78,78,78,78,78,78,78,78,78,78,78,78,78,78,78,78,78,78,78],"card_choices":[{"not_picked":["Coolheaded","Rebound"],"picked":"Gash","floor":1},{"not_picked":["Conserve Battery","White Noise"],"picked":"Ball Lightning","floor":2},{"not_picked":["Stack","Rebound"],"picked":"Ball Lightning","floor":4},{"not_picked":["Steam","Leap"],"picked":"Ball Lightning","floor":7},{"not_picked":["Melter","Stack","Storm"],"picked":"SKIP","floor":10},{"not_picked":["Meteor Strike","Barrage","Rebound"],"picked":"SKIP","floor":12},{"not_picked":["Ball Lightning","Gash"],"picked":"Chill","floor":13},{"not_picked":["Recycle","Beam Cell"],"picked":"Electrodynamics","floor":14},{"not_picked":["Buffer","Meteor Strike"],"picked":"Core Surge","floor":16},{"not_picked":["Stack","Beam Cell+1","Sweeping Beam"],"picked":"SKIP","floor":18},{"not_picked":["Streamline","Redo"],"picked":"Coolheaded","floor":19},{"not_picked":["Self Repair","Steam"],"picked":"Stack+1","floor":22},{"not_picked":["Go for the Eyes","Scrape"],"picked":"Cold Snap","floor":24},{"not_picked":["Barrage","Conserve Battery"],"picked":"Compile Driver","floor":25},{"not_picked":["Leap","Self Repair+1","Redo"],"picked":"SKIP","floor":27},{"not_picked":["Streamline","Self Repair+1","Beam Cell"],"picked":"SKIP","floor":28},{"not_picked":["Hello World+1","Tempest","Fusion"],"picked":"SKIP","floor":29},{"not_picked":["Sweeping Beam","Barrage","BootSequence"],"picked":"Compile Driver","floor":30},{"not_picked":["Meteor Strike","Multi-Cast","All For One"],"picked":"Echo Form+1","floor":33},{"not_picked":["Skim","Rebound+1","Beam Cell+1"],"picked":"Coolheaded","floor":35},{"not_picked":["Stack","Steam","White Noise"],"picked":"Genetic Algorithm","floor":36},{"not_picked":["Beam Cell","Steam","Turbo"],"picked":"Hologram","floor":37},{"not_picked":["Rebound","Double Energy","Streamline+1"],"picked":"Glacier","floor":39},{"not_picked":["Streamline","Sunder","Leap"],"picked":"Core Surge","floor":40},{"not_picked":["Sweeping Beam","Steam+1","Go for the Eyes","Redo"],"picked":"SKIP","floor":42},{"not_picked":["Compile Driver","Steam","Reinforced Body"],"picked":"Seek","floor":45},{"not_picked":["Sweeping Beam","Streamline","Force Field"],"picked":"Chill","floor":46},{"not_picked":["Streamline","Coolheaded","Steam"],"picked":"Defragment+1","floor":55}],"player_experience":655595,"relics_obtained":[{"floor":9,"key":"Pantograph"},{"floor":12,"key":"Bottled Tornado"},{"floor":14,"key":"Potion Belt"},{"floor":19,"key":"Red Mask"},{"floor":25,"key":"Frozen Egg 2"},{"floor":26,"key":"Anchor"},{"floor":27,"key":"Bottled Lightning"},{"floor":29,"key":"Question Card"},{"floor":31,"key":"Enchiridion"},{"floor":36,"key":"Peace Pipe"},{"floor":40,"key":"Matryoshka"},{"floor":42,"key":"Girya"},{"floor":43,"key":"Pen Nib"},{"floor":46,"key":"Regal Pillow"},{"floor":55,"key":"Cables"}],"event_choices":[{"damage_healed":0,"gold_gain":275,"player_choice":"Desecrate","damage_taken":0,"max_hp_gain":0,"max_hp_loss":0,"event_name":"Golden Shrine","floor":3,"gold_loss":0,"cards_obtained":["Regret"]},{"damage_healed":0,"gold_gain":0,"player_choice":"Fought Bandits","damage_taken":0,"max_hp_gain":0,"max_hp_loss":0,"event_name":"Masked Bandits","floor":19,"gold_loss":0},{"damage_healed":0,"gold_gain":0,"player_choice":"Ignored","damage_taken":0,"max_hp_gain":0,"max_hp_loss":0,"event_name":"Ghosts","floor":21,"gold_loss":0},{"damage_healed":0,"gold_gain":0,"player_choice":"Obtained Book","damage_taken":21,"max_hp_gain":0,"max_hp_loss":0,"event_name":"Cursed Tome","floor":31,"gold_loss":0},{"damage_healed":0,"gold_gain":0,"player_choice":"Fight","damage_taken":0,"max_hp_gain":0,"max_hp_loss":0,"event_name":"Mysterious Sphere","floor":36,"gold_loss":0},{"damage_healed":0,"gold_gain":0,"player_choice":"Upgraded","damage_taken":0,"max_hp_gain":0,"max_hp_loss":0,"event_name":"Upgrade Shrine","floor":48,"gold_loss":0,"cards_upgraded":["Seek"]}],"is_beta":false,"boss_relics":[{"not_picked":["Eternal Feather","White Beast Statue"],"picked":"Cursed Key"},{"not_picked":["Orrery","Inserter"],"picked":"Pandora\u0027s Box"}],"items_purged_floors":[5,38],"is_endless":false,"potions_floor_spawned":[2,4,7,10,14,16,19,25,27,30,33,40,42,45,46],"ascension_level":20}