{"gold_per_floor":[214,214,3,21,21,54,54,64,64,64,92,92,119,0,0,74,74,74,74,24,24,24,24,24,24,24,24,24,24,24,24,24,24,24,24,24,24,24,24,24,24,24,24,24,24,24,24,24,24,24],"floor_reached":50,"playtime":4060,"items_purged":["Strike_G"],"score":1193,"play_id":"31eb783b-eae6-4927-bd1b-bb7e737e9f85","local_time":"20190525212044","is_ascension_mode":true,"campfire_choices":[{"data":"Neutralize","floor":7.0,"key":"SMITH"},{"data":"Dash","floor":10.0,"key":"SMITH"},{"floor":15.0,"key":"REST"},{"data":"Glass Knife","floor":23.0,"key":"SMITH"},{"data":"Crippling Poison","floor":29.0,"key":"SMITH"},{"floor":32.0,"key":"REST"},{"data":"After Image","floor":41,"key":"SMITH"},{"floor":44,"key":"RECALL"},{"floor":49,"key":"REST"}],"neow_cost":"NONE","seed_source_timestamp":27312851434667,"circlet_count":0,"master_deck":["AscendersBane","Defend_G","Defend_G","Defend_G","Defend_G","Defend_G","Strike_G","Strike_G","Strike_G","Strike_G","Survivor","Neutralize+1","Flying Knee","Glass Knife+1","Crippling Poison+1","Dash+1","Deflect","Backflip","Blade Dance+1","Crippling Poison+1","Glass Knife+1","Dodge and Roll+1","Cloak And Dagger+1","Prepared+1","Blur+1","Deflect+1","Leg Sweep+1","After Image+1","Cloak And Dagger+1","Leg Sweep+1","PiercingWail+1","Parasite","After Image","Acrobatics+1","Escape Plan+1","Thinking Ahead+1","Discovery+1","Acrobatics+1","Backflip+1"],"special_seed":0,"relics":["Ring of the Snake","Bag of Preparation","Letter Opener","Regal Pillow","Ornamental Fan","Kunai","Toxic Egg 2","Ectoplasm","Bottled Lightning","Ginger","Sozu","Strawberry","Pear","Dream Catcher","Art of War"],"potions_floor_usage":[],"damage_taken":[{"damage":6.0,"enemies":"Small Slimes","floor":1.0,"turns":4.0},{"damage":0.0,"enemies":"Cultist","floor":4.0,"turns":3.0},{"damage":19.0,"enemies":"Gremlin Nob","floor":6.0,"turns":4.0},{"damage":0.0,"enemies":"2 Louse","floor":8.0,"turns":3.0},{"damage":7.0,"enemies":"3 Sentries","floor":11.0,"turns":6.0},{"damage":20.0,"enemies":"Gremlin Nob","floor":13.0,"turns":4.0},{"damage":11.0,"enemies":"Slime Boss","floor":16.0,"turns":13.0},{"damage":0.0,"enemies":"Spheric Guardian","floor":18.0,"turns":3.0},{"damage":0.0,"enemies":"3 Byrds","floor":19.0,"turns":3.0},{"damage":9.0,"enemies":"Gremlin Leader","floor":24.0,"turns":7.0},{"damage":0.0,"enemies":"Snake Plant","floor":27.0,"turns":5.0},{"damage":12.0,"enemies":"Book of Stabbing","floor":28.0,"turns":6.0},{"damage":1.0,"enemies":"Centurion and Healer","floor":30.0,"turns":5.0},{"damage":0.0,"enemies":"Snecko","floor":31.0,"turns":5.0},{"damage":38.0,"enemies":"Champ","floor":33.0,"turns":33.0},{"damage":0,"enemies":"Orb Walker","floor":35,"turns":4},{"damage":0,"enemies":"3 Shapes","floor":38,"turns":4},{"damage":0,"enemies":"Writhing Mass","floor":39,"turns":10},{"damage":9,"enemies":"Giant Head","floor":40,"turns":13},{"damage":2,"enemies":"Nemesis","floor":42,"turns":14},{"damage":0,"enemies":"Maw","floor":46,"turns":10},{"damage":4,"enemies":"Giant Head","floor":47,"turns":10},{"damage":88,"enemies":"Time Eater","floor":50,"turns":27}],"seed_played":"1026077302431132831","potions_obtained":[{"floor":6.0,"key":"Regen Potion"},{"floor":13.0,"key":"LiquidBronze"},{"floor":16.0,"key":"SteroidPotion"},{"floor":31.0,"key":"Strength Potion"}],"is_trial":false,"path_per_floor":["M","?","$","M","?","E","R","M","T","R","E","T","E","$","R","B",null,"M","M","$","?","?","R","E","$","T","M","E","R","M","M","R","B",null,"M","?","?","M","M","E","R","E","T","R","?","M","E","$","R","B"],"character_chosen":"THE_SILENT","items_purchased":["Bag of Preparation","Explosive Potion","Crippling Poison+1","Cloak And Dagger+1"],"campfire_rested":3,"item_purchase_floors":[3,3,14,20],"current_hp_per_floor":[53,53,53,53,53,34,34,34,34,34,42,42,22,22,56,45,61,61,61,61,61,61,61,52,52,52,52,40,40,39,39,66,28,57,57,57,57,57,57,55,55,63,63,63,53,53,49,49,80,0],"gold":24,"neow_bonus":"HUNDRED_GOLD","is_prod":false,"is_daily":false,"chose_seed":false,"campfire_upgraded":5,"win_rate":0,"timestamp":1558812044,"path_taken":["M","?","$","?","?","E","R","M","T","R","E","?","E","$","R","BOSS","M","?","$","?","?","R","E","$","T","M","E","R","?","M","R","BOSS","M","?","?","M","?","E","R","E","T","R","?","M","E","?","R","BOSS"],"build_version":"2019-01-23","purchased_purges":1,"victory":false,"max_hp_per_floor":[66,66,66,66,66,66,66,66,66,66,66,66,66,66,66,66,66,66,66,66,66,66,66,66,66,66,66,66,66,66,66,66,66,66,66,63,63,63,63,70,70,80,80,80,80,80,80,80,80,80],"card_choices":[{"not_picked":["Deadly Poison","Quick Slash"],"picked":"Flying Knee","floor":1.0},{"not_picked":["Prepared","Finisher"],"picked":"Crippling Poison","floor":4.0},{"not_picked":["Finisher","Quick Slash"],"picked":"Dash","floor":6.0},{"not_picked":["Dodge and Roll","Riddle With Holes"],"picked":"Deflect","floor":8.0},{"not_picked":["Tactician","Bouncing Flask"],"picked":"Backflip","floor":11.0},{"not_picked":["Backflip","Underhanded Strike"],"picked":"Blade Dance","floor":13.0},{"not_picked":["Tools of the Trade","Grand Finale"],"picked":"Glass Knife","floor":16.0},{"not_picked":["Quick Slash","Poisoned Stab","Dagger Throw"],"picked":"SKIP","floor":18.0},{"not_picked":["Envenom","Heel Hook"],"picked":"Dodge and Roll+1","floor":19.0},{"not_picked":["Dash","Expertise+1"],"picked":"Prepared+1","floor":24.0},{"not_picked":["Flechettes","Dagger Throw","Reflex+1"],"picked":"SKIP","floor":27.0},{"not_picked":["Sucker Punch","Acrobatics+1"],"picked":"Blur+1","floor":28.0},{"not_picked":["Slice","Bane"],"picked":"Deflect+1","floor":30.0},{"not_picked":["Bane","Deflect+1"],"picked":"Leg Sweep+1","floor":31.0},{"not_picked":["Corpse Explosion+1","Night Terror+1"],"picked":"After Image","floor":33.0},{"not_picked":["Underhanded Strike","Dagger Spray+1"],"picked":"Cloak And Dagger+1","floor":35},{"not_picked":["Flying Knee","Dagger Throw"],"picked":"PiercingWail+1","floor":38},{"not_picked":["Cloak And Dagger+1","Slice+1"],"picked":"After Image","floor":39},{"not_picked":["Deadly Poison+1","Leg Sweep+1"],"picked":"Acrobatics+1","floor":40},{"not_picked":["Flying Knee+1","Expertise+1"],"picked":"Escape Plan+1","floor":42},{"not_picked":["Enlightenment+1","Purity+1"],"picked":"Thinking Ahead+1","floor":45},{"not_picked":["Bandage Up+1","HandOfGreed"],"picked":"Discovery+1","floor":45},{"not_picked":["Sucker Punch","Prepared+1"],"picked":"Acrobatics+1","floor":46},{"not_picked":["Dagger Spray","Endless Agony","Reflex+1"],"picked":"SKIP","floor":47},{"not_picked":["Underhanded Strike","Slice"],"picked":"Backflip+1","floor":49}],"player_experience":1249577,"relics_obtained":[{"floor":6.0,"key":"Letter Opener"},{"floor":9.0,"key":"Regal Pillow"},{"floor":11.0,"key":"Ornamental Fan"},{"floor":12.0,"key":"Kunai"},{"floor":13.0,"key":"Toxic Egg 2"},{"floor":24.0,"key":"Bottled Lightning"},{"floor":28.0,"key":"Ginger"},{"floor":40,"key":"Strawberry"},{"floor":42,"key":"Pear"},{"floor":43,"key":"Dream Catcher"},{"floor":47,"key":"Art of War"}],"event_choices":[{"damage_healed":0.0,"max_hp_gain":0.0,"max_hp_loss":0.0,"gold_gain":0.0,"event_name":"Match and Keep!","player_choice":"1 cards matched","floor":2.0,"gold_loss":0.0,"damage_taken":0.0,"cards_obtained":["Glass Knife"]},{"damage_healed":0.0,"max_hp_gain":0.0,"max_hp_loss":0.0,"gold_gain":0.0,"event_name":"Match and Keep!","player_choice":"1 cards matched","floor":2.0,"gold_loss":0.0,"damage_taken":0.0,"cards_obtained":["Glass Knife"]},{"damage_healed":0.0,"max_hp_gain":0.0,"max_hp_loss":0.0,"gold_gain":0.0,"event_name":"Living Wall","player_choice":"Grow","floor":5.0,"gold_loss":0.0,"damage_taken":0.0,"cards_upgraded":["Glass Knife"]},{"damage_healed":0.0,"max_hp_gain":0.0,"max_hp_loss":0.0,"gold_gain":0.0,"event_name":"Beggar","player_choice":"Ignored","floor":21.0,"gold_loss":0.0,"damage_taken":0.0},{"damage_healed":0.0,"max_hp_gain":0.0,"max_hp_loss":0.0,"gold_gain":0.0,"event_name":"Golden Shrine","player_choice":"Ignored","floor":22.0,"gold_loss":0.0,"damage_taken":0.0},{"damage_healed":0,"gold_gain":0,"player_choice":"Max HP","damage_taken":0,"max_hp_gain":0,"max_hp_loss":3,"event_name":"Winding Halls","floor":36,"gold_loss":0},{"damage_healed":0,"gold_gain":0,"player_choice":"1 cards matched","damage_taken":0,"max_hp_gain":0,"max_hp_loss":0,"event_name":"Match and Keep!","floor":37,"gold_loss":0,"cards_obtained":["Leg Sweep"]},{"damage_healed":0,"gold_gain":0,"player_choice":"Memory 3","damage_taken":10,"max_hp_gain":0,"max_hp_loss":0,"event_name":"SensoryStone","floor":45,"gold_loss":0}],"is_beta":false,"boss_relics":[{"not_picked":["Busted Crown","Lizard Tail"],"picked":"Ectoplasm"},{"not_picked":["Velvet Choker","Coffee Dripper"],"picked":"Sozu"}],"items_purged_floors":[14],"is_endless":false,"potions_floor_spawned":[6,13,16,19,27,28,31,35,38,42,46],"killed_by":"Time Eater","ascension_level":20}