{"path_per_floor":["M","M","?","M","M","R","E","R","T","R","M","R","?","M","R","B",null,"M","$","M","M","M","R","M","M","T","R","?","M","R","?","R"],"character_chosen":"THE_SILENT","items_purchased":["Terror","Sadistic Nature","Deadly Poison"],"gold_per_floor":[113,128,128,146,158,158,191,191,191,191,210,210,210,235,235,360,360,376,114,127,148,162,162,182,206,232,232,232,253,253,253,253],"floor_reached":33,"campfire_rested":6,"playtime":3244,"current_hp_per_floor":[70,64,64,64,57,70,45,66,66,66,66,66,49,49,70,34,70,62,62,56,21,4,35,19,3,3,34,34,34,67,67,70],"items_purged":[],"gold":253,"score":264,"play_id":"316f3473-afca-40bc-8437-aefb04303d27","is_prod":false,"is_daily":false,"is_ascension_mode":true,"campfire_upgraded":3,"path_taken":["M","M","?","M","?","R","E","R","T","R","M","R","?","M","R","BOSS","M","$","M","?","M","R","M","M","T","R","?","?","R","?","R","BOSS"],"build_version":"2018-02-15-PROD1","purchased_purges":0,"victory":false,"master_deck":["Defend_G","Defend_G","Defend_G","Defend_G","Defend_G","Strike_G","Strike_G","Strike_G","Strike_G","Strike_G","Survivor","Neutralize","Deadly Poison+1","Dagger Spray+1","PiercingWail","Underhanded Strike","Poisoned Stab","Endless Agony+1","Escape Plan","Tools of the Trade+1","Endless Agony+1","Terror","Sadistic Nature+1","Deadly Poison","Crippling Poison","Dodge and Roll+1","Outmaneuver","Prepared","Deflect","Acrobatics+1"],"max_hp_per_floor":[70,70,70,70,70,70,70,70,70,70,70,70,70,70,70,70,70,70,70,70,70,70,70,70,70,70,70,70,70,70,70,70],"relics":["Sozu","Tough Bandages","Ornamental Fan","Golden Idol","Eternal Feather","Pen Nib"],"card_choices":[{"not_picked":["Doppelganger","Quick Slash"],"picked":"Deadly Poison"},{"not_picked":["Footwork","Prepared"],"picked":"Dagger Spray"},{"not_picked":["Dagger Spray","All Out Attack"],"picked":"PiercingWail"},{"not_picked":["Caltrops","Calculated Gamble"],"picked":"Underhanded Strike"},{"not_picked":["Night Terror","Deadly Poison"],"picked":"Poisoned Stab"},{"not_picked":["Backflip","Acrobatics"],"picked":"Endless Agony"},{"not_picked":["Sucker Punch","Poisoned Stab"],"picked":"Escape Plan"},{"not_picked":["A Thousand Cuts","Corpse Explosion"],"picked":"Tools of the Trade"},{"not_picked":["Dagger Spray","Terror"],"picked":"Endless Agony"},{"not_picked":["Choke","Poisoned Stab"],"picked":"Crippling Poison"},{"not_picked":["Poisoned Stab","Caltrops"],"picked":"Dodge and Roll"},{"not_picked":["Backflip","Distraction"],"picked":"Outmaneuver"},{"not_picked":["Slice","Tools of the Trade"],"picked":"Prepared"},{"not_picked":["Outmaneuver","Dagger Spray"],"picked":"Deflect"},{"not_picked":["Dodge and Roll","Deflect"],"picked":"Acrobatics"}],"player_experience":81387,"potions_floor_usage":[],"damage_taken":[{"damage":0,"enemies":"Small Slimes","floor":1,"turns":4},{"damage":6,"enemies":"Cultist","floor":2,"turns":4},{"damage":0,"enemies":"2 Louse","floor":4,"turns":2},{"damage":7,"enemies":"Gremlin Gang","floor":5,"turns":5},{"damage":25,"enemies":"3 Sentries","floor":7,"turns":9},{"damage":0,"enemies":"3 Louse","floor":11,"turns":2},{"damage":0,"enemies":"Large Slime","floor":14,"turns":4},{"damage":36,"enemies":"Hexaghost","floor":16,"turns":10},{"damage":8,"enemies":"2 Thieves","floor":18,"turns":4},{"damage":6,"enemies":"3 Byrds","floor":20,"turns":5},{"damage":35,"enemies":"Snecko","floor":21,"turns":6},{"damage":17,"enemies":"Centurion and Healer","floor":22,"turns":8},{"damage":16,"enemies":"Snake Plant","floor":24,"turns":5},{"damage":16,"enemies":"Snecko","floor":25,"turns":6},{"damage":0,"enemies":"Centurion and Healer","floor":29,"turns":8},{"damage":78,"enemies":"Collector","floor":33,"turns":7}],"event_choices":[{"event_name":"Upgrade Shrine","player_choice":"Upgraded","floor":3,"damage_taken":0},{"event_name":"Golden Idol","player_choice":"Take Damage","floor":13,"damage_taken":0},{"event_name":"Upgrade Shrine","player_choice":"Upgraded","floor":28,"damage_taken":0},{"event_name":"Cursed Tome","player_choice":"Ignored","floor":31,"damage_taken":0}],"boss_relics":[{"not_picked":["Lizard Tail","Black Star"],"picked":"Eternal Feather"}],"potions_floor_spawned":[2,11,14,18,20,22,25],"seed_played":"6615559932730644031","killed_by":"Collector","ascension_level":1,"is_trial":false}