{"gold_per_floor":[117,117,292,292,101,131,193,11,37,37,112,112,145,162,162,262,262,278,16,16,27,37,37,63,63,63,63,76,76],"floor_reached":29,"playtime":2095,"items_purged":["Doubt","Strike_R"],"score":342,"play_id":"950af6bd-2775-4c0e-86f1-bb53f1bb9fca","local_time":"20190517222108","is_ascension_mode":true,"campfire_choices":[{"data":"Limit Break","floor":10.0,"key":"SMITH"},{"floor":12.0,"key":"REST"},{"floor":15.0,"key":"REST"},{"floor":23,"key":"REST"},{"floor":25,"key":"REST"},{"floor":27,"key":"REST"}],"neow_cost":"PERCENT_DAMAGE","seed_source_timestamp":3196998810855145,"circlet_count":0,"master_deck":["Strike_R","Strike_R","Defend_R","Defend_R","Defend_R","Bash","Metallicize","Combust+1","Spot Weakness","Limit Break+1","Rampage","Inflame+1","Shrug It Off","Warcry","Anger","Headbutt","Limit Break","Flex","Apotheosis","Body Slam","Exhume","Combust+1","Shrug It Off"],"special_seed":0,"relics":["Burning Blood","Frozen Egg 2","Boot","Potion Belt","Vajra","Sundial","Fusion Hammer","Omamori","PreservedInsect"],"potions_floor_usage":[16,21,29],"damage_taken":[{"damage":0.0,"enemies":"Small Slimes","floor":1.0,"turns":4.0},{"damage":27.0,"enemies":"3 Sentries","floor":6.0,"turns":6.0},{"damage":14.0,"enemies":"3 Sentries","floor":7.0,"turns":5.0},{"damage":18.0,"enemies":"Gremlin Nob","floor":13.0,"turns":3.0},{"damage":9.0,"enemies":"Jaw Worm","floor":14.0,"turns":2.0},{"damage":3,"enemies":"Slime Boss","floor":16,"turns":6},{"damage":17,"enemies":"Chosen","floor":18,"turns":5},{"damage":29,"enemies":"2 Thieves","floor":21,"turns":4},{"damage":29,"enemies":"Sentry and Sphere","floor":22,"turns":4},{"damage":34,"enemies":"Gremlin Leader","floor":24,"turns":5},{"damage":48,"enemies":"Chosen and Byrds","floor":28,"turns":7},{"damage":38,"enemies":"Shelled Parasite and Fungi","floor":29,"turns":3}],"seed_played":"-220802066022594480","potions_obtained":[{"floor":1.0,"key":"EssenceOfSteel"},{"floor":7.0,"key":"FearPotion"},{"floor":14.0,"key":"Dexterity Potion"},{"floor":18,"key":"Regen Potion"},{"floor":21,"key":"PowerPotion"}],"is_trial":false,"path_per_floor":["M","?","?","?","$","E","?","$","T","R","?","R","E","M","R","B",null,"M","$","?","M","M","R","E","R","T","R","M","M"],"character_chosen":"IRONCLAD","items_purchased":["Combust+1","Spot Weakness","Inflame+1","Shrug It Off","Warcry","Apotheosis"],"campfire_rested":5,"item_purchase_floors":[5,5,8,8,8,19],"current_hp_per_floor":[62,55,55,48,48,27,19,19,19,19,8,32,20,17,41,44,80,69,69,69,58,35,59,31,55,55,79,37,0],"gold":76,"neow_bonus":"REMOVE_TWO","is_prod":false,"is_daily":false,"chose_seed":false,"campfire_upgraded":1,"win_rate":0,"timestamp":1558146068,"path_taken":["M","?","?","?","$","E","?","?","T","R","?","R","E","M","R","BOSS","M","$","?","M","M","R","E","R","T","R","M","?"],"build_version":"2019-01-23","purchased_purges":2,"victory":false,"max_hp_per_floor":[80,80,80,80,80,80,80,80,80,80,80,80,80,80,80,80,80,80,80,80,80,80,80,80,80,80,80,80,80],"card_choices":[{"not_picked":["Feel No Pain","Warcry"],"picked":"Metallicize","floor":1.0},{"not_picked":["Clothesline","Whirlwind"],"picked":"Limit Break","floor":6.0},{"not_picked":["Havoc","Warcry"],"picked":"Rampage","floor":7.0},{"not_picked":["Shrug It Off","Rage"],"picked":"Anger","floor":13.0},{"not_picked":["Twin Strike","Armaments"],"picked":"Headbutt","floor":14.0},{"not_picked":["Immolate","Berserk+1"],"picked":"Limit Break","floor":16},{"not_picked":["Shrug It Off","Twin Strike"],"picked":"Flex","floor":18},{"not_picked":["Havoc","True Grit"],"picked":"Combust+1","floor":21},{"not_picked":["Body Slam","Sentinel","Clash"],"picked":"SKIP","floor":22},{"not_picked":["Sever Soul+1","Blood for Blood","Body Slam"],"picked":"SKIP","floor":24},{"not_picked":["Thunderclap","Sentinel"],"picked":"Shrug It Off","floor":28}],"player_experience":45011,"relics_obtained":[{"floor":6.0,"key":"Boot"},{"floor":9.0,"key":"Vajra"},{"floor":13.0,"key":"Sundial"},{"floor":24,"key":"Omamori"},{"floor":26,"key":"PreservedInsect"}],"event_choices":[{"cards_removed":["Strike_R"],"damage_healed":0.0,"max_hp_gain":0.0,"max_hp_loss":0.0,"gold_gain":0.0,"event_name":"Golden Wing","player_choice":"Card Removal","floor":2.0,"gold_loss":0.0,"damage_taken":7.0},{"damage_healed":0.0,"max_hp_gain":0.0,"max_hp_loss":0.0,"gold_gain":175.0,"event_name":"Liars Game","player_choice":"AGREE","floor":3.0,"gold_loss":0.0,"damage_taken":0.0,"cards_obtained":["Doubt"]},{"damage_healed":0.0,"max_hp_gain":0.0,"max_hp_loss":0.0,"gold_gain":0.0,"event_name":"Scrap Ooze","player_choice":"Success","floor":4.0,"gold_loss":0.0,"damage_taken":7.0,"relics_obtained":["Frozen Egg 2"]},{"damage_healed":0.0,"max_hp_gain":0.0,"max_hp_loss":0.0,"gold_gain":0.0,"event_name":"Dead Adventurer","player_choice":"Searched \u00272\u0027 times","floor":7.0,"gold_loss":0.0,"damage_taken":0.0,"relics_obtained":["Potion Belt"]},{"damage_healed":0.0,"max_hp_gain":0.0,"max_hp_loss":0.0,"gold_gain":75.0,"event_name":"World of Goop","player_choice":"Gather Gold","floor":11.0,"gold_loss":0.0,"damage_taken":11.0},{"damage_healed":0,"gold_gain":0,"player_choice":"2 cards matched","damage_taken":0,"max_hp_gain":0,"max_hp_loss":0,"event_name":"Match and Keep!","floor":20,"gold_loss":0,"cards_obtained":["Body Slam","Exhume"]}],"is_beta":false,"boss_relics":[{"not_picked":["Philosopher\u0027s Stone","Lizard Tail"],"picked":"Fusion Hammer"}],"items_purged_floors":[5,19],"is_endless":false,"potions_floor_spawned":[1,7,14,18,21],"killed_by":"Shelled Parasite and Fungi","ascension_level":3}