{"gold_per_floor":[119,119,44,44,44,44,56,88,88,107,142,161,236,81,81,154,154,133,97,112,130,148,148,175,22,22,22,49,49,49,59,59,130,130,150,25,25,43,0,20,47,47,116,131,165,184,218,41,41,41,41,41,41,41,72,72],"floor_reached":57,"playtime":4017,"items_purged":["Strike_G","Strike_G","Strike_G"],"score":2926,"play_id":"503731fa-cfb4-44ec-ad2f-6c5324983a23","local_time":"20190203180238","is_ascension_mode":true,"campfire_choices":[{"data":"Deadly Poison","floor":6.0,"key":"SMITH"},{"floor":15.0,"key":"REST"},{"floor":23,"key":"REST"},{"data":"Crippling Poison","floor":27,"key":"SMITH"},{"floor":30,"key":"REST"},{"data":"Bouncing Flask","floor":32,"key":"SMITH"},{"floor":42,"key":"REST"},{"floor":49,"key":"RECALL"},{"floor":53,"key":"REST"}],"neow_cost":"NONE","seed_source_timestamp":0,"circlet_count":0,"master_deck":["AscendersBane","Defend_G+1","Defend_G","Defend_G","Defend_G+1","Defend_G","Strike_G+1","Survivor","Neutralize","Deadly Poison+1","Bouncing Flask+1","PiercingWail","Dodge and Roll","Noxious Fumes+1","Wraith Form v2+1","Crippling Poison+1","PiercingWail","Backflip","PiercingWail+1","Bullet Time","Predator+1","Apotheosis","The Bomb","Well Laid Plans+1","Decay","Catalyst+1","Night Terror","After Image+1"],"special_seed":0,"relics":["Ring of the Snake","NeowsBlessing","Frozen Egg 2","Darkstone Periapt","Anchor","Snecko Eye","Regal Pillow","Oddly Smooth Stone","StoneCalendar","Cursed Key","Red Mask","War Paint","Question Card","Dodecahedron","Boot"],"potions_floor_usage":[22,24,56,56],"damage_taken":[{"damage":0.0,"enemies":"Jaw Worm","floor":1.0,"turns":1.0},{"damage":0.0,"enemies":"Small Slimes","floor":7.0,"turns":1.0},{"damage":0.0,"enemies":"Gremlin Nob","floor":8.0,"turns":1.0},{"damage":0.0,"enemies":"Cultist","floor":10.0,"turns":3.0},{"damage":10.0,"enemies":"Lagavulin","floor":11.0,"turns":5.0},{"damage":0.0,"enemies":"3 Louse","floor":12.0,"turns":4.0},{"damage":25.0,"enemies":"The Guardian","floor":16.0,"turns":9.0},{"damage":0.0,"enemies":"2 Thieves","floor":18.0,"turns":4.0},{"damage":14,"enemies":"Chosen","floor":20,"turns":5},{"damage":12,"enemies":"Centurion and Healer","floor":21,"turns":8},{"damage":12,"enemies":"3 Cultists","floor":22,"turns":6},{"damage":6,"enemies":"Book of Stabbing","floor":24,"turns":7},{"damage":0,"enemies":"Slavers","floor":28,"turns":5},{"damage":7,"enemies":"Shelled Parasite and Fungi","floor":31,"turns":5},{"damage":0,"enemies":"Automaton","floor":33,"turns":8},{"damage":0,"enemies":"Orb Walker","floor":35,"turns":4},{"damage":0,"enemies":"3 Shapes","floor":38,"turns":3},{"damage":2,"enemies":"Spire Growth","floor":40,"turns":5},{"damage":28,"enemies":"Reptomancer","floor":41,"turns":7},{"damage":0,"enemies":"Transient","floor":44,"turns":6},{"damage":27,"enemies":"Nemesis","floor":45,"turns":9},{"damage":0,"enemies":"Maw","floor":46,"turns":7},{"damage":6,"enemies":"Reptomancer","floor":47,"turns":6},{"damage":8,"enemies":"Time Eater","floor":50,"turns":8},{"damage":8,"enemies":"Donu and Deca","floor":51,"turns":8},{"damage":10,"enemies":"Shield and Spear","floor":55,"turns":8},{"damage":43,"enemies":"The Heart","floor":56,"turns":9}],"seed_played":"-2367177582800847218","potions_obtained":[{"floor":1.0,"key":"Weak Potion"},{"floor":8.0,"key":"Poison Potion"},{"floor":11.0,"key":"Fire Potion"},{"floor":12.0,"key":"EssenceOfSteel"},{"floor":22,"key":"EssenceOfSteel"},{"floor":28,"key":"LiquidBronze"},{"floor":40,"key":"GhostInAJar"},{"floor":47,"key":"PowerPotion"}],"is_trial":false,"path_per_floor":["M","?","?","$","T","R","M","E","T","M","E","M","?","$","R","B",null,"M","$","M","M","M","R","E","$","T","R","E","?","R","M","R","B",null,"M","$","?","M","?","M","E","R","T","M","E","M","E","$","R","B","B",null,"R","$","E","B",null],"character_chosen":"THE_SILENT","items_purchased":["Noxious Fumes+1","Crippling Poison","Explosive Potion","Night Terror"],"campfire_rested":5,"item_purchase_floors":[14,19,25,48],"current_hp_per_floor":[59,39,39,39,39,39,39,39,39,39,29,29,18,18,37,12,53,53,53,39,27,15,34,28,28,28,28,28,19,53,46,46,46,61,61,61,51,51,51,49,21,55,61,61,34,34,28,28,28,20,12,57,72,72,62,19],"gold":72,"neow_bonus":"THREE_ENEMY_KILL","is_prod":false,"is_daily":false,"chose_seed":false,"campfire_upgraded":3,"win_rate":0,"timestamp":1549213358,"path_taken":["M","?","?","?","?","R","M","E","T","M","E","M","?","$","R","BOSS","M","$","M","M","M","R","E","$","T","R","E","?","R","M","R","BOSS","M","$","?","M","?","M","E","R","T","M","E","M","E","$","R","BOSS","BOSS","R","$","E","BOSS"],"build_version":"2019-01-23","purchased_purges":3,"victory":true,"max_hp_per_floor":[66,66,66,66,66,66,66,66,66,66,66,66,66,66,66,66,66,66,66,66,66,66,66,66,66,66,66,66,66,66,66,66,66,66,66,66,66,66,66,66,66,66,72,72,72,72,72,72,72,72,72,72,72,72,72,72],"card_choices":[{"not_picked":["Heel Hook","Prepared"],"picked":"Deadly Poison","floor":1.0},{"not_picked":["Cloak And Dagger","Terror"],"picked":"Bouncing Flask","floor":7.0},{"not_picked":["Deadly Poison","Distraction","Burst"],"picked":"SKIP","floor":8.0},{"not_picked":["Acrobatics","Finisher","Prepared"],"picked":"SKIP","floor":10.0},{"not_picked":["Doppelganger","Flying Knee"],"picked":"PiercingWail","floor":11.0},{"not_picked":["Sucker Punch","Bane"],"picked":"Dodge and Roll","floor":12.0},{"not_picked":["Phantasmal Killer","A Thousand Cuts+1"],"picked":"Wraith Form v2+1","floor":16.0},{"not_picked":["Concentrate","Acrobatics","Dagger Throw+1"],"picked":"SKIP","floor":18.0},{"not_picked":["Concentrate","Acrobatics","Dagger Throw+1"],"picked":"SKIP","floor":18.0},{"not_picked":["Underhanded Strike","Deflect","Dagger Throw"],"picked":"SKIP","floor":20},{"not_picked":["Calculated Gamble","Finisher","Skewer"],"picked":"SKIP","floor":21},{"not_picked":["Blade Dance","Tools of the Trade+1"],"picked":"PiercingWail","floor":22},{"not_picked":["Cloak And Dagger","Deflect","Dagger Throw"],"picked":"SKIP","floor":24},{"not_picked":["Grand Finale","Sucker Punch"],"picked":"Backflip","floor":28},{"not_picked":["Underhanded Strike+1","Expertise"],"picked":"PiercingWail","floor":31},{"not_picked":["Envenom+1","Phantasmal Killer"],"picked":"Bullet Time","floor":33},{"not_picked":["Tactician","Prepared"],"picked":"Predator+1","floor":35},{"not_picked":["Discovery","Bandage Up"],"picked":"Apotheosis","floor":37},{"not_picked":["Secret Technique","Master of Strategy"],"picked":"The Bomb","floor":37},{"not_picked":["Dodge and Roll","Deadly Poison","Sucker Punch"],"picked":"SKIP","floor":38},{"not_picked":["Flying Knee","Underhanded Strike+1"],"picked":"Well Laid Plans+1","floor":40},{"not_picked":["Slice","Finisher+1","Infinite Blades+1"],"picked":"SKIP","floor":41},{"not_picked":["Sucker Punch","Choke+1","Bane"],"picked":"SKIP","floor":44},{"not_picked":["Sucker Punch","Cloak And Dagger","Expertise"],"picked":"SKIP","floor":45},{"not_picked":["Acrobatics","Prepared","Deflect","Flechettes"],"picked":"SKIP","floor":46},{"not_picked":["Accuracy+1","Terror","Leg Sweep"],"picked":"Catalyst+1","floor":47},{"not_picked":["Blade Dance","Backflip","Sucker Punch+1"],"picked":"After Image+1","floor":55}],"player_experience":865330,"relics_obtained":[{"floor":5.0,"key":"Frozen Egg 2"},{"floor":8.0,"key":"Darkstone Periapt"},{"floor":11.0,"key":"Anchor"},{"floor":24,"key":"Regal Pillow"},{"floor":26,"key":"Oddly Smooth Stone"},{"floor":28,"key":"StoneCalendar"},{"floor":41,"key":"War Paint"},{"floor":45,"key":"Question Card"},{"floor":47,"key":"Dodecahedron"},{"floor":55,"key":"Boot"}],"event_choices":[{"damage_healed":0.0,"max_hp_gain":0.0,"max_hp_loss":0.0,"gold_gain":0.0,"event_name":"Shining Light","player_choice":"Entered Light","floor":2.0,"gold_loss":0.0,"damage_taken":20.0,"cards_upgraded":["Defend_G","Strike_G"]},{"cards_removed":["Strike_G"],"damage_healed":0.0,"max_hp_gain":0.0,"max_hp_loss":0.0,"gold_gain":0.0,"event_name":"The Cleric","player_choice":"Card Removal","floor":3.0,"gold_loss":75.0,"damage_taken":0.0},{"damage_healed":0.0,"max_hp_gain":0.0,"max_hp_loss":0.0,"gold_gain":75.0,"event_name":"World of Goop","player_choice":"Gather Gold","floor":13.0,"gold_loss":0.0,"damage_taken":11.0},{"damage_healed":0,"gold_gain":0,"player_choice":"Damaged","damage_taken":9,"max_hp_gain":0,"max_hp_loss":0,"event_name":"Wheel of Change","floor":29,"gold_loss":0},{"damage_healed":0,"gold_gain":0,"player_choice":"Memory 3","damage_taken":10,"max_hp_gain":0,"max_hp_loss":0,"event_name":"SensoryStone","floor":37,"gold_loss":0},{"damage_healed":0,"gold_gain":0,"player_choice":"Paid","damage_taken":0,"relics_obtained":["Red Mask"],"max_hp_gain":0,"max_hp_loss":0,"event_name":"Tomb of Lord Red Mask","floor":39,"gold_loss":43}],"is_beta":false,"boss_relics":[{"not_picked":["Pandora\u0027s Box","Ectoplasm"],"picked":"Snecko Eye"},{"not_picked":["Eternal Feather","Calling Bell"],"picked":"Cursed Key"}],"items_purged_floors":[14,25,36],"is_endless":false,"potions_floor_spawned":[1,8,11,12,22,28,40,45,46,47],"ascension_level":20}