{"gold_per_floor":[110,110,134,134,4,4,48,48,48,73,6,6,41,55,55,144,144,162,3,3,26,47,47],"floor_reached":23,"playtime":1070,"items_purged":["Strike_B+1"],"score":398,"play_id":"d766011d-3ae1-4ccb-a076-b32a904c1c2a","local_time":"20181222142358","is_ascension_mode":true,"campfire_choices":[{"data":"Streamline","floor":6,"key":"SMITH"},{"floor":8,"key":"REST"},{"data":"Doom and Gloom","floor":12,"key":"SMITH"},{"data":"Leap","floor":15,"key":"SMITH"}],"neow_cost":"TEN_PERCENT_HP_LOSS","seed_source_timestamp":9555533061037,"circlet_count":0,"master_deck":["AscendersBane","Strike_B+1","Defend_B+1","Defend_B+1","Defend_B+1","Defend_B+1","Zap+1","Dualcast","Beam Cell","Chaos+1","Streamline+1","Cold Snap","Doom and Gloom+1","Leap+1","Static Discharge+1","Electrodynamics+1","Leap+1","Conserve Battery","Ball Lightning+1"],"relics":["Cracked Core","Golden Idol","Frozen Egg 2","Pocketwatch","Meat on the Bone","Whetstone","Black Star"],"potions_floor_usage":[10,13,16,23,23],"damage_taken":[{"damage":9,"enemies":"Cultist","floor":1,"turns":4},{"damage":19,"enemies":"Jaw Worm","floor":3,"turns":4},{"damage":8,"enemies":"3 Sentries","floor":7,"turns":4},{"damage":0,"enemies":"Small Slimes","floor":10,"turns":1},{"damage":1,"enemies":"Lagavulin","floor":13,"turns":4},{"damage":0,"enemies":"Exordium Thugs","floor":14,"turns":3},{"damage":17,"enemies":"Hexaghost","floor":16,"turns":8},{"damage":25,"enemies":"2 Thieves","floor":18,"turns":2},{"damage":1,"enemies":"3 Byrds","floor":21,"turns":2},{"damage":10,"enemies":"3 Cultists","floor":22,"turns":5},{"damage":48,"enemies":"Book of Stabbing","floor":23,"turns":3}],"seed_played":"3460299705912470391","potions_obtained":[{"floor":1,"key":"SteroidPotion"},{"floor":13,"key":"GamblersBrew"},{"floor":16,"key":"Strength Potion"},{"floor":22,"key":"Block Potion"}],"is_trial":false,"path_per_floor":["M","?","M","?","$","R","E","R","T","M","?","R","E","M","R","B",null,"M","$","?","M","M","E"],"character_chosen":"DEFECT","items_purchased":["Doom and Gloom","Weak Potion","Conserve Battery","Fire Potion"],"campfire_rested":1,"item_purchase_floors":[5,5,19,19],"current_hp_per_floor":[55,55,36,19,19,19,11,28,28,28,28,28,39,39,39,34,52,39,39,39,38,40,0],"gold":47,"neow_bonus":"TRANSFORM_TWO_CARDS","is_prod":false,"is_daily":false,"chose_seed":false,"campfire_upgraded":3,"win_rate":0,"timestamp":1545485038,"path_taken":["M","?","M","?","$","R","E","R","T","?","?","R","E","M","R","BOSS","M","$","?","M","M","E"],"build_version":"2018-12-20","purchased_purges":1,"victory":false,"max_hp_per_floor":[64,58,58,58,58,58,58,58,58,58,58,58,58,58,58,58,58,58,58,58,58,58,58],"card_choices":[{"not_picked":["Conserve Battery","Gash"],"picked":"Streamline","floor":1},{"not_picked":["Redo","Reinforced Body"],"picked":"Cold Snap","floor":3},{"not_picked":["Scrape","Tempest","BootSequence"],"picked":"SKIP","floor":7},{"not_picked":["Coolheaded","Beam Cell","Stack"],"picked":"SKIP","floor":10},{"not_picked":["Blizzard","Hyperbeam"],"picked":"Leap","floor":13},{"not_picked":["Redo","Ball Lightning"],"picked":"Static Discharge+1","floor":14},{"not_picked":["Hyperbeam","All For One"],"picked":"Electrodynamics+1","floor":16},{"not_picked":["Storm+1","Barrage"],"picked":"Leap+1","floor":18},{"not_picked":["Rebound","Redo"],"picked":"Ball Lightning+1","floor":21},{"not_picked":["Self Repair+1","Leap","Cold Snap"],"picked":"SKIP","floor":22}],"player_experience":675917,"relics_obtained":[{"floor":7,"key":"Frozen Egg 2"},{"floor":9,"key":"Pocketwatch"},{"floor":13,"key":"Whetstone"}],"event_choices":[{"damage_healed":0,"gold_gain":0,"player_choice":"Lose Max HP","damage_taken":0,"relics_obtained":["Golden Idol"],"max_hp_gain":0,"max_hp_loss":6,"event_name":"Golden Idol","floor":2,"gold_loss":0},{"damage_healed":0,"gold_gain":0,"player_choice":"Entered Light","damage_taken":17,"max_hp_gain":0,"max_hp_loss":0,"event_name":"Shining Light","floor":4,"gold_loss":0,"cards_upgraded":["Chaos","Zap"]},{"damage_healed":0,"gold_gain":0,"player_choice":"Paid Gold","damage_taken":0,"relics_obtained":["Meat on the Bone"],"max_hp_gain":0,"max_hp_loss":0,"event_name":"WeMeetAgain","floor":11,"gold_loss":67},{"damage_healed":0,"gold_gain":0,"player_choice":"Simplicity","damage_taken":0,"max_hp_gain":0,"max_hp_loss":0,"event_name":"Back to Basics","floor":20,"gold_loss":0,"cards_upgraded":["Defend_B","Defend_B","Defend_B","Defend_B"]}],"is_beta":false,"boss_relics":[{"not_picked":["Coffee Dripper","Ectoplasm"],"picked":"Black Star"}],"items_purged_floors":[19],"is_endless":false,"potions_floor_spawned":[1,13,16,22],"killed_by":"Book of Stabbing","ascension_level":20}