{"gold_per_floor":[112,58,75,92,92,92,112,168,168,195,50,77,88,100,100,175,175,150,175,51,51,24,24,24],"floor_reached":24,"playtime":1090,"items_purged":["Defend_R"],"score":364,"play_id":"4cfc978b-23df-4345-a0c9-5601df0de100","local_time":"20190515150005","is_ascension_mode":true,"campfire_choices":[{"data":"Blind","floor":6,"key":"SMITH"},{"floor":15,"key":"REST"},{"floor":23,"key":"REST"}],"neow_cost":"NONE","seed_source_timestamp":2333412732327139,"circlet_count":0,"master_deck":["AscendersBane","Strike_R+1","Strike_R+1","Strike_R+1","Strike_R+1","Strike_R+1","Defend_R+1","Defend_R+1","Defend_R+1","Bash","Blind+1","Cleave","Cleave","Juggernaut+1","Flame Barrier","Disarm+1","Seeing Red+1","Warcry+1","Impervious+1","True Grit+1","Warcry+1"],"relics":["Black Blood","Frozen Egg 2","Tiny Chest","Toxic Egg 2","Matryoshka","PreservedInsect","Ancient Tea Set","Red Mask"],"potions_floor_usage":[8,10,10,16,18,19],"damage_taken":[{"damage":2,"enemies":"Small Slimes","floor":1,"turns":4},{"damage":7,"enemies":"Jaw Worm","floor":3,"turns":4},{"damage":0,"enemies":"2 Louse","floor":4,"turns":3},{"damage":3,"enemies":"2 Fungi Beasts","floor":7,"turns":4},{"damage":31,"enemies":"Lagavulin","floor":8,"turns":8},{"damage":19,"enemies":"3 Sentries","floor":10,"turns":6},{"damage":12,"enemies":"Lagavulin","floor":12,"turns":7},{"damage":12,"enemies":"3 Louse","floor":13,"turns":3},{"damage":5,"enemies":"Red Slaver","floor":14,"turns":3},{"damage":21,"enemies":"The Guardian","floor":16,"turns":14},{"damage":33,"enemies":"2 Thieves","floor":18,"turns":5},{"damage":24,"enemies":"Masked Bandits","floor":19,"turns":5},{"damage":54,"enemies":"Gremlin Leader","floor":24,"turns":6}],"seed_played":"-481139390243668306","potions_obtained":[{"floor":1,"key":"Regen Potion"},{"floor":3,"key":"LiquidBronze"},{"floor":8,"key":"PowerPotion"},{"floor":14,"key":"Swift Potion"},{"floor":16,"key":"Block Potion"},{"floor":18,"key":"SkillPotion"},{"floor":19,"key":"Regen Potion"}],"is_trial":false,"path_per_floor":["M","$","M","M","?","R","M","E","T","E","$","E","M","M","R","B",null,"M","?","$","?","$","R","E"],"character_chosen":"IRONCLAD","items_purchased":["Cleave","PreservedInsect","True Grit+1","Warcry+1"],"campfire_rested":2,"item_purchase_floors":[2,11,20,22],"current_hp_per_floor":[72,72,71,75,68,68,71,46,46,47,47,41,35,36,58,43,67,44,30,30,30,30,52,0],"gold":24,"neow_bonus":"RANDOM_COLORLESS","is_prod":false,"is_daily":false,"chose_seed":false,"campfire_upgraded":1,"win_rate":0,"timestamp":1557943205,"path_taken":["M","$","M","M","?","R","M","E","T","E","?","E","M","M","R","BOSS","M","?","$","?","$","R","E"],"build_version":"2019-01-23","purchased_purges":1,"victory":false,"max_hp_per_floor":[75,75,75,75,75,75,75,75,75,75,75,75,75,75,75,75,75,75,75,75,75,75,75,75],"card_choices":[{"not_picked":["Body Slam","Anger"],"picked":"Cleave","floor":1},{"not_picked":["Flex","Heavy Blade","Clothesline"],"picked":"SKIP","floor":3},{"not_picked":["Clothesline","Sentinel","Heavy Blade"],"picked":"SKIP","floor":4},{"not_picked":["Shrug It Off","Bloodletting"],"picked":"Juggernaut+1","floor":7},{"not_picked":["Flex","Whirlwind"],"picked":"Flame Barrier","floor":8},{"not_picked":["Bloodletting+1","Thunderclap"],"picked":"Disarm+1","floor":10},{"not_picked":["Sentinel+1","Headbutt"],"picked":"Seeing Red+1","floor":12},{"not_picked":["Anger","Armaments+1"],"picked":"Warcry+1","floor":13},{"not_picked":["Thunderclap","Dropkick","Combust+1"],"picked":"SKIP","floor":14},{"not_picked":["Bludgeon","Dark Embrace+1"],"picked":"Impervious+1","floor":16},{"not_picked":["Flame Barrier+1","Clash","Twin Strike"],"picked":"SKIP","floor":18}],"player_experience":739125,"relics_obtained":[{"floor":8,"key":"Tiny Chest"},{"floor":9,"key":"Toxic Egg 2"},{"floor":10,"key":"Matryoshka"},{"floor":12,"key":"Ancient Tea Set"},{"floor":19,"key":"Red Mask"}],"event_choices":[{"damage_healed":0,"gold_gain":0,"player_choice":"Success","damage_taken":7,"relics_obtained":["Frozen Egg 2"],"max_hp_gain":0,"max_hp_loss":0,"event_name":"Scrap Ooze","floor":5,"gold_loss":0},{"damage_healed":0,"gold_gain":0,"player_choice":"Fought Bandits","damage_taken":0,"max_hp_gain":0,"max_hp_loss":0,"event_name":"Masked Bandits","floor":19,"gold_loss":0},{"damage_healed":0,"gold_gain":0,"player_choice":"Simplicity","damage_taken":0,"max_hp_gain":0,"max_hp_loss":0,"event_name":"Back to Basics","floor":21,"gold_loss":0,"cards_upgraded":["Strike_R","Strike_R","Strike_R","Strike_R","Strike_R","Defend_R","Defend_R","Defend_R"]}],"is_beta":false,"boss_relics":[{"not_picked":["Velvet Choker","Runic Pyramid"],"picked":"Black Blood"}],"items_purged_floors":[20],"is_endless":false,"potions_floor_spawned":[1,3,8,14,16,18,19],"killed_by":"Gremlin Leader","ascension_level":14}