{"gold_per_floor":[119,269,25,25,25,59,59,91,160,177,192,192,203,231,231,308,308,319,319,334,344,17,17],"floor_reached":23,"playtime":1224,"items_purged":["Doubt"],"score":518,"play_id":"af06c396-4d6e-49d3-bd92-3b1e11b9a510","local_time":"20190112144629","is_ascension_mode":true,"campfire_choices":[{"data":"Bash","floor":7,"key":"SMITH"},{"data":"Armaments","floor":12,"key":"SMITH"},{"data":"Pommel Strike","floor":15,"key":"SMITH"}],"neow_cost":"NONE","seed_source_timestamp":7829760703678,"circlet_count":0,"master_deck":["AscendersBane","Strike_R","Strike_R","Strike_R","Defend_R","Defend_R","Defend_R","Defend_R","Bash+1","Rupture","Pommel Strike+1","Shrug It Off","Armaments+1","Impervious","Impervious","Feed","Feel No Pain","Juggernaut","Body Slam"],"relics":["Burning Blood","NeowsBlessing","Bag of Preparation","Darkstone Periapt","Happy Flower","Question Card","Singing Bowl","Empty Cage","Pantograph"],"potions_floor_usage":[14,16,18,21],"damage_taken":[{"damage":0,"enemies":"Small Slimes","floor":1,"turns":1},{"damage":0,"enemies":"Lagavulin","floor":6,"turns":1},{"damage":0,"enemies":"3 Sentries","floor":8,"turns":2},{"damage":1,"enemies":"2 Louse","floor":10,"turns":3},{"damage":2,"enemies":"Jaw Worm","floor":11,"turns":3},{"damage":6,"enemies":"Exordium Wildlife","floor":13,"turns":4},{"damage":24,"enemies":"Gremlin Nob","floor":14,"turns":4},{"damage":46,"enemies":"Slime Boss","floor":16,"turns":10},{"damage":17,"enemies":"Chosen","floor":18,"turns":6},{"damage":13,"enemies":"Shell Parasite","floor":20,"turns":17},{"damage":48,"enemies":"Cultist and Chosen","floor":21,"turns":11},{"damage":47,"enemies":"Book of Stabbing","floor":23,"turns":4}],"seed_played":"9046074873004424026","potions_obtained":[{"floor":8,"key":"Weak Potion"},{"floor":10,"key":"Strength Potion"},{"floor":16,"key":"Swift Potion"},{"floor":18,"key":"Explosive Potion"}],"is_trial":false,"path_per_floor":["M","?","$","?","$","E","R","E","T","M","M","R","M","E","R","B",null,"M","?","M","M","$","E"],"character_chosen":"IRONCLAD","items_purchased":["Bag of Preparation","Pantograph","Body Slam"],"campfire_rested":0,"item_purchase_floors":[3,22,22],"current_hp_per_floor":[74,74,74,79,79,80,80,80,80,80,80,80,80,62,62,22,66,61,86,83,45,45,0],"gold":17,"neow_bonus":"THREE_ENEMY_KILL","is_prod":false,"is_daily":false,"chose_seed":false,"campfire_upgraded":3,"win_rate":0,"timestamp":1547300789,"path_taken":["M","?","$","?","?","E","R","E","T","M","M","R","M","E","R","BOSS","M","?","M","?","$","E"],"build_version":"2019-01-10","purchased_purges":1,"victory":false,"max_hp_per_floor":[75,75,75,80,80,80,80,80,80,80,80,80,80,80,80,80,80,86,86,90,94,94,94],"card_choices":[{"not_picked":["Flex","Entrench"],"picked":"Rupture","floor":1},{"not_picked":["Evolve","Burning Pact"],"picked":"Pummel","floor":6},{"not_picked":["Dual Wield","Reckless Charge"],"picked":"Pommel Strike","floor":8},{"not_picked":["Anger","Perfected Strike","Pummel"],"picked":"Shrug It Off","floor":10},{"not_picked":["Hemokinesis","Dual Wield","Wild Strike"],"picked":"Armaments","floor":11},{"not_picked":["True Grit","Body Slam","Cleave"],"picked":"Impervious","floor":13},{"not_picked":["Dual Wield","Carnage","Bloodletting"],"picked":"Impervious","floor":14},{"not_picked":["Exhume","Double Tap","Barricade"],"picked":"Feed","floor":16},{"not_picked":["Wild Strike","Sword Boomerang","Thunderclap","Dual Wield"],"picked":"Singing Bowl","floor":18},{"not_picked":["Perfected Strike+1","Cleave","Havoc+1"],"picked":"Feel No Pain","floor":20},{"not_picked":["Evolve","Clash","Heavy Blade"],"picked":"Juggernaut","floor":21}],"player_experience":745550,"relics_obtained":[{"floor":6,"key":"Darkstone Periapt"},{"floor":8,"key":"Happy Flower"},{"floor":9,"key":"Question Card"},{"floor":14,"key":"Singing Bowl"}],"event_choices":[{"damage_healed":0,"gold_gain":150,"player_choice":"AGREE","damage_taken":0,"max_hp_gain":0,"max_hp_loss":0,"event_name":"Liars Game","floor":2,"gold_loss":0,"cards_obtained":["Doubt"]},{"damage_healed":0,"gold_gain":0,"player_choice":"Donut","damage_taken":0,"max_hp_gain":5,"max_hp_loss":0,"event_name":"Big Fish","floor":4,"gold_loss":0},{"cards_removed":["Pummel"],"damage_healed":25,"gold_gain":0,"player_choice":"Offered Uncommon","damage_taken":0,"max_hp_gain":0,"max_hp_loss":0,"event_name":"Bonfire Elementals","floor":19,"gold_loss":0}],"is_beta":false,"boss_relics":[{"not_picked":["Eternal Feather","White Beast Statue"],"picked":"Empty Cage"}],"items_purged_floors":[3],"is_endless":false,"potions_floor_spawned":[8,10,16,18],"killed_by":"Book of Stabbing","ascension_level":20}