{"gold_per_floor":[117,133,83,93,168,168,186,186,210,210,228,241,273,288,288,384,384,395,409,421,440,440,460,460],"floor_reached":24,"playtime":1104,"items_purged":[],"score":204,"play_id":"e93e001e-19d1-4d9e-8ad8-890761ba3445","local_time":"20190602195027","is_ascension_mode":false,"campfire_choices":[{"data":"Zap","floor":6.0,"key":"SMITH"},{"data":"Go for the Eyes","floor":8.0,"key":"SMITH"},{"data":"Loop","floor":10.0,"key":"SMITH"},{"data":"Fusion","floor":15.0,"key":"SMITH"}],"neow_cost":"NONE","seed_source_timestamp":0,"circlet_count":0,"master_deck":["Strike_B","Strike_B","Strike_B","Defend_B","Defend_B","Defend_B","Defend_B","Zap+1","Dualcast","Rip and Tear","Cold Snap","Loop+1","Go for the Eyes+1","Cold Snap","Beam Cell","Fusion+1","Gash","All For One","Coolheaded+1","Conserve Battery","Ball Lightning","BootSequence","Decay","Defragment+1"],"special_seed":0,"relics":["Cracked Core"],"potions_floor_usage":[21,21],"damage_taken":[{"damage":1.0,"enemies":"Jaw Worm","floor":1.0,"turns":4.0},{"damage":0.0,"enemies":"2 Louse","floor":2.0,"turns":2.0},{"damage":0.0,"enemies":"Cultist","floor":4.0,"turns":3.0},{"damage":9.0,"enemies":"3 Louse","floor":7.0,"turns":3.0},{"damage":0.0,"enemies":"Gremlin Gang","floor":11.0,"turns":5.0},{"damage":7.0,"enemies":"Exordium Thugs","floor":12.0,"turns":4.0},{"damage":6.0,"enemies":"Lagavulin","floor":13.0,"turns":6.0},{"damage":4.0,"enemies":"Exordium Wildlife","floor":14.0,"turns":2.0},{"damage":22.0,"enemies":"Hexaghost","floor":16.0,"turns":15.0},{"damage":22.0,"enemies":"3 Byrds","floor":18.0,"turns":5.0},{"damage":11.0,"enemies":"Shell Parasite","floor":19.0,"turns":6.0},{"damage":24.0,"enemies":"Shelled Parasite and Fungi","floor":20.0,"turns":8.0},{"damage":4,"enemies":"Centurion and Healer","floor":21,"turns":6},{"damage":12,"enemies":"Snecko","floor":23,"turns":6},{"damage":13,"enemies":"Snake Plant","floor":24,"turns":3}],"seed_played":"6917410882122701313","potions_obtained":[{"floor":2.0,"key":"Poison Potion"},{"floor":4.0,"key":"Swift Potion"},{"floor":16.0,"key":"Energy Potion"},{"floor":18.0,"key":"Poison Potion"}],"is_trial":false,"path_per_floor":["M","M","?","M","?","R","M","R","T","R","M","M","E","M","R","B",null,"M","M","M","M","?","M","M"],"character_chosen":"DEFECT","items_purchased":[],"campfire_rested":0,"item_purchase_floors":[],"current_hp_per_floor":[81,81,81,81,73,73,64,64,64,64,64,57,51,47,47,25,82,60,49,25,21,21,9,0],"gold":460,"neow_bonus":"TEN_PERCENT_HP_BONUS","is_prod":false,"is_daily":false,"chose_seed":false,"campfire_upgraded":4,"win_rate":0,"timestamp":1559519427,"path_taken":["M","M","?","M","?","R","M","R","T","R","M","M","E","M","R","BOSS","M","M","M","?","?","?","M"],"build_version":"2019-01-23","purchased_purges":0,"victory":false,"max_hp_per_floor":[82,82,82,82,82,82,82,82,82,82,82,82,82,82,82,82,82,82,82,82,82,82,82,82],"card_choices":[{"not_picked":["Rebound","Double Energy"],"picked":"Rip and Tear","floor":1.0},{"not_picked":["Coolheaded","Reprogram"],"picked":"Cold Snap","floor":2.0},{"not_picked":["Stack","Double Energy"],"picked":"Loop","floor":4.0},{"not_picked":["Ball Lightning","Cold Snap"],"picked":"Go for the Eyes","floor":7.0},{"not_picked":["Biased Cognition","Go for the Eyes"],"picked":"Cold Snap","floor":11.0},{"not_picked":["Compile Driver","Streamline"],"picked":"Beam Cell","floor":12.0},{"not_picked":["Skim","Redo"],"picked":"Fusion","floor":13.0},{"not_picked":["Barrage","Redo"],"picked":"Gash","floor":14.0},{"not_picked":["Seek","Biased Cognition"],"picked":"All For One","floor":16.0},{"not_picked":["Force Field","Chill"],"picked":"Coolheaded+1","floor":18.0},{"not_picked":["Gash+1","Lockon"],"picked":"Conserve Battery","floor":19.0},{"not_picked":["Barrage","Rip and Tear+1"],"picked":"Ball Lightning","floor":20.0},{"not_picked":["Conserve Battery","Tempest"],"picked":"BootSequence","floor":21},{"not_picked":["Cold Snap","Gash+1"],"picked":"Defragment+1","floor":23}],"player_experience":643347,"relics_obtained":[],"event_choices":[{"cards_removed":["Strike_B"],"damage_healed":0.0,"max_hp_gain":0.0,"max_hp_loss":0.0,"gold_gain":0.0,"event_name":"The Cleric","player_choice":"Card Removal","floor":3.0,"gold_loss":50.0,"damage_taken":0.0},{"damage_healed":0.0,"max_hp_gain":0.0,"max_hp_loss":0.0,"gold_gain":75.0,"event_name":"FaceTrader","player_choice":"Touch","floor":5.0,"gold_loss":0.0,"damage_taken":8.0},{"damage_healed":0,"gold_gain":0,"player_choice":"Cursed","damage_taken":0,"max_hp_gain":0,"max_hp_loss":0,"event_name":"Wheel of Change","floor":22,"gold_loss":0,"cards_obtained":["Decay"]}],"is_beta":false,"boss_relics":[{"not_picked":["Pandora\u0027s Box","Ectoplasm","Runic Pyramid"]}],"items_purged_floors":[],"is_endless":false,"potions_floor_spawned":[2,4,16,18],"killed_by":"Snake Plant","ascension_level":0}