{"gold_per_floor":[118,118,268,278,289,289,319,319,319,319,22,51,51,68,68,141,141,159,177,187,23,40,40],"floor_reached":23,"playtime":1184,"items_purged":["Doubt","Strike_R"],"score":402,"play_id":"909af085-88b3-4c2e-a296-d0e33f535693","local_time":"20181222000003","is_ascension_mode":true,"campfire_choices":[{"data":"Hemokinesis","floor":6,"key":"SMITH"},{"data":"Whirlwind","floor":10,"key":"SMITH"},{"floor":13,"key":"REST"},{"floor":15,"key":"REST"}],"neow_cost":"NONE","seed_source_timestamp":26197615834378,"circlet_count":0,"master_deck":["AscendersBane","Strike_R","Strike_R","Strike_R","Defend_R","Defend_R","Defend_R","Defend_R","Bash","Iron Wave","Hemokinesis+1","Whirlwind+1","Ghostly Armor","Impervious","Combust","Iron Wave","Uppercut+1"],"relics":["Burning Blood","Oddly Smooth Stone","Mummified Hand","Toy Ornithopter","The Courier","Cursed Key"],"potions_floor_usage":[12,16,18,18,22,23],"damage_taken":[{"damage":4,"enemies":"Small Slimes","floor":1,"turns":3},{"damage":7,"enemies":"2 Louse","floor":4,"turns":4},{"damage":1,"enemies":"Jaw Worm","floor":5,"turns":5},{"damage":42,"enemies":"Lagavulin","floor":7,"turns":7},{"damage":26,"enemies":"Gremlin Nob","floor":12,"turns":4},{"damage":27,"enemies":"Exordium Thugs","floor":14,"turns":7},{"damage":41,"enemies":"Slime Boss","floor":16,"turns":10},{"damage":17,"enemies":"Shell Parasite","floor":18,"turns":11},{"damage":20,"enemies":"2 Thieves","floor":19,"turns":5},{"damage":37,"enemies":"Cultist and Chosen","floor":20,"turns":6},{"damage":13,"enemies":"Snake Plant","floor":22,"turns":5},{"damage":19,"enemies":"Book of Stabbing","floor":23,"turns":3}],"seed_played":"526635162130075679","potions_obtained":[{"floor":7,"key":"Ancient Potion"},{"floor":12,"key":"Strength Potion"},{"floor":14,"key":"SteroidPotion"},{"floor":16,"key":"Weak Potion"},{"floor":20,"key":"Weak Potion"}],"is_trial":false,"path_per_floor":["M","?","?","M","M","R","E","?","T","R","$","E","R","M","R","B",null,"M","M","M","$","M","E"],"character_chosen":"IRONCLAD","items_purchased":["Toy Ornithopter","SkillPotion","Iron Wave"],"campfire_rested":2,"item_purchase_floors":[11,21,21],"current_hp_per_floor":[70,63,63,62,67,67,31,31,31,31,31,16,38,17,39,9,59,58,44,13,13,11,0],"gold":40,"neow_bonus":"RANDOM_COMMON_RELIC","is_prod":false,"is_daily":false,"chose_seed":false,"campfire_upgraded":2,"win_rate":0,"timestamp":1545433203,"path_taken":["M","?","?","M","M","R","E","?","T","R","$","E","R","M","R","BOSS","M","M","M","$","M","E"],"build_version":"2018-12-20","purchased_purges":2,"victory":false,"max_hp_per_floor":[75,75,75,75,75,75,75,75,75,75,75,75,75,75,75,75,75,75,75,75,75,75,75],"card_choices":[{"not_picked":["True Grit","Clash"],"picked":"Iron Wave","floor":1},{"not_picked":["Shrug It Off","Wild Strike"],"picked":"Hemokinesis","floor":4},{"not_picked":["Sever Soul","Wild Strike"],"picked":"Whirlwind","floor":5},{"not_picked":["Wild Strike","Evolve","Intimidate"],"picked":"SKIP","floor":7},{"not_picked":["Perfected Strike","Flex"],"picked":"Ghostly Armor","floor":12},{"not_picked":["Cleave","Havoc","Thunderclap"],"picked":"SKIP","floor":14},{"not_picked":["Reaper","Bludgeon"],"picked":"Impervious","floor":16},{"not_picked":["Anger","Cleave"],"picked":"Combust","floor":18},{"not_picked":["Havoc","Perfected Strike","Twin Strike"],"picked":"SKIP","floor":19},{"not_picked":["Searing Blow","Bloodletting","Anger"],"picked":"SKIP","floor":20},{"not_picked":["Whirlwind","Thunderclap+1"],"picked":"Uppercut+1","floor":22}],"player_experience":669174,"relics_obtained":[{"floor":7,"key":"Mummified Hand"},{"floor":12,"key":"The Courier"}],"event_choices":[{"cards_removed":["Strike_R"],"damage_healed":0,"gold_gain":0,"player_choice":"Card Removal","damage_taken":7,"max_hp_gain":0,"max_hp_loss":0,"event_name":"Golden Wing","floor":2,"gold_loss":0},{"damage_healed":0,"gold_gain":150,"player_choice":"AGREE","damage_taken":0,"max_hp_gain":0,"max_hp_loss":0,"event_name":"Liars Game","floor":3,"gold_loss":0,"cards_obtained":["Doubt"]},{"damage_healed":0,"gold_gain":0,"player_choice":"Ignored","damage_taken":0,"max_hp_gain":0,"max_hp_loss":0,"event_name":"Golden Idol","floor":8,"gold_loss":0}],"is_beta":false,"boss_relics":[{"not_picked":["Runic Pyramid","Pandora\u0027s Box"],"picked":"Cursed Key"}],"items_purged_floors":[11,21],"is_endless":false,"potions_floor_spawned":[7,12,14,16,20],"killed_by":"Book of Stabbing","ascension_level":20}