{"gold_per_floor":[110,110,126,140,140,176,176,220,220,261,261,302,321,396,396,494,494,519,544,544,557,80,80,108,108,134,159,176,211,211,241,241,313,313,331,347,169,169,189,189,219,219,219,245,256,276,301,319,319,319,319,319,319,3,38,38],"floor_reached":56,"playtime":5176,"items_purged":["Strike_B","Regret"],"score":2386,"play_id":"042e167d-ad4d-4178-98f5-e07a6026cfed","local_time":"20190207184432","is_ascension_mode":true,"campfire_choices":[{"data":"Zap","floor":7,"key":"SMITH"},{"floor":11,"key":"REST"},{"data":"Electrodynamics","floor":15,"key":"SMITH"},{"data":"Biased Cognition","floor":23,"key":"SMITH"},{"floor":30,"key":"REST"},{"floor":32,"key":"REST"},{"data":"Defragment","floor":40,"key":"SMITH"},{"data":"Consume","floor":42,"key":"SMITH"},{"floor":49,"key":"RECALL"},{"data":"Capacitor","floor":53,"key":"SMITH"}],"neow_cost":"NONE","seed_source_timestamp":18617146875019,"circlet_count":0,"master_deck":["AscendersBane","Strike_B+1","Strike_B","Strike_B+1","Defend_B","Defend_B","Defend_B","Defend_B","Zap+1","Dualcast","FTL","Rebound","Echo Form","Gash","Electrodynamics+1","Cold Snap","Scrape","Biased Cognition+1","Steam","Self Repair","Gash","Coolheaded","Master of Strategy","Defragment+1","Coolheaded","Capacitor+1","Coolheaded","Steam+1","Glacier","Fission+1","Consume+1","Reinforced Body+1"],"relics":["Cracked Core","Vajra","Bloody Idol","Mango","Calipers","Pocketwatch","Ornamental Fan","Dream Catcher","Cursed Key","Bronze Scales","Boot","Incense Burner","Torii","Regal Pillow","Busted Crown","Girya","Whetstone","Omamori","Bottled Tornado","Bottled Flame"],"potions_floor_usage":[8,16,24,27,29,31,41,51,56,56],"damage_taken":[{"damage":2,"enemies":"Jaw Worm","floor":1,"turns":3},{"damage":0,"enemies":"Small Slimes","floor":3,"turns":3},{"damage":0,"enemies":"2 Louse","floor":4,"turns":2},{"damage":20,"enemies":"Lagavulin","floor":6,"turns":7},{"damage":20,"enemies":"3 Sentries","floor":8,"turns":5},{"damage":10,"enemies":"Lagavulin","floor":10,"turns":7},{"damage":18,"enemies":"3 Sentries","floor":12,"turns":5},{"damage":1,"enemies":"Exordium Thugs","floor":13,"turns":3},{"damage":0,"enemies":"Slime Boss","floor":16,"turns":5},{"damage":17,"enemies":"2 Thieves","floor":18,"turns":2},{"damage":0,"enemies":"Chosen","floor":19,"turns":2},{"damage":13,"enemies":"Sentry and Sphere","floor":21,"turns":4},{"damage":19,"enemies":"Book of Stabbing","floor":24,"turns":4},{"damage":17,"enemies":"Colosseum Slavers","floor":25,"turns":2},{"damage":3,"enemies":"Gremlin Leader","floor":27,"turns":4},{"damage":35,"enemies":"Centurion and Healer","floor":28,"turns":6},{"damage":26,"enemies":"Slavers","floor":29,"turns":2},{"damage":26,"enemies":"Book of Stabbing","floor":31,"turns":6},{"damage":9,"enemies":"Automaton","floor":33,"turns":9},{"damage":3,"enemies":"Orb Walker","floor":35,"turns":4},{"damage":0,"enemies":"3 Shapes","floor":36,"turns":3},{"damage":2,"enemies":"Sphere and 2 Shapes","floor":39,"turns":3},{"damage":9,"enemies":"Reptomancer","floor":41,"turns":7},{"damage":0,"enemies":"Nemesis","floor":44,"turns":12},{"damage":17,"enemies":"Writhing Mass","floor":45,"turns":5},{"damage":0,"enemies":"Spire Growth","floor":46,"turns":6},{"damage":0,"enemies":"Giant Head","floor":47,"turns":9},{"damage":0,"enemies":"Maw","floor":48,"turns":7},{"damage":56,"enemies":"Time Eater","floor":50,"turns":19},{"damage":25,"enemies":"Awakened One","floor":51,"turns":32},{"damage":26,"enemies":"Shield and Spear","floor":55,"turns":11},{"damage":58,"enemies":"The Heart","floor":56,"turns":6}],"seed_played":"4716275983440957003","potions_obtained":[{"floor":1,"key":"Fire Potion"},{"floor":10,"key":"SpeedPotion"},{"floor":13,"key":"Regen Potion"},{"floor":16,"key":"PowerPotion"},{"floor":24,"key":"SteroidPotion"},{"floor":29,"key":"Strength Potion"},{"floor":39,"key":"Energy Potion"},{"floor":41,"key":"Ancient Potion"},{"floor":47,"key":"PowerPotion"}],"is_trial":false,"path_per_floor":["M","?","M","M","?","E","R","E","T","E","R","E","M","?","R","B",null,"M","M","?","M","$","R","E","?","T","E","M","E","R","E","R","B",null,"M","M","$","?","M","R","E","R","T","E","M","M","E","M","R","B","B",null,"R","$","E","B"],"character_chosen":"DEFECT","items_purchased":["Bronze Scales","Coolheaded","Master of Strategy","GamblersBrew","Bottled Tornado","Swift Potion"],"campfire_rested":3,"item_purchase_floors":[22,22,22,37,54,54],"current_hp_per_floor":[62,67,67,67,67,61,61,41,41,31,55,37,36,25,25,39,72,55,55,55,54,54,54,40,30,35,44,28,7,31,17,56,66,79,83,83,83,83,83,83,83,83,83,83,78,83,83,83,83,41,23,68,68,68,54,0],"gold":38,"neow_bonus":"RANDOM_COMMON_RELIC","is_prod":false,"is_daily":false,"chose_seed":false,"campfire_upgraded":6,"win_rate":0,"timestamp":1549561472,"path_taken":["M","?","M","M","?","E","R","E","T","E","R","E","M","?","R","BOSS","M","M","?","M","$","R","E","?","T","E","M","E","R","E","R","BOSS","M","M","$","?","M","R","E","R","T","E","M","M","E","M","R","BOSS","BOSS","R","$","E","BOSS"],"build_version":"2019-01-23","purchased_purges":2,"victory":false,"max_hp_per_floor":[71,76,76,76,69,83,83,83,83,83,83,83,83,83,83,83,83,83,83,83,83,83,83,83,83,83,83,83,83,83,83,83,83,83,83,83,83,83,83,83,83,83,83,83,83,83,83,83,83,83,83,83,83,83,83,83],"card_choices":[{"not_picked":["Sweeping Beam","Go for the Eyes"],"picked":"FTL","floor":1},{"not_picked":["Hologram","Beam Cell"],"picked":"Rebound","floor":3},{"not_picked":["FTL","Beam Cell"],"picked":"Echo Form","floor":4},{"not_picked":["Streamline","Compile Driver"],"picked":"Gash","floor":6},{"not_picked":["Multi-Cast","Rebound"],"picked":"Electrodynamics","floor":8},{"not_picked":["Barrage","Chill"],"picked":"Cold Snap","floor":10},{"not_picked":["Consume","Multi-Cast","Sweeping Beam"],"picked":"SKIP","floor":12},{"not_picked":["Aggregate","Rebound"],"picked":"Scrape","floor":13},{"not_picked":["Amplify","Core Surge"],"picked":"Biased Cognition","floor":16},{"not_picked":["Cold Snap","Leap"],"picked":"Steam","floor":18},{"not_picked":["Conserve Battery","Leap+1"],"picked":"Self Repair","floor":19},{"not_picked":["Aggregate","Steam Power"],"picked":"Gash","floor":21},{"not_picked":["Static Discharge","Coolheaded"],"picked":"Defragment","floor":24},{"not_picked":["Hello World","Cold Snap"],"picked":"Coolheaded","floor":27},{"not_picked":["Rebound+1","Electrodynamics"],"picked":"Capacitor","floor":28},{"not_picked":["Blizzard","Conserve Battery"],"picked":"Coolheaded","floor":29},{"not_picked":["Compile Driver","Conserve Battery"],"picked":"Steam+1","floor":30},{"not_picked":["Consume","Seek"],"picked":"Glacier","floor":31},{"not_picked":["Meteor Strike","Echo Form"],"picked":"Fission","floor":33},{"not_picked":["Turbo"],"picked":"SKIP","floor":35},{"not_picked":["Go for the Eyes"],"picked":"SKIP","floor":36},{"not_picked":["Sweeping Beam"],"picked":"SKIP","floor":39},{"not_picked":[],"picked":"Consume","floor":41},{"not_picked":[],"picked":"Reinforced Body+1","floor":44},{"not_picked":["Streamline+1"],"picked":"SKIP","floor":45},{"not_picked":["Conserve Battery"],"picked":"SKIP","floor":46},{"not_picked":["Stack+1"],"picked":"SKIP","floor":47},{"not_picked":["Melter"],"picked":"SKIP","floor":48},{"not_picked":["Streamline"],"picked":"SKIP","floor":55}],"player_experience":910409,"relics_obtained":[{"floor":6,"key":"Mango"},{"floor":8,"key":"Calipers"},{"floor":9,"key":"Pocketwatch"},{"floor":10,"key":"Ornamental Fan"},{"floor":12,"key":"Dream Catcher"},{"floor":24,"key":"Boot"},{"floor":27,"key":"Incense Burner"},{"floor":29,"key":"Torii"},{"floor":31,"key":"Regal Pillow"},{"floor":41,"key":"Girya"},{"floor":44,"key":"Whetstone"},{"floor":47,"key":"Omamori"},{"floor":55,"key":"Bottled Flame"}],"event_choices":[{"damage_healed":0,"gold_gain":0,"player_choice":"Donut","damage_taken":0,"max_hp_gain":5,"max_hp_loss":0,"event_name":"Big Fish","floor":2,"gold_loss":0},{"damage_healed":0,"gold_gain":0,"player_choice":"Lose Max HP","damage_taken":0,"relics_obtained":["Golden Idol"],"max_hp_gain":0,"max_hp_loss":7,"event_name":"Golden Idol","floor":5,"gold_loss":0},{"damage_healed":0,"gold_gain":75,"player_choice":"Gather Gold","damage_taken":11,"max_hp_gain":0,"max_hp_loss":0,"event_name":"World of Goop","floor":14,"gold_loss":0},{"damage_healed":0,"gold_gain":0,"player_choice":"Gave Idol","damage_taken":0,"relics_obtained":["Bloody Idol"],"max_hp_gain":0,"max_hp_loss":0,"event_name":"Forgotten Altar","floor":20,"relics_lost":["Golden Idol"],"gold_loss":0},{"damage_healed":0,"gold_gain":0,"player_choice":"Fight","damage_taken":0,"max_hp_gain":0,"max_hp_loss":0,"event_name":"Colosseum","floor":25,"gold_loss":0},{"damage_healed":0,"gold_gain":0,"player_choice":"Fled From Nobs","damage_taken":0,"max_hp_gain":0,"max_hp_loss":0,"event_name":"Colosseum","floor":25,"gold_loss":0},{"damage_healed":0,"gold_gain":0,"player_choice":"Upgraded","damage_taken":0,"max_hp_gain":0,"max_hp_loss":0,"event_name":"Upgrade Shrine","floor":38,"gold_loss":0,"cards_upgraded":["Fission"]}],"is_beta":false,"boss_relics":[{"not_picked":["Eternal Feather","White Beast Statue"],"picked":"Cursed Key"},{"not_picked":["Lizard Tail","Calling Bell"],"picked":"Busted Crown"}],"items_purged_floors":[22,37],"is_endless":false,"potions_floor_spawned":[1,10,13,16,18,24,25,29,39,41,45,47,55],"killed_by":"The Heart","ascension_level":20}