{"gold_per_floor":[17,35,48,48,67,67,110,110,110,125,459,459,384,405,405,495,495,513,527,373,373,414,414,458,479,479,479],"floor_reached":27,"playtime":1219,"items_purged":["Strike_R"],"score":486,"play_id":"913347bc-e828-4a94-a25b-b63a12ef74b8","local_time":"20190616224210","is_ascension_mode":true,"campfire_choices":[{"data":"Bash","floor":6.0,"key":"SMITH"},{"data":"Flame Barrier","floor":8.0,"key":"SMITH"},{"data":"Inflame","floor":12.0,"key":"SMITH"},{"data":"Disarm","floor":15.0,"key":"SMITH"},{"floor":23,"key":"REST"}],"neow_cost":"NO_GOLD","seed_source_timestamp":37526670481652,"circlet_count":0,"master_deck":["AscendersBane","Strike_R+1","Strike_R+1","Strike_R+1","Defend_R+1","Defend_R+1","Defend_R+1","Defend_R+1","Bash+1","Flame Barrier+1","Anger","Sword Boomerang","Thunderclap","Disarm+1","Inflame+1","Uppercut","Impervious","Seeing Red","Disarm","Disarm"],"special_seed":0,"relics":["Burning Blood","StoneCalendar","Golden Idol","Ancient Tea Set","Singing Bowl","Old Coin","Runic Pyramid","Red Mask","Lantern","Incense Burner"],"potions_floor_usage":[18,23],"damage_taken":[{"damage":9.0,"enemies":"Jaw Worm","floor":1.0,"turns":5.0},{"damage":0.0,"enemies":"2 Louse","floor":2.0,"turns":5.0},{"damage":14.0,"enemies":"Small Slimes","floor":3.0,"turns":5.0},{"damage":15.0,"enemies":"Gremlin Gang","floor":5.0,"turns":4.0},{"damage":24.0,"enemies":"Gremlin Nob","floor":7.0,"turns":4.0},{"damage":4.0,"enemies":"Large Slime","floor":10.0,"turns":5.0},{"damage":20.0,"enemies":"Lagavulin","floor":11.0,"turns":7.0},{"damage":0.0,"enemies":"2 Fungi Beasts","floor":14.0,"turns":3.0},{"damage":4.0,"enemies":"Hexaghost","floor":16.0,"turns":7.0},{"damage":12,"enemies":"2 Thieves","floor":18,"turns":4},{"damage":18,"enemies":"Shell Parasite","floor":19,"turns":7},{"damage":43,"enemies":"Masked Bandits","floor":22,"turns":6},{"damage":11,"enemies":"Book of Stabbing","floor":24,"turns":5},{"damage":0,"enemies":"Centurion and Healer","floor":25,"turns":7},{"damage":43,"enemies":"Gremlin Leader","floor":27,"turns":8}],"seed_played":"-424650250468092050","potions_obtained":[{"floor":1.0,"key":"Block Potion"},{"floor":2.0,"key":"SteroidPotion"},{"floor":3.0,"key":"Fruit Juice"},{"floor":5.0,"key":"SteroidPotion"},{"floor":16.0,"key":"Energy Potion"},{"floor":24,"key":"Ancient Potion"},{"floor":25,"key":"SpeedPotion"}],"is_trial":false,"path_per_floor":["M","M","M","?","M","R","E","R","T","M","E","R","?","M","R","B",null,"M","M","$","?","?","R","E","M","T","E"],"character_chosen":"IRONCLAD","items_purchased":["Seeing Red"],"campfire_rested":1,"item_purchase_floors":[20],"current_hp_per_floor":[65,71,63,63,54,54,36,36,36,40,26,26,26,32,32,34,61,57,47,47,47,10,38,35,41,41,0],"gold":479,"neow_bonus":"ONE_RARE_RELIC","is_prod":false,"is_daily":false,"chose_seed":false,"campfire_upgraded":4,"win_rate":0,"timestamp":1560717730,"path_taken":["M","M","M","?","M","R","E","R","T","M","E","R","?","M","R","BOSS","M","M","$","?","?","R","E","M","T","E"],"build_version":"2019-01-23","purchased_purges":1,"victory":false,"max_hp_per_floor":[75,75,75,68,68,68,68,68,68,70,70,70,70,70,70,70,70,72,74,74,74,74,79,81,81,81,81],"card_choices":[{"not_picked":["Shockwave","Intimidate"],"picked":"Flame Barrier","floor":1.0},{"not_picked":["Pommel Strike","Thunderclap"],"picked":"Anger","floor":2.0},{"not_picked":["Corruption","Headbutt"],"picked":"Sword Boomerang","floor":3.0},{"not_picked":["Iron Wave","Warcry"],"picked":"Thunderclap","floor":5.0},{"not_picked":["Impervious","Flex"],"picked":"Disarm","floor":7.0},{"not_picked":["Headbutt","Twin Strike","Havoc"],"picked":"Singing Bowl","floor":10.0},{"not_picked":["Warcry","Flame Barrier"],"picked":"Inflame","floor":11.0},{"not_picked":["Clash","Warcry"],"picked":"Uppercut","floor":14.0},{"not_picked":["Berserk","Double Tap"],"picked":"Impervious","floor":16.0},{"not_picked":["Anger","Thunderclap","Hemokinesis"],"picked":"Singing Bowl","floor":18},{"not_picked":["Seeing Red","Wild Strike","Anger"],"picked":"Singing Bowl","floor":19},{"not_picked":["Anger","Burning Pact"],"picked":"Disarm","floor":22},{"not_picked":["Carnage","Bludgeon","Cleave"],"picked":"Singing Bowl","floor":24},{"not_picked":["Flex","Dropkick"],"picked":"Disarm","floor":25}],"player_experience":1371634,"relics_obtained":[{"floor":7.0,"key":"Ancient Tea Set"},{"floor":9.0,"key":"Singing Bowl"},{"floor":11.0,"key":"Old Coin"},{"floor":22,"key":"Red Mask"},{"floor":24,"key":"Lantern"},{"floor":26,"key":"Incense Burner"}],"event_choices":[{"damage_healed":0.0,"max_hp_gain":0.0,"max_hp_loss":7.0,"gold_gain":0.0,"event_name":"Golden Idol","player_choice":"Lose Max HP","floor":4.0,"gold_loss":0.0,"damage_taken":0.0,"relics_obtained":["Golden Idol"]},{"cards_removed":["Strike_R"],"damage_healed":0.0,"max_hp_gain":0.0,"max_hp_loss":0.0,"gold_gain":0.0,"event_name":"The Cleric","player_choice":"Card Removal","floor":13.0,"gold_loss":75.0,"damage_taken":0.0},{"damage_healed":0,"gold_gain":0,"player_choice":"Simplicity","damage_taken":0,"max_hp_gain":0,"max_hp_loss":0,"event_name":"Back to Basics","floor":21,"gold_loss":0,"cards_upgraded":["Strike_R","Strike_R","Strike_R","Defend_R","Defend_R","Defend_R","Defend_R"]},{"damage_healed":0,"gold_gain":0,"player_choice":"Fought Bandits","damage_taken":0,"max_hp_gain":0,"max_hp_loss":0,"event_name":"Masked Bandits","floor":22,"gold_loss":0}],"is_beta":false,"boss_relics":[{"not_picked":["Busted Crown","Ectoplasm"],"picked":"Runic Pyramid"}],"items_purged_floors":[20],"is_endless":false,"potions_floor_spawned":[1,2,3,5,16,24,25],"killed_by":"Gremlin Leader","ascension_level":20}