{"gold_per_floor":[113,113,129,145,145,145,177,5,5,5,33,33,65,80,80,159,159,171,271,291,51,71,71,96,96,121,121,155,155,187,199,199,271,271,291,302,302,36,384,384,384,396,419,419,436,507,521,551,551,551,551,551,551,14,14],"floor_reached":55,"playtime":3469,"items_purged":["Strike_B","Strike_B","Strike_B"],"score":1992,"play_id":"536cdfdd-07ab-4523-8e1e-c1ca5a8185bd","local_time":"20190214184428","is_ascension_mode":true,"campfire_choices":[{"floor":6,"key":"REST"},{"floor":12,"key":"REST"},{"data":"Zap","floor":15,"key":"SMITH"},{"floor":23,"key":"REST"},{"floor":25,"key":"REST"},{"floor":29,"key":"REST"},{"floor":32,"key":"REST"},{"data":"Defragment","floor":41,"key":"SMITH"},{"floor":49,"key":"RECALL"},{"floor":53,"key":"REST"}],"neow_cost":"NONE","seed_source_timestamp":20666800222368,"circlet_count":0,"master_deck":["AscendersBane","Defend_B","Defend_B","Defend_B","Zap+1","Dualcast","Undo","Sweeping Beam","Doom and Gloom","Core Surge","Compile Driver+1","Ball Lightning+1","Electrodynamics","Defragment+1","Capacitor","Cold Snap+1","Rainbow","Leap+1","Biased Cognition","Hologram+1","Hologram+1","Leap+1","Defragment+1","Coolheaded","Apotheosis","Capacitor","Hologram+1","Chill","Defragment","Defragment+1","Coolheaded"],"relics":["Cracked Core","Dream Catcher","Emotion Chip","Regal Pillow","Pear","Centennial Puzzle","Molten Egg 2","Philosopher\u0027s Stone","StoneCalendar","Lantern","Bottled Tornado","Potion Belt","Torii","Vajra","Velvet Choker","Old Coin","Darkstone Periapt","The Courier","DollysMirror"],"potions_floor_usage":[18,22,24,28,39,45,51,55,55,55],"damage_taken":[{"damage":14,"enemies":"Small Slimes","floor":1,"turns":3},{"damage":3,"enemies":"2 Louse","floor":3,"turns":3},{"damage":0,"enemies":"Cultist","floor":4,"turns":3},{"damage":27,"enemies":"Lagavulin","floor":7,"turns":6},{"damage":20,"enemies":"3 Sentries","floor":11,"turns":4},{"damage":11,"enemies":"Gremlin Nob","floor":13,"turns":3},{"damage":7,"enemies":"Large Slime","floor":14,"turns":6},{"damage":26,"enemies":"Hexaghost","floor":16,"turns":7},{"damage":7,"enemies":"2 Thieves","floor":18,"turns":2},{"damage":20,"enemies":"Colosseum Slavers","floor":19,"turns":3},{"damage":8,"enemies":"Colosseum Nobs","floor":19,"turns":2},{"damage":0,"enemies":"Spheric Guardian","floor":20,"turns":3},{"damage":18,"enemies":"Snake Plant","floor":22,"turns":3},{"damage":50,"enemies":"Slavers","floor":24,"turns":4},{"damage":27,"enemies":"Book of Stabbing","floor":28,"turns":4},{"damage":19,"enemies":"Gremlin Leader","floor":30,"turns":3},{"damage":7,"enemies":"Centurion and Healer","floor":31,"turns":3},{"damage":19,"enemies":"Collector","floor":33,"turns":7},{"damage":0,"enemies":"3 Darklings","floor":35,"turns":4},{"damage":1,"enemies":"3 Shapes","floor":36,"turns":2},{"damage":7,"enemies":"2 Orb Walkers","floor":39,"turns":2},{"damage":0,"enemies":"Spire Growth","floor":42,"turns":4},{"damage":0,"enemies":"Jaw Worm Horde","floor":45,"turns":2},{"damage":2,"enemies":"Writhing Mass","floor":47,"turns":6},{"damage":0,"enemies":"Reptomancer","floor":48,"turns":6},{"damage":10,"enemies":"Time Eater","floor":50,"turns":12},{"damage":28,"enemies":"Awakened One","floor":51,"turns":15},{"damage":81,"enemies":"Shield and Spear","floor":55,"turns":5}],"seed_played":"6831188419837015468","potions_obtained":[{"floor":3,"key":"GamblersBrew"},{"floor":13,"key":"SpeedPotion"},{"floor":14,"key":"Fire Potion"},{"floor":16,"key":"Weak Potion"},{"floor":18,"key":"SpeedPotion"},{"floor":24,"key":"Strength Potion"},{"floor":28,"key":"Fire Potion"},{"floor":36,"key":"Swift Potion"},{"floor":42,"key":"Block Potion"},{"floor":48,"key":"Strength Potion"}],"is_trial":false,"path_per_floor":["M","?","M","M","?","R","E","$","T","$","E","R","E","M","R","B",null,"M","?","M","$","M","R","E","R","T","?","E","R","E","M","R","B",null,"M","M","?","$","?","?","R","M","T","?","M","T","M","E","R","B","B",null,"R","$","E"],"character_chosen":"DEFECT","items_purchased":["Regal Pillow","Lantern","Defragment","Coolheaded","PowerPotion","Defragment","DollysMirror","Coolheaded","LiquidBronze","Dexterity Potion","GamblersBrew"],"campfire_rested":7,"item_purchase_floors":[8,21,38,38,38,54,54,54,54,54,54],"current_hp_per_floor":[50,43,40,40,40,61,34,34,44,44,24,63,52,45,45,19,66,59,31,31,31,13,52,2,41,41,41,14,53,34,27,66,47,73,73,72,72,72,65,55,55,55,55,55,55,55,53,53,53,43,15,62,77,77,0],"gold":14,"neow_bonus":"RANDOM_COMMON_RELIC","is_prod":false,"is_daily":false,"chose_seed":false,"campfire_upgraded":2,"win_rate":0,"timestamp":1550166268,"path_taken":["M","?","M","M","?","R","E","$","T","$","E","R","E","?","R","BOSS","M","?","M","$","M","R","E","R","T","?","E","R","E","?","R","BOSS","M","?","?","$","?","?","R","M","T","?","M","?","?","E","R","BOSS","BOSS","R","$","E"],"build_version":"2019-01-23","purchased_purges":3,"victory":false,"max_hp_per_floor":[71,71,71,71,71,71,71,71,81,81,81,81,81,81,81,81,81,81,81,81,81,81,81,81,81,81,81,81,81,81,81,81,81,81,81,81,77,77,77,77,77,77,77,77,77,77,77,77,77,77,77,77,77,77,77],"card_choices":[{"not_picked":["Turbo","Redo"],"picked":"Undo","floor":1},{"not_picked":["Coolheaded","BootSequence"],"picked":"Sweeping Beam","floor":3},{"not_picked":["Consume","Auto Shields","Sunder"],"picked":"SKIP","floor":4},{"not_picked":["Hologram","Beam Cell"],"picked":"Doom and Gloom","floor":6},{"not_picked":["Rebound","White Noise"],"picked":"Core Surge","floor":7},{"not_picked":["Redo","Turbo","Fusion"],"picked":"SKIP","floor":11},{"not_picked":["Tempest","Coolheaded"],"picked":"Compile Driver","floor":13},{"not_picked":["Scrape+1","Melter+1"],"picked":"Ball Lightning+1","floor":14},{"not_picked":["Meteor Strike+1","Seek"],"picked":"Electrodynamics","floor":16},{"not_picked":["Coolheaded","Redo"],"picked":"Defragment","floor":18},{"not_picked":["Beam Cell+1","Compile Driver+1"],"picked":"Capacitor","floor":19},{"not_picked":["Scrape+1","Undo","Streamline+1"],"picked":"SKIP","floor":20},{"not_picked":["Steam","Barrage+1"],"picked":"Cold Snap+1","floor":22},{"not_picked":["Scrape+1","Beam Cell+1"],"picked":"Rainbow","floor":23},{"not_picked":["Conserve Battery","Sweeping Beam+1","Gash+1"],"picked":"SKIP","floor":24},{"not_picked":["Reinforced Body","Skim+1"],"picked":"Leap+1","floor":25},{"not_picked":["Sweeping Beam+1","Force Field"],"picked":"Biased Cognition","floor":28},{"not_picked":["Tempest","Redo"],"picked":"Hologram+1","floor":29},{"not_picked":["Heatsinks","Darkness","Doom and Gloom+1"],"picked":"SKIP","floor":30},{"not_picked":["Streamline+1","Blizzard+1"],"picked":"Hologram+1","floor":31},{"not_picked":["Ball Lightning+1","Melter+1","Rip and Tear+1"],"picked":"SKIP","floor":35},{"not_picked":["Darkness","Streamline+1"],"picked":"Leap+1","floor":36},{"not_picked":["Swift Strike+1","Impatience"],"picked":"Apotheosis","floor":40},{"not_picked":["Melter+1","FTL+1"],"picked":"Capacitor","floor":42},{"not_picked":["Go for the Eyes+1","Rip and Tear+1"],"picked":"Hologram+1","floor":45},{"not_picked":["Turbo","Rebound+1"],"picked":"Chill","floor":47},{"not_picked":["Sunder+1","Scrape+1","Hologram"],"picked":"SKIP","floor":48}],"player_experience":951869,"relics_obtained":[{"floor":7,"key":"Emotion Chip"},{"floor":9,"key":"Pear"},{"floor":11,"key":"Centennial Puzzle"},{"floor":13,"key":"Molten Egg 2"},{"floor":19,"key":"StoneCalendar"},{"floor":24,"key":"Bottled Tornado"},{"floor":26,"key":"Potion Belt"},{"floor":28,"key":"Torii"},{"floor":30,"key":"Vajra"},{"floor":39,"key":"Old Coin"},{"floor":46,"key":"Darkstone Periapt"},{"floor":48,"key":"The Courier"}],"event_choices":[{"cards_removed":["Defend_B"],"damage_healed":0,"gold_gain":0,"player_choice":"Card Removal","damage_taken":7,"max_hp_gain":0,"max_hp_loss":0,"event_name":"Golden Wing","floor":2,"gold_loss":0},{"cards_removed":["Strike_B"],"damage_healed":0,"gold_gain":0,"player_choice":"Purged","damage_taken":0,"max_hp_gain":0,"max_hp_loss":0,"event_name":"Purifier","floor":5,"gold_loss":0},{"damage_healed":0,"gold_gain":0,"player_choice":"Fight","damage_taken":0,"max_hp_gain":0,"max_hp_loss":0,"event_name":"Colosseum","floor":19,"gold_loss":0},{"damage_healed":0,"gold_gain":0,"player_choice":"Fought Nobs","damage_taken":0,"max_hp_gain":0,"max_hp_loss":0,"event_name":"Colosseum","floor":19,"gold_loss":0},{"damage_healed":0,"gold_gain":0,"player_choice":"Forge","damage_taken":0,"max_hp_gain":0,"max_hp_loss":0,"event_name":"Accursed Blacksmith","floor":27,"gold_loss":0,"cards_upgraded":["Defragment"]},{"damage_healed":0,"gold_gain":0,"player_choice":"Max HP","damage_taken":0,"max_hp_gain":0,"max_hp_loss":4,"event_name":"Winding Halls","floor":37,"gold_loss":0},{"damage_healed":0,"gold_gain":0,"player_choice":"Fight","damage_taken":0,"max_hp_gain":0,"max_hp_loss":0,"event_name":"Mysterious Sphere","floor":39,"gold_loss":0},{"damage_healed":0,"gold_gain":0,"player_choice":"Memory 3","damage_taken":10,"max_hp_gain":0,"max_hp_loss":0,"event_name":"SensoryStone","floor":40,"gold_loss":0},{"damage_healed":0,"gold_gain":0,"player_choice":"Ignored","damage_taken":0,"max_hp_gain":0,"max_hp_loss":0,"event_name":"Tomb of Lord Red Mask","floor":44,"gold_loss":0}],"is_beta":false,"boss_relics":[{"not_picked":["Coffee Dripper","Nuclear Battery"],"picked":"Philosopher\u0027s Stone"},{"not_picked":["Runic Dome","Sozu"],"picked":"Velvet Choker"}],"items_purged_floors":[21,38,54],"is_endless":false,"potions_floor_spawned":[3,13,14,16,18,20,24,28,36,42,48],"killed_by":"Shield and Spear","ascension_level":20}