{"gold_per_floor":[116,191,191,204,204,204,237,252,252,252,271,271,283,300,300,376,376,393,411,411,129,144,144,170,187,235,235,235,235],"floor_reached":29,"playtime":1689,"items_purged":["Strike_R"],"score":459,"play_id":"6282fd03-d47c-4d13-96cf-6b3dbcd3a343","local_time":"20190516182637","is_ascension_mode":true,"campfire_choices":[{"data":"Rampage","floor":6,"key":"SMITH"},{"floor":15,"key":"REST"},{"floor":23,"key":"REST"},{"floor":27,"key":"REST"}],"neow_cost":"NONE","seed_source_timestamp":2431605830948040,"circlet_count":0,"master_deck":["AscendersBane","Strike_R","Strike_R","Strike_R","Strike_R","Defend_R","Defend_R","Defend_R","Defend_R","Bash","True Grit","Rampage+1","Shockwave","Inflame","Bludgeon","Headbutt"],"relics":["Burning Blood","NeowsBlessing","WarpedTongs","Sundial","Self Forming Clay","Singing Bowl","Dodecahedron","Runic Pyramid","Sling","Strawberry","Bronze Scales","Happy Flower"],"potions_floor_usage":[16,18,22,22,29],"damage_taken":[{"damage":0,"enemies":"2 Louse","floor":1,"turns":1},{"damage":1,"enemies":"Cultist","floor":4,"turns":1},{"damage":1,"enemies":"Gremlin Nob","floor":7,"turns":1},{"damage":4,"enemies":"Jaw Worm","floor":8,"turns":4},{"damage":26,"enemies":"Exordium Wildlife","floor":11,"turns":6},{"damage":18,"enemies":"Lots of Slimes","floor":13,"turns":6},{"damage":2,"enemies":"2 Fungi Beasts","floor":14,"turns":5},{"damage":17,"enemies":"The Guardian","floor":16,"turns":11},{"damage":10,"enemies":"2 Thieves","floor":18,"turns":4},{"damage":37,"enemies":"3 Byrds","floor":19,"turns":8},{"damage":2,"enemies":"Cultist and Chosen","floor":22,"turns":10},{"damage":44,"enemies":"Slavers","floor":24,"turns":8},{"damage":35,"enemies":"Shelled Parasite and Fungi","floor":25,"turns":6},{"damage":43,"enemies":"Gremlin Leader","floor":29,"turns":5}],"seed_played":"1690448733035272219","potions_obtained":[{"floor":4,"key":"Poison Potion"},{"floor":13,"key":"Dexterity Potion"},{"floor":16,"key":"SkillPotion"},{"floor":19,"key":"EssenceOfSteel"},{"floor":24,"key":"FearPotion"}],"is_trial":false,"path_per_floor":["M","?","?","M","?","R","E","M","T","T","M","?","M","M","R","B",null,"M","M","?","$","M","R","E","M","T","R","?","E"],"character_chosen":"IRONCLAD","items_purchased":["Sling"],"campfire_rested":3,"item_purchase_floors":[21],"current_hp_per_floor":[74,63,63,68,61,61,66,68,68,68,50,50,40,44,67,56,73,71,42,42,42,48,73,44,15,15,43,43,0],"gold":235,"neow_bonus":"THREE_ENEMY_KILL","is_prod":false,"is_daily":false,"chose_seed":false,"campfire_upgraded":1,"win_rate":0,"timestamp":1558041997,"path_taken":["M","?","?","?","?","R","E","M","T","?","?","?","M","M","R","BOSS","M","M","?","$","?","R","E","M","T","R","?","E"],"build_version":"2019-01-23","purchased_purges":1,"victory":false,"max_hp_per_floor":[75,75,75,75,75,75,75,75,75,75,77,77,79,79,79,79,79,81,83,83,83,85,85,94,94,94,94,94,94],"card_choices":[{"not_picked":["Flex","Warcry"],"picked":"True Grit","floor":1},{"not_picked":["Warcry","Shrug It Off"],"picked":"Rampage","floor":4},{"not_picked":["Armaments","Clothesline"],"picked":"Shockwave","floor":7},{"not_picked":["Clothesline","Burning Pact","Havoc"],"picked":"SKIP","floor":8},{"not_picked":["Headbutt","Pommel Strike","True Grit"],"picked":"Singing Bowl","floor":11},{"not_picked":["Searing Blow","Exhume","Clothesline"],"picked":"Singing Bowl","floor":13},{"not_picked":["Pommel Strike","Bloodletting"],"picked":"Inflame","floor":14},{"not_picked":["Double Tap","Brutality"],"picked":"Bludgeon","floor":16},{"not_picked":["Wild Strike+1","Sword Boomerang","Armaments"],"picked":"Singing Bowl","floor":18},{"not_picked":["Combust","Anger","Wild Strike"],"picked":"Singing Bowl","floor":19},{"not_picked":["Clash","Sword Boomerang","Dual Wield"],"picked":"Singing Bowl","floor":22},{"not_picked":["Infernal Blade","Iron Wave","Twin Strike"],"picked":"Singing Bowl","floor":24},{"not_picked":["Second Wind","Shrug It Off"],"picked":"Headbutt","floor":25}],"player_experience":742718,"relics_obtained":[{"floor":7,"key":"Self Forming Clay"},{"floor":9,"key":"Singing Bowl"},{"floor":10,"key":"Dodecahedron"},{"floor":24,"key":"Strawberry"},{"floor":26,"key":"Bronze Scales"}],"event_choices":[{"damage_healed":0,"gold_gain":75,"player_choice":"Gather Gold","damage_taken":11,"max_hp_gain":0,"max_hp_loss":0,"event_name":"World of Goop","floor":2,"gold_loss":0},{"damage_healed":0,"gold_gain":0,"player_choice":"Rummage","damage_taken":0,"relics_obtained":["WarpedTongs"],"max_hp_gain":0,"max_hp_loss":0,"event_name":"Accursed Blacksmith","floor":3,"gold_loss":0,"cards_obtained":["Pain"]},{"damage_healed":0,"gold_gain":0,"player_choice":"Success","damage_taken":7,"relics_obtained":["Sundial"],"max_hp_gain":0,"max_hp_loss":0,"event_name":"Scrap Ooze","floor":5,"gold_loss":0},{"damage_healed":0,"gold_gain":0,"player_choice":"Ignored","damage_taken":0,"max_hp_gain":0,"max_hp_loss":0,"event_name":"Liars Game","floor":12,"gold_loss":0},{"cards_removed":["Pain"],"damage_healed":0,"gold_gain":0,"player_choice":"Removed Curses","damage_taken":0,"max_hp_gain":0,"max_hp_loss":0,"event_name":"Fountain of Cleansing","floor":20,"gold_loss":0},{"damage_healed":0,"gold_gain":0,"player_choice":"Opened","damage_taken":0,"relics_obtained":["Happy Flower"],"max_hp_gain":0,"max_hp_loss":0,"event_name":"The Mausoleum","floor":28,"gold_loss":0}],"is_beta":false,"boss_relics":[{"not_picked":["Eternal Feather","Calling Bell"],"picked":"Runic Pyramid"}],"items_purged_floors":[21],"is_endless":false,"potions_floor_spawned":[4,13,16,19,24],"killed_by":"Gremlin Leader","ascension_level":14}