{"gold_per_floor":[113,113,113,188,188,220,220,250,250,280,297,297,312,330,330,404,404,416,435,360,460,460,490,490,516,598,629,648,659,113,128,128,204,204,221,221,239,239,189,514,531,531,602,602,634,654,688,305,305,305,305,305,305,5,35,35],"floor_reached":57,"playtime":3335,"items_purged":["Strike_R","Strike_R","Strike_R","Twin Strike"],"score":3232,"play_id":"ab15bbea-3d3d-491d-adc1-7f2aa313a62f","local_time":"20190105165038","is_ascension_mode":true,"campfire_choices":[{"data":"Bash","floor":7,"key":"SMITH"},{"data":"True Grit","floor":12,"key":"SMITH"},{"data":"Uppercut","floor":15,"key":"SMITH"},{"data":"Immolate","floor":24,"key":"SMITH"},{"floor":32,"key":"RECALL"},{"data":"Defend_R","floor":42,"key":"SMITH"},{"data":"Defend_R","floor":44,"key":"SMITH"},{"data":"Defend_R","floor":49,"key":"SMITH"},{"data":"Defend_R","floor":53,"key":"SMITH"}],"neow_cost":"NONE","seed_source_timestamp":8079350020262,"circlet_count":0,"master_deck":["AscendersBane","Defend_R+1","Defend_R+1","Defend_R+1","Defend_R+1","Bash+1","True Grit+1","Uppercut+1","Warcry+1","Spot Weakness+1","Power Through+1","Flame Barrier+1","Immolate+1","Clothesline+1","Shrug It Off+1","Bludgeon+1","Fiend Fire+1","Reaper+1","Shrug It Off+1","Heavy Blade+1","Flame Barrier+1"],"relics":["Burning Blood","NeowsBlessing","Centennial Puzzle","Kunai","Mercury Hourglass","Toxic Egg 2","Oddly Smooth Stone","Snecko Eye","Pocketwatch","Letter Opener","Molten Egg 2","Nunchaku","Smiling Mask","Pantograph","Sundial","Happy Flower","Strawberry","Sozu","Old Coin","Bronze Scales","Gremlin Horn","Bag of Marbles","Vajra","Red Skull","Shuriken"],"potions_floor_usage":[23,23,28,56],"damage_taken":[{"damage":0,"enemies":"Jaw Worm","floor":1,"turns":1},{"damage":0,"enemies":"Gremlin Nob","floor":6,"turns":1},{"damage":0,"enemies":"3 Sentries","floor":8,"turns":2},{"damage":24,"enemies":"Gremlin Nob","floor":10,"turns":4},{"damage":1,"enemies":"Small Slimes","floor":11,"turns":2},{"damage":0,"enemies":"2 Louse","floor":13,"turns":2},{"damage":10,"enemies":"Exordium Wildlife","floor":14,"turns":4},{"damage":31,"enemies":"The Guardian","floor":16,"turns":12},{"damage":0,"enemies":"3 Byrds","floor":18,"turns":3},{"damage":3,"enemies":"Shell Parasite","floor":19,"turns":4},{"damage":0,"enemies":"Colosseum Slavers","floor":21,"turns":4},{"damage":22,"enemies":"Colosseum Nobs","floor":21,"turns":4},{"damage":0,"enemies":"Book of Stabbing","floor":23,"turns":4},{"damage":1,"enemies":"Gremlin Leader","floor":25,"turns":4},{"damage":10,"enemies":"Slavers","floor":27,"turns":4},{"damage":17,"enemies":"Centurion and Healer","floor":28,"turns":3},{"damage":6,"enemies":"Shelled Parasite and Fungi","floor":29,"turns":3},{"damage":0,"enemies":"Snake Plant","floor":31,"turns":2},{"damage":12,"enemies":"Collector","floor":33,"turns":4},{"damage":0,"enemies":"Orb Walker","floor":35,"turns":2},{"damage":0,"enemies":"3 Darklings","floor":37,"turns":1},{"damage":23,"enemies":"Giant Head","floor":40,"turns":5},{"damage":0,"enemies":"4 Shapes","floor":41,"turns":4},{"damage":0,"enemies":"Nemesis","floor":45,"turns":5},{"damage":0,"enemies":"Transient","floor":46,"turns":6},{"damage":0,"enemies":"Reptomancer","floor":47,"turns":3},{"damage":7,"enemies":"Awakened One","floor":50,"turns":7},{"damage":0,"enemies":"Time Eater","floor":51,"turns":8},{"damage":1,"enemies":"Shield and Spear","floor":55,"turns":4},{"damage":41,"enemies":"The Heart","floor":56,"turns":6}],"seed_played":"-2155442140770703977","potions_obtained":[{"floor":6,"key":"Swift Potion"},{"floor":13,"key":"BloodPotion"},{"floor":14,"key":"Regen Potion"},{"floor":25,"key":"Poison Potion"},{"floor":27,"key":"Fruit Juice"},{"floor":28,"key":"FearPotion"},{"floor":29,"key":"Dexterity Potion"}],"is_trial":false,"path_per_floor":["M","?","?","?","T","E","R","E","T","E","M","R","M","M","R","B",null,"M","M","?","?","T","E","R","E","T","E","M","M","$","M","R","B",null,"M","?","M","?","$","E","M","R","T","R","E","M","E","$","R","B","B",null,"R","$","E","B",null],"character_chosen":"IRONCLAD","items_purchased":["Bludgeon+1","Happy Flower","Strawberry","Bag of Marbles","Vajra","Flame Barrier+1","Red Skull"],"campfire_rested":0,"item_purchase_floors":[30,30,30,48,48,54,54],"current_hp_per_floor":[74,79,79,68,68,74,74,80,80,62,67,67,73,69,69,44,71,77,80,80,64,64,80,80,80,80,76,70,70,77,83,83,86,91,92,92,92,79,79,68,92,92,92,92,92,92,92,92,92,92,92,92,92,92,92,67],"gold":35,"neow_bonus":"THREE_ENEMY_KILL","is_prod":false,"is_daily":false,"chose_seed":false,"campfire_upgraded":8,"win_rate":0,"timestamp":1546703438,"path_taken":["M","?","?","?","?","E","R","E","T","E","M","R","?","M","R","BOSS","M","M","?","?","?","E","R","E","T","E","M","?","$","M","R","BOSS","M","?","M","?","$","E","M","R","T","R","E","M","E","$","R","BOSS","BOSS","R","$","E","BOSS"],"build_version":"2019-01-03v4","purchased_purges":4,"victory":true,"max_hp_per_floor":[75,80,80,80,80,80,80,80,80,80,80,80,80,80,80,80,80,80,80,80,80,80,80,80,80,80,80,85,85,92,92,92,92,92,92,92,92,92,92,92,92,92,92,92,92,92,92,92,92,92,92,92,92,92,92,92],"card_choices":[{"not_picked":["Flex","Thunderclap"],"picked":"Twin Strike","floor":1},{"not_picked":["Sever Soul","Warcry"],"picked":"True Grit","floor":6},{"not_picked":["Demon Form","Flame Barrier"],"picked":"Uppercut","floor":8},{"not_picked":["Wild Strike","Clothesline"],"picked":"Warcry+1","floor":10},{"not_picked":["Shockwave+1","Ghostly Armor+1"],"picked":"Spot Weakness+1","floor":11},{"not_picked":["Blood for Blood","Dropkick"],"picked":"Power Through+1","floor":13},{"not_picked":["Clash","Thunderclap"],"picked":"Flame Barrier+1","floor":14},{"not_picked":["Exhume+1","Fiend Fire"],"picked":"Immolate","floor":16},{"not_picked":["Havoc+1","Cleave","Blood for Blood"],"picked":"SKIP","floor":18},{"not_picked":["Anger","Rampage","Iron Wave"],"picked":"SKIP","floor":19},{"not_picked":["Wild Strike+1","Havoc+1"],"picked":"Clothesline+1","floor":23},{"not_picked":["Rampage+1","Iron Wave+1"],"picked":"Shrug It Off+1","floor":25},{"not_picked":["Pommel Strike+1","Headbutt+1","Blood for Blood+1"],"picked":"SKIP","floor":27},{"not_picked":["Perfected Strike+1","Blood for Blood+1","Body Slam+1"],"picked":"SKIP","floor":28},{"not_picked":["Sever Soul+1","Anger+1","Body Slam+1"],"picked":"SKIP","floor":29},{"not_picked":["Carnage+1","Thunderclap+1"],"picked":"Fiend Fire+1","floor":31},{"not_picked":["Dark Embrace","Berserk"],"picked":"Reaper+1","floor":33},{"not_picked":["Sword Boomerang+1","Power Through+1","Metallicize"],"picked":"SKIP","floor":35},{"not_picked":["Bloodletting+1","Sword Boomerang+1","Wild Strike+1"],"picked":"SKIP","floor":37},{"not_picked":["Clash+1","Combust"],"picked":"Shrug It Off+1","floor":40},{"not_picked":["Body Slam+1","True Grit+1","Twin Strike+1"],"picked":"SKIP","floor":41},{"not_picked":["Warcry+1","Twin Strike+1","Wild Strike+1"],"picked":"SKIP","floor":45},{"not_picked":["Twin Strike+1","Cleave+1","Berserk"],"picked":"SKIP","floor":46},{"not_picked":["Clash+1","Shrug It Off+1"],"picked":"Heavy Blade+1","floor":47},{"not_picked":["Warcry+1","Flex+1","Heavy Blade+1"],"picked":"SKIP","floor":55}],"player_experience":726186,"relics_obtained":[{"floor":5,"key":"Centennial Puzzle"},{"floor":6,"key":"Kunai"},{"floor":8,"key":"Mercury Hourglass"},{"floor":9,"key":"Toxic Egg 2"},{"floor":10,"key":"Oddly Smooth Stone"},{"floor":21,"key":"Pocketwatch"},{"floor":21,"key":"Letter Opener"},{"floor":22,"key":"Molten Egg 2"},{"floor":23,"key":"Nunchaku"},{"floor":25,"key":"Smiling Mask"},{"floor":26,"key":"Pantograph"},{"floor":27,"key":"Sundial"},{"floor":40,"key":"Old Coin"},{"floor":45,"key":"Bronze Scales"},{"floor":47,"key":"Gremlin Horn"},{"floor":55,"key":"Shuriken"}],"event_choices":[{"damage_healed":0,"gold_gain":0,"player_choice":"Donut","damage_taken":0,"max_hp_gain":5,"max_hp_loss":0,"event_name":"Big Fish","floor":2,"gold_loss":0},{"cards_removed":["Strike_R"],"damage_healed":0,"gold_gain":0,"player_choice":"Forget","damage_taken":0,"max_hp_gain":0,"max_hp_loss":0,"event_name":"Living Wall","floor":3,"gold_loss":0},{"damage_healed":0,"gold_gain":75,"player_choice":"Gather Gold","damage_taken":11,"max_hp_gain":0,"max_hp_loss":0,"event_name":"World of Goop","floor":4,"gold_loss":0},{"cards_removed":["Strike_R"],"damage_healed":0,"gold_gain":0,"player_choice":"Gave Gold","damage_taken":0,"max_hp_gain":0,"max_hp_loss":0,"event_name":"Beggar","floor":20,"gold_loss":75},{"damage_healed":0,"gold_gain":0,"player_choice":"Fight","damage_taken":0,"max_hp_gain":0,"max_hp_loss":0,"event_name":"Colosseum","floor":21,"gold_loss":0},{"damage_healed":0,"gold_gain":0,"player_choice":"Fought Nobs","damage_taken":0,"max_hp_gain":0,"max_hp_loss":0,"event_name":"Colosseum","floor":21,"gold_loss":0},{"damage_healed":0,"gold_gain":0,"player_choice":"Ignored","damage_taken":0,"max_hp_gain":0,"max_hp_loss":0,"event_name":"Tomb of Lord Red Mask","floor":36,"gold_loss":0},{"damage_healed":0,"gold_gain":0,"player_choice":"Damaged","damage_taken":13,"max_hp_gain":0,"max_hp_loss":0,"event_name":"Wheel of Change","floor":38,"gold_loss":0}],"is_beta":false,"boss_relics":[{"not_picked":["Busted Crown","Fusion Hammer"],"picked":"Snecko Eye"},{"not_picked":["White Beast Statue","Black Star"],"picked":"Sozu"}],"items_purged_floors":[30,39,48,54],"is_endless":false,"potions_floor_spawned":[6,13,14,21,25,27,28,29,41,45,47,55],"ascension_level":20}