{"gold_per_floor":[114,14,14,34,34,34,51,51,51,51,78,39,70,88,88,191,191,211,111,111,111,123,123,123],"floor_reached":24,"playtime":3711,"items_purged":["Normality"],"score":212,"play_id":"02e28d44-9e19-4622-9587-fa970d964fc4","local_time":"20190515212012","is_ascension_mode":true,"campfire_choices":[{"data":"True Grit","floor":6.0,"key":"SMITH"},{"data":"Dark Embrace","floor":8.0,"key":"SMITH"},{"data":"Body Slam","floor":10.0,"key":"SMITH"},{"data":"Dark Embrace","floor":15,"key":"SMITH"},{"data":"Metallicize","floor":23,"key":"SMITH"}],"neow_cost":"NONE","seed_source_timestamp":0,"circlet_count":0,"master_deck":["Strike_R","Strike_R","Strike_R","Strike_R","Defend_R","Defend_R","Defend_R","Defend_R","Bash","Body Slam+1","Twin Strike","True Grit+1","Headbutt","Battle Trance","Dark Embrace+1","Feel No Pain","Dark Embrace+1","Warcry","Fiend Fire+1","Doubt","Doubt","Shrug It Off","Necronomicurse","Metallicize+1"],"special_seed":0,"relics":["Burning Blood","Molten Egg 2","Gambling Chip","Strawberry","Calling Bell","Oddly Smooth Stone","Sundial","Peace Pipe","Necronomicon"],"potions_floor_usage":[24,24,24],"damage_taken":[{"damage":11.0,"enemies":"Jaw Worm","floor":1.0,"turns":3.0},{"damage":1.0,"enemies":"Cultist","floor":4.0,"turns":3.0},{"damage":7.0,"enemies":"2 Louse","floor":7.0,"turns":3.0},{"damage":4.0,"enemies":"3 Sentries","floor":11.0,"turns":9.0},{"damage":5,"enemies":"Lagavulin","floor":13,"turns":8},{"damage":16,"enemies":"Blue Slaver","floor":14,"turns":5},{"damage":71,"enemies":"The Guardian","floor":16,"turns":15},{"damage":21,"enemies":"2 Thieves","floor":18,"turns":5},{"damage":6,"enemies":"Shell Parasite","floor":22,"turns":7},{"damage":72,"enemies":"Gremlin Leader","floor":24,"turns":6}],"seed_played":"-4076812640943943445","potions_obtained":[{"floor":7.0,"key":"Strength Potion"},{"floor":11,"key":"AttackPotion"},{"floor":18,"key":"BloodPotion"}],"is_trial":false,"path_per_floor":["M","$","?","M","?","R","M","R","T","R","E","$","E","M","R","B",null,"M","$","?","?","M","R","E"],"character_chosen":"IRONCLAD","items_purchased":["True Grit","Headbutt","Feel No Pain","Shrug It Off"],"campfire_rested":0,"item_purchase_floors":[2,2,12,19],"current_hp_per_floor":[75,75,75,80,80,80,79,79,79,79,80,80,87,77,77,12,87,72,72,56,56,56,56,0],"gold":123,"neow_bonus":"THREE_CARDS","is_prod":false,"is_daily":false,"chose_seed":false,"campfire_upgraded":5,"win_rate":0,"timestamp":1557969612,"path_taken":["M","$","?","?","?","R","M","R","T","R","E","$","E","M","R","BOSS","M","$","?","?","M","R","E"],"build_version":"2019-01-23","purchased_purges":1,"victory":false,"max_hp_per_floor":[80,80,80,80,80,80,80,80,80,80,80,80,87,87,87,87,87,87,87,87,87,87,87,87],"card_choices":[{"not_picked":["Seeing Red","Twin Strike"],"picked":"Body Slam","floor":0.0},{"not_picked":["Thunderclap","Second Wind"],"picked":"Twin Strike","floor":1.0},{"not_picked":["Flex","Cleave"],"picked":"Battle Trance","floor":4.0},{"not_picked":["Thunderclap","Flex"],"picked":"Dark Embrace","floor":7.0},{"not_picked":["Perfected Strike+1","Clash+1","Rupture"],"picked":"SKIP","floor":11},{"not_picked":["Sword Boomerang+1","Carnage+1"],"picked":"Dark Embrace","floor":13},{"not_picked":["Flex","Anger+1"],"picked":"Warcry","floor":14},{"not_picked":["Berserk","Dark Embrace"],"picked":"Fiend Fire+1","floor":16},{"not_picked":["Wild Strike+1","Heavy Blade+1","Evolve"],"picked":"SKIP","floor":18},{"not_picked":["Clash+1","Intimidate+1"],"picked":"Metallicize","floor":22}],"player_experience":16431,"relics_obtained":[{"floor":9.0,"key":"Molten Egg 2"},{"floor":11,"key":"Gambling Chip"},{"floor":13,"key":"Strawberry"},{"floor":17,"key":"Oddly Smooth Stone"},{"floor":17,"key":"Sundial"},{"floor":17,"key":"Peace Pipe"},{"floor":20,"key":"Necronomicon"}],"event_choices":[{"cards_removed":["Strike_R"],"damage_healed":0.0,"max_hp_gain":0.0,"max_hp_loss":0.0,"gold_gain":0.0,"event_name":"Bonfire Elementals","player_choice":"Offered Basic","floor":3.0,"gold_loss":0.0,"damage_taken":0.0},{"damage_healed":0.0,"max_hp_gain":0.0,"max_hp_loss":0.0,"gold_gain":0.0,"event_name":"The Cleric","player_choice":"Leave","floor":5.0,"gold_loss":0.0,"damage_taken":0.0},{"damage_healed":0,"gold_gain":0,"player_choice":"Obtained Book","damage_taken":16,"max_hp_gain":0,"max_hp_loss":0,"event_name":"Cursed Tome","floor":20,"gold_loss":0},{"damage_healed":0,"gold_gain":0,"player_choice":"Ignored","damage_taken":0,"max_hp_gain":0,"max_hp_loss":0,"event_name":"The Mausoleum","floor":21,"gold_loss":0}],"is_beta":false,"boss_relics":[{"not_picked":["Eternal Feather","Philosopher\u0027s Stone"],"picked":"Calling Bell"}],"items_purged_floors":[19],"is_endless":false,"potions_floor_spawned":[7,11,18],"killed_by":"Gremlin Leader","ascension_level":1}