{"path_per_floor":["M","?","M","$","M","M","R","$","T","M","R","M","E","M","R","B",null,"M","?","M","?","$","R","M","R","T","E","?","?","?","M","R","B",null,"M","$","?","M","?","R","M","?","T","$","?","$","?","?","R","B"],"character_chosen":"IRONCLAD","items_purchased":["Twin Strike","Bandage Up","Intimidate","Heavy Blade","Explosive Potion","Pummel","Inflame","Swift Strike"],"gold_per_floor":[118,118,136,112,132,143,143,143,166,184,184,203,237,252,252,350,350,369,369,380,380,95,95,111,111,111,145,145,145,145,158,158,253,253,263,47,47,67,67,67,84,0,0,0,0,0,0,0,0,0],"floor_reached":51,"campfire_rested":5,"playtime":3269,"current_hp_per_floor":[80,77,80,80,72,77,77,77,77,77,77,79,64,54,80,23,80,60,60,53,53,53,53,48,80,80,68,68,75,60,44,86,65,92,68,68,68,35,35,77,56,56,56,56,79,79,79,79,92,25],"items_purged":[],"gold":0,"play_id":"c55aafae-6513-4ae8-b414-d1726e78ed09","is_prod":false,"is_daily":false,"is_ascension_mode":false,"campfire_upgraded":3,"path_taken":["M","?","M","?","M","?","R","$","T","M","R","M","E","M","R","BOSS","M","?","M","?","?","R","M","R","T","E","?","?","?","M","R","BOSS","M","$","?","M","?","R","M","?","T","$","?","?","?","?","R","BOSS"],"build_version":"2018-01-25-PROD3","purchased_purges":0,"victory":true,"master_deck":["Strike_R+1","Strike_R+1","Strike_R+1","Strike_R+1","Strike_R+1","Defend_R+1","Defend_R+1","Defend_R+1","Defend_R+1","Bash+1","Cleave","Inflame+1","Twin Strike","Pommel Strike","Anger+1","Flex","Anger","Infernal Blade+1","Bludgeon","Body Slam","True Grit+1","Bandage Up","Intimidate","Heavy Blade","Sever Soul","Shrug It Off+1","Perfected Strike","Double Tap","Dual Wield+1","Pummel","Inflame","Swift Strike","Anger+1","Cleave+1","Dual Wield"],"max_hp_per_floor":[80,80,80,80,80,80,80,80,80,80,80,80,80,80,80,80,80,80,80,80,80,80,80,80,80,80,80,80,87,92,92,92,92,92,92,92,92,92,92,92,92,92,92,92,92,92,92,92,92,92],"relics":["Burning Blood","Gremlin Horn","Juzu Bracelet","Regal Pillow","Mark of Pain","Shuriken","Sundial","Omamori","Strawberry","Lizard Tail","Red Mask","Bronze Scales"],"card_choices":[{"not_picked":["Armaments","Clothesline"],"picked":"Cleave"},{"not_picked":["Shrug It Off","Thunderclap"],"picked":"Inflame"},{"not_picked":["Warcry","Dual Wield"],"picked":"Pommel Strike"},{"not_picked":["Rage","Perfected Strike"],"picked":"Anger"},{"not_picked":["Spot Weakness","Brutality"],"picked":"Flex"},{"not_picked":["True Grit","Cleave"],"picked":"Anger"},{"not_picked":["Pommel Strike","True Grit"],"picked":"Juggernaut"},{"not_picked":["Clothesline","Anger"],"picked":"Infernal Blade"},{"not_picked":["Limit Break","Fiend Fire"],"picked":"Bludgeon"},{"not_picked":["Rage","True Grit"],"picked":"Body Slam"},{"not_picked":["Cleave","Warcry"],"picked":"True Grit"},{"not_picked":["True Grit","Warcry"],"picked":"Sever Soul"},{"not_picked":["True Grit","Headbutt"],"picked":"Shrug It Off"},{"not_picked":["Fire Breathing","Juggernaut"],"picked":"Perfected Strike"},{"not_picked":["Bludgeon","Fiend Fire"],"picked":"Double Tap"},{"not_picked":["Twin Strike","Second Wind"],"picked":"Dual Wield"},{"not_picked":["Infernal Blade","Pommel Strike"],"picked":"Anger"},{"not_picked":["Bloodletting","Iron Wave"],"picked":"Cleave"}],"player_experience":32660,"potions_floor_usage":[50,50],"damage_taken":[{"damage":4.0,"enemies":"2 Louse","floor":1.0,"turns":3.0},{"damage":1.0,"enemies":"Jaw Worm","floor":3.0,"turns":2.0},{"damage":14.0,"enemies":"Blue Slaver","floor":5.0,"turns":4.0},{"damage":1.0,"enemies":"Gremlin Gang","floor":6.0,"turns":4.0},{"damage":6.0,"enemies":"Exordium Wildlife","floor":10.0,"turns":2.0},{"damage":4.0,"enemies":"Exordium Thugs","floor":12.0,"turns":3.0},{"damage":21.0,"enemies":"Lagavulin","floor":13.0,"turns":4.0},{"damage":16.0,"enemies":"3 Louse","floor":14.0,"turns":3.0},{"damage":63.0,"enemies":"Hexaghost","floor":16.0,"turns":8.0},{"damage":26.0,"enemies":"2 Thieves","floor":18.0,"turns":5.0},{"damage":13.0,"enemies":"Chosen","floor":20.0,"turns":3.0},{"damage":15.0,"enemies":"Snake Plant","floor":24.0,"turns":4.0},{"damage":18.0,"enemies":"Gremlin Leader","floor":27.0,"turns":3.0},{"damage":26.0,"enemies":"3 Cultists","floor":31.0,"turns":5.0},{"damage":31.0,"enemies":"Champ","floor":33.0,"turns":9.0},{"damage":30,"enemies":"3 Shapes","floor":35,"turns":4},{"damage":39,"enemies":"3 Darklings","floor":38,"turns":5},{"damage":31,"enemies":"Sphere and 2 Shapes","floor":41,"turns":4},{"damage":92,"enemies":"Awakened One","floor":50,"turns":14}],"event_choices":[{"event_name":"Scrap Ooze","player_choice":"success","floor":2.0,"damage_taken":3.0},{"event_name":"Wheel of Change","player_choice":"Relic","floor":19.0,"damage_taken":0.0},{"event_name":"Back to Basics","player_choice":"Simplicity","floor":21.0,"damage_taken":0.0},{"event_name":"Drug Dealer","player_choice":"Ignored","floor":28.0,"damage_taken":0.0},{"event_name":"The Mausoleum","player_choice":"Yes","floor":29.0,"damage_taken":0.0},{"event_name":"Forgotten Altar","player_choice":"Shed Blood","floor":30.0,"damage_taken":0.0},{"event_name":"The Moai Head","player_choice":"Ignored","floor":39,"damage_taken":0},{"event_name":"Tomb of Lord Red Mask","player_choice":"Paid","floor":42,"damage_taken":0},{"event_name":"Winding Halls","player_choice":"Writhe","floor":45,"damage_taken":0},{"event_name":"Mysterious Sphere","player_choice":"Ignore","floor":47,"damage_taken":0},{"event_name":"Match and Keep!","player_choice":"1 cards matched","floor":48,"damage_taken":0}],"boss_relics":[],"potions_floor_spawned":[1,5,6,10,24,31,38,41],"seed_played":"-5073529699873178189","ascension_level":0,"is_trial":false}