{"gold_per_floor":[111,61,236,236,64,64,89,89,89,132,132,156,58,94,94,224,224,242,256,256],"floor_reached":20,"playtime":1619,"items_purged":[],"score":305,"play_id":"15882798-4329-41c1-98fe-bb7c0120ff5a","local_time":"20190611200436","is_ascension_mode":true,"campfire_choices":[{"data":"Apotheosis","floor":6,"key":"SMITH"},{"data":"Neutralize","floor":8,"key":"SMITH"},{"floor":15,"key":"REST"}],"neow_cost":"NONE","seed_source_timestamp":2117225610291740,"circlet_count":0,"master_deck":["AscendersBane","Defend_G","Defend_G","Defend_G","Defend_G","Strike_G","Strike_G","Strike_G","Strike_G","Strike_G","Survivor","Neutralize+1","Doubt","Injury","Apotheosis+1","Regret","Enlightenment","Caltrops","Bullet Time"],"relics":["Ring of the Snake","NeowsBlessing","Golden Idol","Orichalcum","Peace Pipe","Pocketwatch","Incense Burner","Regal Pillow","Eternal Feather"],"potions_floor_usage":[16,19],"damage_taken":[{"damage":0,"enemies":"Cultist","floor":1,"turns":1},{"damage":0,"enemies":"Gremlin Nob","floor":10,"turns":1},{"damage":0,"enemies":"2 Louse","floor":12,"turns":1},{"damage":15,"enemies":"3 Sentries","floor":14,"turns":9},{"damage":60,"enemies":"Slime Boss","floor":16,"turns":19},{"damage":11,"enemies":"Chosen","floor":18,"turns":8},{"damage":13,"enemies":"3 Byrds","floor":19,"turns":4},{"damage":31,"enemies":"Snake Plant","floor":20,"turns":5}],"seed_played":"-7896756036189108783","potions_obtained":[{"floor":10,"key":"GhostInAJar"},{"floor":16,"key":"SteroidPotion"},{"floor":19,"key":"Ancient Potion"}],"is_trial":false,"path_per_floor":["M","?","?","?","$","R","T","R","T","E","?","M","$","E","R","B",null,"M","M","M"],"character_chosen":"THE_SILENT","items_purchased":["Apotheosis","Enlightenment"],"campfire_rested":1,"item_purchase_floors":[5,13],"current_hp_per_floor":[63,63,63,63,63,63,63,63,63,63,63,63,63,48,70,10,55,44,31,0],"gold":256,"neow_bonus":"THREE_ENEMY_KILL","is_prod":false,"is_daily":false,"chose_seed":false,"campfire_upgraded":2,"win_rate":0,"timestamp":1560294276,"path_taken":["M","?","?","?","?","R","?","R","T","E","?","?","$","E","R","BOSS","M","M","M"],"build_version":"2019-01-23","purchased_purges":0,"victory":false,"max_hp_per_floor":[70,70,70,70,70,70,70,70,70,70,70,70,70,70,70,70,70,70,70,70],"card_choices":[{"not_picked":["Quick Slash","Underhanded Strike","Sucker Punch"],"picked":"SKIP","floor":1},{"not_picked":["Finisher","Slice","Underhanded Strike"],"picked":"SKIP","floor":10},{"not_picked":["Underhanded Strike","Catalyst","Sucker Punch"],"picked":"SKIP","floor":12},{"not_picked":["Outmaneuver","Distraction"],"picked":"Caltrops","floor":14},{"not_picked":["After Image","Burst"],"picked":"Bullet Time","floor":16},{"not_picked":["Blade Dance","Bane+1","Quick Slash"],"picked":"SKIP","floor":18},{"not_picked":["Slice","Prepared","Dodge and Roll"],"picked":"SKIP","floor":19}],"player_experience":993874,"relics_obtained":[{"floor":7,"key":"Orichalcum"},{"floor":9,"key":"Peace Pipe"},{"floor":10,"key":"Pocketwatch"},{"floor":14,"key":"Regal Pillow"}],"event_choices":[{"cards_removed":["Defend_G"],"damage_healed":0,"gold_gain":0,"player_choice":"Card Removal","damage_taken":0,"max_hp_gain":0,"max_hp_loss":0,"event_name":"The Cleric","floor":2,"gold_loss":50},{"damage_healed":0,"gold_gain":175,"player_choice":"AGREE","damage_taken":0,"max_hp_gain":0,"max_hp_loss":0,"event_name":"Liars Game","floor":3,"gold_loss":0,"cards_obtained":["Doubt"]},{"damage_healed":0,"gold_gain":0,"player_choice":"Take Wound","damage_taken":0,"relics_obtained":["Golden Idol"],"max_hp_gain":0,"max_hp_loss":0,"event_name":"Golden Idol","floor":4,"gold_loss":0,"cards_obtained":["Injury"]},{"damage_healed":0,"gold_gain":0,"player_choice":"Box","damage_taken":0,"relics_obtained":["Incense Burner"],"max_hp_gain":0,"max_hp_loss":0,"event_name":"Big Fish","floor":11,"gold_loss":0,"cards_obtained":["Regret"]}],"is_beta":false,"boss_relics":[{"not_picked":["Philosopher\u0027s Stone","Velvet Choker"],"picked":"Eternal Feather"}],"items_purged_floors":[],"is_endless":false,"potions_floor_spawned":[10,16,19],"killed_by":"Snake Plant","ascension_level":10}