{"gold_per_floor":[11,23,23,34,45,79,79,105,105,118,137,95,115,2,2,104,104,115,146,146,157,14,14,14],"floor_reached":24,"playtime":1165,"items_purged":["Strike_B"],"score":335,"play_id":"2220f9c1-8e9d-42e2-a3a5-7670bf22f9fd","local_time":"20190603063538","is_ascension_mode":true,"campfire_choices":[{"floor":7,"key":"REST"},{"floor":15,"key":"REST"},{"data":"Buffer","floor":23,"key":"SMITH"}],"neow_cost":"NO_GOLD","seed_source_timestamp":1377946350369827,"circlet_count":0,"master_deck":["Strike_B","Strike_B","Strike_B","Defend_B","Defend_B","Defend_B+1","Defend_B+1","Zap","Dualcast","Ball Lightning","Doom and Gloom","Buffer+1","Gash","Ball Lightning","Conserve Battery","Static Discharge+1","Glacier","Buffer+1","Fusion+1","Loop+1"],"relics":["Cracked Core","Torii","Question Card","Gambling Chip","Frozen Egg 2","Inserter","Red Mask","Nloth\u0027s Gift","Anchor"],"potions_floor_usage":[6,11,16,19,19,24],"damage_taken":[{"damage":0,"enemies":"Cultist","floor":1,"turns":3},{"damage":1,"enemies":"Small Slimes","floor":2,"turns":2},{"damage":0,"enemies":"2 Louse","floor":4,"turns":1},{"damage":12,"enemies":"Exordium Wildlife","floor":5,"turns":3},{"damage":24,"enemies":"Gremlin Nob","floor":6,"turns":4},{"damage":34,"enemies":"3 Sentries","floor":8,"turns":7},{"damage":0,"enemies":"2 Fungi Beasts","floor":10,"turns":2},{"damage":7,"enemies":"Lots of Slimes","floor":11,"turns":2},{"damage":0,"enemies":"3 Louse","floor":13,"turns":3},{"damage":0,"enemies":"Slime Boss","floor":16,"turns":7},{"damage":0,"enemies":"Spheric Guardian","floor":18,"turns":4},{"damage":22,"enemies":"Masked Bandits","floor":19,"turns":4},{"damage":10,"enemies":"2 Thieves","floor":21,"turns":4},{"damage":35,"enemies":"Gremlin Leader","floor":24,"turns":5}],"seed_played":"5612941314853004594","potions_obtained":[{"floor":1,"key":"SpeedPotion"},{"floor":2,"key":"Ancient Potion"},{"floor":4,"key":"GamblersBrew"},{"floor":11,"key":"AttackPotion"},{"floor":13,"key":"Swift Potion"},{"floor":18,"key":"FearPotion"},{"floor":19,"key":"SkillPotion"}],"is_trial":false,"path_per_floor":["M","M","?","M","M","E","R","E","T","M","M","?","M","$","R","B",null,"M","?","?","M","$","R","E"],"character_chosen":"DEFECT","items_purchased":["Glacier","Anchor"],"campfire_rested":2,"item_purchase_floors":[14,22],"current_hp_per_floor":[68,67,60,60,48,24,46,12,12,12,5,5,5,5,27,27,63,63,41,41,31,31,31,0],"gold":14,"neow_bonus":"ONE_RARE_RELIC","is_prod":false,"is_daily":false,"chose_seed":false,"campfire_upgraded":1,"win_rate":0,"timestamp":1559554538,"path_taken":["M","?","?","M","M","E","R","E","T","M","M","?","M","?","R","BOSS","M","?","?","M","$","R","E"],"build_version":"2019-01-23","purchased_purges":1,"victory":false,"max_hp_per_floor":[75,75,75,75,75,75,75,75,75,75,75,75,75,75,75,75,75,75,75,75,75,75,75,75],"card_choices":[{"not_picked":["Steam","Reinforced Body","Sweeping Beam"],"picked":"SKIP","floor":1},{"not_picked":["Beam Cell","Gash"],"picked":"Ball Lightning","floor":2},{"not_picked":["Storm","Leap","Rip and Tear"],"picked":"Doom and Gloom","floor":4},{"not_picked":["Skim","Storm","Coolheaded","Steam"],"picked":"SKIP","floor":5},{"not_picked":["Cold Snap","Go for the Eyes","Compile Driver"],"picked":"Buffer","floor":6},{"not_picked":["Beam Cell","Steam Power","Biased Cognition"],"picked":"Gash","floor":8},{"not_picked":["Compile Driver","Reprogram","Stack"],"picked":"Ball Lightning","floor":10},{"not_picked":["Redo","Barrage","Ball Lightning"],"picked":"Conserve Battery","floor":11},{"not_picked":["Chill","Blizzard","Rip and Tear"],"picked":"Static Discharge+1","floor":13},{"not_picked":["Hyperbeam","Rainbow","Meteor Strike"],"picked":"Buffer+1","floor":16},{"not_picked":["Glacier","Go for the Eyes+1","Double Energy"],"picked":"Fusion+1","floor":18},{"not_picked":["Stack","Cold Snap+1","Steam"],"picked":"Loop+1","floor":19},{"not_picked":["Barrage","Rebound+1","Sweeping Beam","Beam Cell"],"picked":"SKIP","floor":21}],"player_experience":878330,"relics_obtained":[{"floor":6,"key":"War Paint"},{"floor":8,"key":"Gambling Chip"},{"floor":9,"key":"Frozen Egg 2"},{"floor":19,"key":"Red Mask"}],"event_choices":[{"damage_healed":0,"gold_gain":0,"player_choice":"Success","damage_taken":7,"relics_obtained":["Question Card"],"max_hp_gain":0,"max_hp_loss":0,"event_name":"Scrap Ooze","floor":3,"gold_loss":0},{"damage_healed":0,"gold_gain":0,"player_choice":"Left Gold","damage_taken":0,"max_hp_gain":0,"max_hp_loss":0,"event_name":"World of Goop","floor":12,"gold_loss":42},{"damage_healed":0,"gold_gain":0,"player_choice":"Fought Bandits","damage_taken":0,"max_hp_gain":0,"max_hp_loss":0,"event_name":"Masked Bandits","floor":19,"gold_loss":0},{"damage_healed":0,"gold_gain":0,"player_choice":"Traded Relic","damage_taken":0,"relics_obtained":["Nloth\u0027s Gift"],"max_hp_gain":0,"max_hp_loss":0,"event_name":"N\u0027loth","floor":20,"relics_lost":["War Paint"],"gold_loss":0}],"is_beta":false,"boss_relics":[{"not_picked":["Ectoplasm","Pandora\u0027s Box"],"picked":"Inserter"}],"items_purged_floors":[14],"is_endless":false,"potions_floor_spawned":[1,2,4,11,13,18,19],"killed_by":"Gremlin Leader","ascension_level":6}