{"gold_per_floor":[111,126,126,144,156,187,215,258,295,307,319,431,457,498,510,594,606,632,663,675,107,22,22,35,35,58,58,86,101,200,219,219,294,294,310,321,421,421,436,436,467,482,563,563],"floor_reached":44,"playtime":2767,"items_purged":["Strike_R"],"score":841,"play_id":"c08c3eed-7a19-4c8a-86f4-dc22d6145591","local_time":"20190514145847","is_ascension_mode":true,"campfire_choices":[{"data":"Anger","floor":11.0,"key":"SMITH"},{"data":"Barricade","floor":15.0,"key":"SMITH"},{"floor":23.0,"key":"REST"},{"floor":25.0,"key":"REST"},{"data":"Metallicize","floor":27.0,"key":"SMITH"},{"floor":32,"key":"REST"},{"data":"Limit Break","floor":40,"key":"SMITH"}],"neow_cost":"NONE","seed_source_timestamp":0,"circlet_count":0,"master_deck":["AscendersBane","Strike_R","Strike_R","Strike_R","Strike_R","Defend_R","Defend_R","Defend_R","Bash","Anger+1","Shrug It Off","Flex","Inflame","Disarm","Metallicize+1","Headbutt","Barricade+1","Limit Break+1","Cold Snap","True Grit+1","Shrug It Off+1","Heavy Blade","All For One","Beam Cell","Backstab","Flex","Prepared+1","Envenom"],"special_seed":0,"relics":["Black Blood","MawBank","Anchor","Bronze Scales","Pen Nib","PrismaticShard","Charon\u0027s Ashes","Orichalcum","Smiling Mask","Thread and Needle","Eternal Feather","Torii","Vajra","The Courier"],"potions_floor_usage":[36,41,41],"damage_taken":[{"damage":2.0,"enemies":"Jaw Worm","floor":1.0,"turns":3.0},{"damage":1.0,"enemies":"2 Louse","floor":2.0,"turns":3.0},{"damage":1.0,"enemies":"Cultist","floor":4.0,"turns":3.0},{"damage":14.0,"enemies":"Large Slime","floor":5.0,"turns":7.0},{"damage":32.0,"enemies":"3 Sentries","floor":6.0,"turns":7.0},{"damage":7.0,"enemies":"2 Fungi Beasts","floor":7.0,"turns":4.0},{"damage":23.0,"enemies":"Gremlin Nob","floor":8.0,"turns":5.0},{"damage":1.0,"enemies":"Looter","floor":13.0,"turns":2.0},{"damage":15.0,"enemies":"Lagavulin","floor":14.0,"turns":6.0},{"damage":29.0,"enemies":"The Guardian","floor":16.0,"turns":12.0},{"damage":41.0,"enemies":"Chosen","floor":18.0,"turns":7.0},{"damage":30.0,"enemies":"2 Thieves","floor":19.0,"turns":4.0},{"damage":45.0,"enemies":"3 Cultists","floor":24.0,"turns":6.0},{"damage":35.0,"enemies":"Gremlin Leader","floor":28.0,"turns":7.0},{"damage":21.0,"enemies":"Shelled Parasite and Fungi","floor":29.0,"turns":6.0},{"damage":0.0,"enemies":"Snecko","floor":31.0,"turns":8.0},{"damage":49,"enemies":"Champ","floor":33,"turns":17},{"damage":0,"enemies":"3 Shapes","floor":35,"turns":7},{"damage":43,"enemies":"3 Darklings","floor":36,"turns":7},{"damage":0,"enemies":"Mind Bloom Boss Battle","floor":37,"turns":8},{"damage":1,"enemies":"Sphere and 2 Shapes","floor":39,"turns":6},{"damage":18,"enemies":"Giant Head","floor":41,"turns":8},{"damage":1,"enemies":"Maw","floor":42,"turns":7},{"damage":76,"enemies":"Transient","floor":44,"turns":5}],"seed_played":"870049502166690723","potions_obtained":[{"floor":4.0,"key":"Swift Potion"},{"floor":5.0,"key":"Explosive Potion"},{"floor":6.0,"key":"Regen Potion"},{"floor":14.0,"key":"Fire Potion"},{"floor":18.0,"key":"Weak Potion"},{"floor":19.0,"key":"Fire Potion"},{"floor":24.0,"key":"SkillPotion"},{"floor":28.0,"key":"Poison Potion"},{"floor":33,"key":"Dexterity Potion"},{"floor":36,"key":"Poison Potion"},{"floor":39,"key":"Strength Potion"}],"is_trial":false,"path_per_floor":["M","M","?","M","M","E","M","E","T","?","R","?","M","E","R","B",null,"M","M","?","$","?","R","M","R","T","R","E","M","?","M","R","B",null,"M","M","?","?","M","R","E","M","T","M"],"character_chosen":"IRONCLAD","items_purchased":["PrismaticShard","Charon\u0027s Ashes"],"campfire_rested":3,"item_purchase_floors":[21,21],"current_hp_per_floor":[72,75,75,75,67,41,40,37,37,42,42,42,47,38,38,15,64,33,13,39,39,39,63,28,52,52,52,27,16,16,26,50,11,63,73,40,50,50,59,74,66,75,75,0],"gold":563,"neow_bonus":"THREE_CARDS","is_prod":false,"is_daily":false,"chose_seed":false,"campfire_upgraded":4,"win_rate":0,"timestamp":1557856727,"path_taken":["M","M","?","M","M","E","M","E","T","?","R","?","M","E","R","BOSS","M","M","?","$","?","R","M","R","T","R","E","M","?","M","R","BOSS","M","M","?","?","M","R","E","M","T","M"],"build_version":"2019-01-23","purchased_purges":1,"victory":false,"max_hp_per_floor":[75,75,75,75,75,75,75,75,75,80,80,80,80,80,80,80,80,80,80,80,80,80,80,80,80,80,80,80,80,80,80,80,80,80,80,80,80,76,76,76,76,76,76,76],"card_choices":[{"not_picked":["Iron Wave","Clothesline"],"picked":"Anger","floor":0.0},{"not_picked":["Infernal Blade","Heavy Blade"],"picked":"Shrug It Off","floor":1.0},{"not_picked":["Anger","Barricade","Flex"],"picked":"SKIP","floor":2.0},{"not_picked":["Corruption","Body Slam"],"picked":"Flex","floor":4.0},{"not_picked":["Flex","Dual Wield"],"picked":"Inflame","floor":5.0},{"not_picked":["Iron Wave","Battle Trance"],"picked":"Disarm","floor":6.0},{"not_picked":["Twin Strike","Thunderclap"],"picked":"Metallicize","floor":7.0},{"not_picked":["Carnage","Havoc","Blood for Blood"],"picked":"SKIP","floor":8.0},{"not_picked":["Infernal Blade","Pommel Strike"],"picked":"Headbutt","floor":13.0},{"not_picked":["Iron Wave","Rupture"],"picked":"Barricade","floor":14.0},{"not_picked":["Juggernaut","Reaper"],"picked":"Limit Break","floor":16.0},{"not_picked":["Havoc","Clash","Clothesline"],"picked":"SKIP","floor":18.0},{"not_picked":["Pommel Strike","Warcry","Thunderclap"],"picked":"SKIP","floor":19.0},{"not_picked":["Static Discharge","Deadly Poison"],"picked":"Cold Snap","floor":24.0},{"not_picked":["Heavy Blade","Underhanded Strike"],"picked":"True Grit+1","floor":28.0},{"not_picked":["Headbutt","Stack"],"picked":"Shrug It Off+1","floor":29.0},{"not_picked":["Perfected Strike","Defragment"],"picked":"Heavy Blade","floor":31},{"not_picked":["Exhume","Bludgeon"],"picked":"All For One","floor":33},{"not_picked":["Sunder","Poisoned Stab","Dropkick"],"picked":"SKIP","floor":35},{"not_picked":["Catalyst+1","Cleave"],"picked":"Beam Cell","floor":36},{"not_picked":["Distraction","Cold Snap"],"picked":"Backstab","floor":37},{"not_picked":["True Grit","PiercingWail"],"picked":"Flex","floor":39},{"not_picked":["Reckless Charge","Blood for Blood"],"picked":"Prepared+1","floor":41},{"not_picked":["Rebound+1","Terror"],"picked":"Envenom","floor":42}],"player_experience":732634,"relics_obtained":[{"floor":6.0,"key":"MawBank"},{"floor":8.0,"key":"Anchor"},{"floor":9.0,"key":"Bronze Scales"},{"floor":14.0,"key":"Pen Nib"},{"floor":26.0,"key":"Smiling Mask"},{"floor":28.0,"key":"Thread and Needle"},{"floor":37,"key":"Torii"},{"floor":41,"key":"Vajra"},{"floor":43,"key":"The Courier"}],"event_choices":[{"cards_removed":["Defend_R"],"damage_healed":0.0,"max_hp_gain":0.0,"max_hp_loss":0.0,"gold_gain":0.0,"event_name":"Living Wall","player_choice":"Forget","floor":3.0,"gold_loss":0.0,"damage_taken":0.0},{"damage_healed":0.0,"max_hp_gain":5.0,"max_hp_loss":0.0,"gold_gain":0.0,"event_name":"Big Fish","player_choice":"Donut","floor":10.0,"gold_loss":0.0,"damage_taken":0.0},{"damage_healed":0.0,"max_hp_gain":0.0,"max_hp_loss":0.0,"gold_gain":100.0,"event_name":"Wheel of Change","player_choice":"Gold","floor":12.0,"gold_loss":0.0,"damage_taken":0.0},{"damage_healed":26.0,"max_hp_gain":0.0,"max_hp_loss":0.0,"gold_gain":0.0,"event_name":"The Library","player_choice":"Heal","floor":20.0,"gold_loss":0.0,"damage_taken":0.0},{"damage_healed":0.0,"max_hp_gain":0.0,"max_hp_loss":0.0,"gold_gain":0.0,"event_name":"Addict","player_choice":"Obtained Relic","floor":22.0,"gold_loss":85.0,"damage_taken":0.0,"relics_obtained":["Orichalcum"]},{"damage_healed":0.0,"max_hp_gain":0.0,"max_hp_loss":0.0,"gold_gain":99.0,"event_name":"Nest","player_choice":"Stole From Cult","floor":30.0,"gold_loss":0.0,"damage_taken":0.0},{"damage_healed":0,"gold_gain":0,"player_choice":"Fight","damage_taken":0,"max_hp_gain":0,"max_hp_loss":0,"event_name":"MindBloom","floor":37,"gold_loss":0},{"damage_healed":0,"gold_gain":0,"player_choice":"Max HP","damage_taken":0,"max_hp_gain":0,"max_hp_loss":4,"event_name":"Winding Halls","floor":38,"gold_loss":0}],"is_beta":false,"boss_relics":[{"not_picked":["Busted Crown","Ectoplasm"],"picked":"Black Blood"},{"not_picked":["Orrery","Black Star"],"picked":"Eternal Feather"}],"items_purged_floors":[21],"is_endless":false,"potions_floor_spawned":[4,5,6,14,18,19,24,28,33,36,39],"killed_by":"Transient","ascension_level":14}