{"path_per_floor":["M","M","?","M","T","R","M","E","T","M","?","R","$","M","R","B",null,"M","$","?","?","?","R"],"character_chosen":"THE_SILENT","items_purchased":["Bandage Up","Reflex","Blood Vial","Dramatic Entrance"],"gold_per_floor":[119,133,163,179,179,179,190,218,218,231,254,254,122,135,135,238,238,250,2,2,2,2,2],"floor_reached":24,"campfire_rested":3,"playtime":1798,"current_hp_per_floor":[70,69,51,50,50,70,68,35,35,35,27,48,48,48,48,9,70,22,22,22,22,22,43],"items_purged":[],"gold":2,"play_id":"eee39f9b-e1ce-458c-b638-4949e9fbcf88","is_prod":false,"is_daily":false,"is_ascension_mode":false,"campfire_upgraded":1,"path_taken":["M","M","?","M","?","R","?","E","T","M","?","R","$","M","R","BOSS","M","$","?","?","?","R","E"],"build_version":"2018-02-01-PROD3","purchased_purges":0,"victory":false,"master_deck":["Defend_G","Defend_G","Defend_G","Defend_G","Defend_G","Strike_G","Strike_G","Strike_G","Strike_G","Strike_G","Survivor","Neutralize","Noxious Fumes+1","Deadly Poison","Blur","Deadly Poison","Bane","Bandage Up","Terror","Envenom+1","Bullet Time+1","Skewer+1","Tools of the Trade+1","Choke","Dramatic Entrance","Writhe"],"max_hp_per_floor":[70,70,70,70,70,70,70,70,70,70,70,70,70,70,70,70,70,70,70,70,70,70,70],"relics":["The Specimen","Tiny Chest","Vajra","Ancient Tea Set","Frozen Eye","Odd Mushroom","Astrolabe","Blood Vial","Orichalcum"],"card_choices":[{"not_picked":["Terror","Slice"],"picked":"Poisoned Stab"},{"not_picked":["Slice","Flying Knee"],"picked":"PiercingWail"},{"not_picked":["Slice","Endless Agony"],"picked":"Noxious Fumes"},{"not_picked":["Masterful Stab","Endless Agony"],"picked":"Deadly Poison"},{"not_picked":["Corpse Explosion","Predator"],"picked":"Blur"},{"not_picked":["Acrobatics","Deflect"],"picked":"Deadly Poison"},{"not_picked":["Poisoned Stab","Dagger Throw"],"picked":"Bane"},{"not_picked":["Slice","Sucker Punch"],"picked":"Terror"},{"not_picked":["After Image","Wraith Form"],"picked":"Envenom"},{"not_picked":["Flechettes","Heel Hook"],"picked":"Choke"}],"player_experience":50946,"potions_floor_usage":[11,11,16],"damage_taken":[{"damage":0,"enemies":"Blue Slaver","floor":1,"turns":6},{"damage":1,"enemies":"Jaw Worm","floor":2,"turns":5},{"damage":1,"enemies":"Cultist","floor":4,"turns":4},{"damage":2,"enemies":"Red Slaver","floor":7,"turns":5},{"damage":33,"enemies":"Lagavulin","floor":8,"turns":6},{"damage":0,"enemies":"Looter","floor":10,"turns":4},{"damage":8,"enemies":"The Mushroom Lair","floor":11,"turns":4},{"damage":0,"enemies":"3 Louse","floor":14,"turns":3},{"damage":43,"enemies":"The Guardian","floor":16,"turns":10},{"damage":52,"enemies":"Spheric Guardian","floor":18,"turns":6},{"damage":49,"enemies":"Book of Stabbing","floor":24,"turns":5}],"event_choices":[{"event_name":"Scrap Ooze","player_choice":"success","floor":3,"damage_taken":18},{"event_name":"Mushrooms","player_choice":"Fought Mushrooms","floor":11,"damage_taken":0},{"event_name":"The Mausoleum","player_choice":"Yes","floor":20,"damage_taken":0},{"event_name":"Addict","player_choice":"Ignored","floor":21,"damage_taken":0},{"event_name":"Upgrade Shrine","player_choice":"Upgraded","floor":22,"damage_taken":0}],"boss_relics":[{"not_picked":["Question Card","Runic Pyramid"],"picked":"Astrolabe"}],"potions_floor_spawned":[1,7,8,10],"seed_played":"501669783849550013","killed_by":"Book of Stabbing","ascension_level":0,"is_trial":false}