{"gold_per_floor":[112,112,112,18,37,37,72,72,72,84,104,134,134,134,134,206,206,220,9,28,45,58,58,85,85,85,117,117,42,73,73,73,149,149,169,186,186,28,40,40,72,72,99,110,110],"floor_reached":45,"playtime":2553,"items_purged":[],"score":1018,"play_id":"a849b6f9-34c3-4d9d-a12b-729156944e9b","local_time":"20181223211415","is_ascension_mode":true,"campfire_choices":[{"data":"Zap","floor":6,"key":"SMITH"},{"data":"Dualcast","floor":8,"key":"SMITH"},{"data":"Sweeping Beam","floor":13,"key":"SMITH"},{"data":"Hologram","floor":15,"key":"SMITH"},{"data":"Biased Cognition","floor":23,"key":"SMITH"},{"data":"Fusion","floor":25,"key":"SMITH"},{"floor":32,"key":"REST"},{"floor":40,"key":"REST"},{"floor":42,"key":"REST"}],"neow_cost":"NONE","seed_source_timestamp":30285609727902,"circlet_count":0,"master_deck":["AscendersBane","Strike_B+1","Strike_B+1","Strike_B+1","Defend_B+1","Defend_B+1","Defend_B+1","Defend_B+1","Zap+1","Dualcast+1","Leap+1","Glacier+1","Compile Driver","Ball Lightning","Hologram+1","Sweeping Beam+1","Compile Driver","Hologram","Biased Cognition+1","Sweeping Beam+1","Biased Cognition","Electrodynamics","Coolheaded","Fusion+1","Steam+1","Fission+1","Panacea","Panacea+1","Conserve Battery+1","Reinforced Body+1"],"relics":["Cracked Core","Ancient Tea Set","Kunai","Question Card","Symbiotic Virus","Nuclear Battery","DollysMirror","Darkstone Periapt","StoneCalendar","Bottled Flame","Busted Crown","War Paint","Meat on the Bone","Regal Pillow"],"potions_floor_usage":[30,33,45],"damage_taken":[{"damage":2,"enemies":"Cultist","floor":1,"turns":4},{"damage":0,"enemies":"Jaw Worm","floor":5,"turns":6},{"damage":6,"enemies":"Lagavulin","floor":7,"turns":7},{"damage":3,"enemies":"2 Louse","floor":10,"turns":2},{"damage":4,"enemies":"Large Slime","floor":11,"turns":5},{"damage":1,"enemies":"3 Sentries","floor":12,"turns":8},{"damage":19,"enemies":"Hexaghost","floor":16,"turns":15},{"damage":0,"enemies":"Chosen","floor":18,"turns":2},{"damage":0,"enemies":"Spheric Guardian","floor":20,"turns":3},{"damage":1,"enemies":"Centurion and Healer","floor":21,"turns":3},{"damage":0,"enemies":"3 Cultists","floor":22,"turns":3},{"damage":10,"enemies":"Book of Stabbing","floor":24,"turns":4},{"damage":8,"enemies":"Gremlin Leader","floor":27,"turns":5},{"damage":19,"enemies":"Book of Stabbing","floor":30,"turns":6},{"damage":37,"enemies":"Collector","floor":33,"turns":9},{"damage":0,"enemies":"3 Darklings","floor":35,"turns":4},{"damage":0,"enemies":"Orb Walker","floor":36,"turns":3},{"damage":20,"enemies":"Transient","floor":39,"turns":6},{"damage":36,"enemies":"Reptomancer","floor":41,"turns":6},{"damage":0,"enemies":"Writhing Mass","floor":44,"turns":5},{"damage":52,"enemies":"Giant Head","floor":45,"turns":11}],"seed_played":"573880181495447564","potions_obtained":[{"floor":1,"key":"SpeedPotion"},{"floor":10,"key":"Fire Potion"},{"floor":21,"key":"Block Potion"},{"floor":22,"key":"Dexterity Potion"},{"floor":33,"key":"Poison Potion"},{"floor":35,"key":"FocusPotion"},{"floor":36,"key":"Strength Potion"}],"is_trial":false,"path_per_floor":["M","T","?","$","M","R","E","R","T","M","M","E","R","?","R","B",null,"M","$","M","M","M","R","E","R","T","E","?","?","E","?","R","B",null,"M","M","?","$","M","R","E","R","T","M","E"],"character_chosen":"DEFECT","items_purchased":["Glacier","Compile Driver","DollysMirror","War Paint"],"campfire_rested":3,"item_purchase_floors":[4,4,19,38],"current_hp_per_floor":[69,69,69,69,69,69,63,63,63,60,56,55,55,32,32,13,62,62,62,62,61,61,61,51,51,51,43,43,43,24,24,47,10,61,61,61,51,51,31,54,18,41,41,41,0],"gold":110,"neow_bonus":"TEN_PERCENT_HP_BONUS","is_prod":false,"is_daily":false,"chose_seed":false,"campfire_upgraded":6,"win_rate":0,"timestamp":1545596055,"path_taken":["M","?","?","?","M","R","E","R","T","?","M","E","R","?","R","BOSS","M","$","M","M","M","R","E","R","T","E","?","?","E","?","R","BOSS","M","M","?","$","M","R","E","R","T","M","E"],"build_version":"2018-12-20","purchased_purges":0,"victory":false,"max_hp_per_floor":[78,78,78,78,78,78,78,78,78,78,78,78,78,78,78,78,78,78,78,78,78,78,78,78,78,78,78,78,78,78,78,78,78,78,78,78,78,78,78,78,78,78,78,78,78],"card_choices":[{"not_picked":["BootSequence","Beam Cell"],"picked":"Leap","floor":1},{"not_picked":["Fusion","Barrage"],"picked":"Ball Lightning","floor":5},{"not_picked":["Loop","Barrage"],"picked":"Hologram","floor":7},{"not_picked":["Auto Shields","Coolheaded","Storm"],"picked":"Sweeping Beam","floor":10},{"not_picked":["Loop","Aggregate","Streamline"],"picked":"Compile Driver","floor":11},{"not_picked":["Hyperbeam","Gash","Double Energy"],"picked":"Hologram","floor":12},{"not_picked":["Amplify","Hyperbeam","Machine Learning"],"picked":"Biased Cognition","floor":16},{"not_picked":["Aggregate","Rebound","Streamline"],"picked":"Sweeping Beam+1","floor":18},{"not_picked":["Turbo","Leap","Barrage"],"picked":"Electrodynamics","floor":20},{"not_picked":["Rebound","Aggregate","Barrage"],"picked":"Coolheaded","floor":21},{"not_picked":["Blizzard","Stack","Skim","Rebound"],"picked":"SKIP","floor":22},{"not_picked":["Rip and Tear+1","Rainbow","Melter"],"picked":"Fusion","floor":24},{"not_picked":["Stack","Electrodynamics","Beam Cell+1"],"picked":"Steam+1","floor":27},{"not_picked":["Hello World","Turbo","Fusion","Beam Cell"],"picked":"SKIP","floor":30},{"not_picked":["Buffer","Thunder Strike","Machine Learning"],"picked":"Fission","floor":33},{"not_picked":["Consume","Rebound"],"picked":"SKIP","floor":35},{"not_picked":["Double Energy","Beam Cell"],"picked":"SKIP","floor":36},{"not_picked":["Jack Of All Trades"],"picked":"Panacea","floor":37},{"not_picked":["Purity"],"picked":"Panacea","floor":37},{"not_picked":["Hologram"],"picked":"Conserve Battery+1","floor":39},{"not_picked":["Streamline"],"picked":"Reinforced Body+1","floor":41},{"not_picked":["Barrage","Consume"],"picked":"SKIP","floor":44}],"player_experience":696772,"relics_obtained":[{"floor":2,"key":"Ancient Tea Set"},{"floor":7,"key":"Kunai"},{"floor":9,"key":"Question Card"},{"floor":12,"key":"Symbiotic Virus"},{"floor":24,"key":"Darkstone Periapt"},{"floor":27,"key":"StoneCalendar"},{"floor":30,"key":"Bottled Flame"},{"floor":41,"key":"Meat on the Bone"},{"floor":43,"key":"Regal Pillow"}],"event_choices":[{"damage_healed":0,"gold_gain":0,"player_choice":"Ignored","damage_taken":0,"max_hp_gain":0,"max_hp_loss":0,"event_name":"Liars Game","floor":3,"gold_loss":0},{"damage_healed":0,"gold_gain":0,"player_choice":"Entered Light","damage_taken":23,"max_hp_gain":0,"max_hp_loss":0,"event_name":"Shining Light","floor":14,"gold_loss":0,"cards_upgraded":["Glacier","Leap"]},{"damage_healed":0,"gold_gain":0,"player_choice":"Simplicity","damage_taken":0,"max_hp_gain":0,"max_hp_loss":0,"event_name":"Back to Basics","floor":28,"gold_loss":0,"cards_upgraded":["Strike_B","Strike_B","Strike_B","Strike_B","Defend_B","Defend_B","Defend_B","Defend_B"]},{"cards_removed":["Strike_B"],"damage_healed":0,"gold_gain":0,"player_choice":"Gave Gold","damage_taken":0,"max_hp_gain":0,"max_hp_loss":0,"event_name":"Beggar","floor":29,"gold_loss":75},{"damage_healed":0,"gold_gain":0,"player_choice":"Ignored","damage_taken":0,"max_hp_gain":0,"max_hp_loss":0,"event_name":"Ghosts","floor":31,"gold_loss":0},{"damage_healed":0,"gold_gain":0,"player_choice":"Memory 3","damage_taken":10,"max_hp_gain":0,"max_hp_loss":0,"event_name":"SensoryStone","floor":37,"gold_loss":0}],"is_beta":false,"boss_relics":[{"not_picked":["Calling Bell","Tiny House"],"picked":"Nuclear Battery"},{"not_picked":["Velvet Choker","Sozu"],"picked":"Busted Crown"}],"items_purged_floors":[],"is_endless":false,"potions_floor_spawned":[1,10,21,22,24,33,35,36],"killed_by":"Giant Head","ascension_level":20}