{"gold_per_floor":[110,120,120,120,40,40,40,75,99,128,143,143,154,181,181,258,258,271,285,37,37,37,37,54,54,54,54,83,95,115,40,40,112,112,129,179,192,203,213,213,246,246,270,305,305,27,27,37,37,37,37,37,37,0,0],"floor_reached":55,"playtime":3834,"items_purged":["Strike_B"],"score":1926,"play_id":"1dfdf89f-82a5-48b4-b427-133ebf371488","local_time":"20190602201020","is_ascension_mode":true,"campfire_choices":[{"data":"Rip and Tear","floor":6.0,"key":"SMITH"},{"floor":12.0,"key":"REST"},{"data":"Go for the Eyes","floor":15.0,"key":"SMITH"},{"data":"Hyperbeam","floor":23.0,"key":"SMITH"},{"data":"Writhe","floor":27.0,"key":"PURGE"},{"floor":32.0,"key":"REST"},{"floor":40.0,"key":"REST"},{"floor":42.0,"key":"REST"},{"floor":49.0,"key":"RECALL"},{"data":"Strike_B","floor":53.0,"key":"PURGE"}],"neow_cost":"NONE","seed_source_timestamp":26356687969073,"circlet_count":0,"master_deck":["AscendersBane","Strike_B","Defend_B","Defend_B","Defend_B","Defend_B","Zap","Dualcast","Steam","Rip and Tear+1","Go for the Eyes+1","Undo","Genetic Algorithm","Melter","Hyperbeam+1","Compile Driver","Gash","Static Discharge+1","Glacier","Redo+1","Capacitor+1","Consume+1","Creative AI+1","Compile Driver","Capacitor+1","Cold Snap+1","Reinforced Body","Seek","Hologram","Master of Strategy","Recycle","Storm+1"],"special_seed":0,"relics":["Cracked Core","Ancient Tea Set","Peace Pipe","Question Card","Bag of Preparation","StoneCalendar","Frozen Egg 2","Nuclear Battery","Shuriken","Gremlin Horn","Centennial Puzzle","Velvet Choker","Pear","Cables"],"potions_floor_usage":[55],"damage_taken":[{"damage":9.0,"enemies":"Jaw Worm","floor":1.0,"turns":4.0},{"damage":13.0,"enemies":"2 Louse","floor":2.0,"turns":3.0},{"damage":19.0,"enemies":"Lagavulin","floor":8.0,"turns":7.0},{"damage":0.0,"enemies":"Gremlin Nob","floor":10.0,"turns":2.0},{"damage":0.0,"enemies":"Cultist","floor":11.0,"turns":2.0},{"damage":1.0,"enemies":"Large Slime","floor":13.0,"turns":4.0},{"damage":24.0,"enemies":"3 Sentries","floor":14.0,"turns":7.0},{"damage":16.0,"enemies":"Hexaghost","floor":16.0,"turns":7.0},{"damage":6.0,"enemies":"Shell Parasite","floor":18.0,"turns":6.0},{"damage":0.0,"enemies":"Spheric Guardian","floor":19.0,"turns":3.0},{"damage":13.0,"enemies":"Shelled Parasite and Fungi","floor":24.0,"turns":4.0},{"damage":0.0,"enemies":"Slavers","floor":28.0,"turns":3.0},{"damage":10.0,"enemies":"Snake Plant","floor":29.0,"turns":6.0},{"damage":0.0,"enemies":"Snecko","floor":30.0,"turns":7.0},{"damage":37.0,"enemies":"Collector","floor":33.0,"turns":12.0},{"damage":23.0,"enemies":"Orb Walker","floor":35.0,"turns":6.0},{"damage":8.0,"enemies":"3 Shapes","floor":37.0,"turns":4.0},{"damage":1.0,"enemies":"Sphere and 2 Shapes","floor":38.0,"turns":4.0},{"damage":16.0,"enemies":"Spire Growth","floor":39.0,"turns":6.0},{"damage":5.0,"enemies":"Giant Head","floor":41.0,"turns":13.0},{"damage":22.0,"enemies":"Nemesis","floor":44.0,"turns":7.0},{"damage":2.0,"enemies":"4 Shapes","floor":48.0,"turns":7.0},{"damage":18.0,"enemies":"Awakened One","floor":50.0,"turns":28.0},{"damage":24.0,"enemies":"Time Eater","floor":51.0,"turns":17.0},{"damage":89,"enemies":"Shield and Spear","floor":55,"turns":3}],"seed_played":"8789992880721501255","potions_obtained":[{"floor":2.0,"key":"Swift Potion"},{"floor":8.0,"key":"SteroidPotion"},{"floor":11.0,"key":"SteroidPotion"},{"floor":13.0,"key":"Ancient Potion"},{"floor":18.0,"key":"SpeedPotion"},{"floor":33.0,"key":"EssenceOfSteel"},{"floor":39.0,"key":"Fruit Juice"},{"floor":41.0,"key":"Fire Potion"}],"is_trial":false,"path_per_floor":["M","M","?","?","$","R","?","E","T","E","M","R","M","E","R","B",null,"M","M","$","?","$","R","M","?","T","R","E","M","M","?","R","B",null,"M","?","M","M","M","R","E","R","T","E","?","$","?","M","R","B","B",null,"R","$","E"],"character_chosen":"DEFECT","items_purchased":["Rip and Tear","Static Discharge+1","Glacier","Strength Potion","Master of Strategy","FocusPotion","Storm+1"],"campfire_rested":4,"item_purchase_floors":[5,20,20,20,46,46,54],"current_hp_per_floor":[55,42,65,47,47,47,47,28,28,28,28,49,48,24,24,8,55,49,49,49,49,49,49,36,36,36,36,36,26,26,26,47,10,56,33,26,18,17,1,28,33,58,58,36,36,36,67,65,65,47,23,56,56,56,0],"gold":0,"neow_bonus":"RANDOM_COMMON_RELIC","is_prod":false,"is_daily":false,"chose_seed":false,"campfire_upgraded":3,"win_rate":0,"timestamp":1559499020,"path_taken":["M","M","?","?","$","R","?","E","T","E","M","R","M","E","R","BOSS","M","?","$","?","?","R","M","?","T","R","E","?","M","?","R","BOSS","M","?","?","M","M","R","E","R","T","E","?","$","?","M","R","BOSS","BOSS","R","$","E"],"build_version":"2019-01-23","purchased_purges":1,"victory":false,"max_hp_per_floor":[71,71,71,71,71,71,71,71,71,71,71,71,71,71,71,71,71,71,71,71,71,71,71,71,71,71,71,71,71,71,71,71,71,71,71,71,71,71,71,76,86,86,86,86,82,82,67,67,67,67,67,67,67,67,67],"card_choices":[{"not_picked":["Stack","Recycle","Streamline"],"picked":"SKIP","floor":1.0},{"not_picked":["Streamline","Beam Cell"],"picked":"Steam","floor":2.0},{"not_picked":["Redo","Hologram"],"picked":"Go for the Eyes","floor":8.0},{"not_picked":["Scrape","Auto Shields","Conserve Battery","Aggregate"],"picked":"SKIP","floor":10.0},{"not_picked":["Compile Driver","Steam","Rebound"],"picked":"Undo","floor":11.0},{"not_picked":["Stack","Streamline","Beam Cell"],"picked":"Genetic Algorithm","floor":13.0},{"not_picked":["Conserve Battery","Hologram","Compile Driver"],"picked":"Melter","floor":14.0},{"not_picked":["Thunder Strike","Buffer+1","Fission"],"picked":"Hyperbeam","floor":16.0},{"not_picked":["Cold Snap","Consume","Doom and Gloom"],"picked":"Compile Driver","floor":18.0},{"not_picked":["Rebound+1","Amplify","Chill"],"picked":"Gash","floor":19.0},{"not_picked":["Ball Lightning","Cold Snap","Leap"],"picked":"Redo","floor":24.0},{"not_picked":["Streamline","Hologram","Consume"],"picked":"Capacitor+1","floor":28.0},{"not_picked":["Darkness","Gash","Cold Snap"],"picked":"Consume+1","floor":29.0},{"not_picked":["Leap","Lockon","Gash","Streamline"],"picked":"SKIP","floor":30.0},{"not_picked":["Thunder Strike","Hyperbeam","All For One"],"picked":"Creative AI+1","floor":33.0},{"not_picked":["Barrage","Gash","Steam Power"],"picked":"Compile Driver","floor":35.0},{"not_picked":["Beam Cell","Go for the Eyes","Steam Power+1"],"picked":"Capacitor+1","floor":37.0},{"not_picked":["Sweeping Beam","Reprogram","Static Discharge+1"],"picked":"Cold Snap+1","floor":38.0},{"not_picked":["Steam Power","Auto Shields","Stack"],"picked":"Reinforced Body","floor":39.0},{"not_picked":["Double Energy+1","Fission","Melter"],"picked":"Seek","floor":41.0},{"not_picked":["Turbo","Cold Snap","Streamline"],"picked":"Hologram","floor":44.0},{"not_picked":["Tempest","Turbo+1","Ball Lightning"],"picked":"Recycle","floor":48.0}],"player_experience":1274337,"relics_obtained":[{"floor":8.0,"key":"Question Card"},{"floor":9.0,"key":"Bag of Preparation"},{"floor":10.0,"key":"StoneCalendar"},{"floor":14.0,"key":"Frozen Egg 2"},{"floor":26.0,"key":"Gremlin Horn"},{"floor":28.0,"key":"Centennial Puzzle"},{"floor":41.0,"key":"Pear"},{"floor":44.0,"key":"Cables"}],"event_choices":[{"damage_healed":23.0,"max_hp_gain":0.0,"max_hp_loss":0.0,"gold_gain":0.0,"event_name":"Big Fish","player_choice":"Banana","floor":3.0,"gold_loss":0.0,"damage_taken":0.0},{"damage_healed":0.0,"max_hp_gain":0.0,"max_hp_loss":0.0,"gold_gain":0.0,"event_name":"Scrap Ooze","player_choice":"Success","floor":4.0,"gold_loss":0.0,"damage_taken":18.0,"relics_obtained":["Peace Pipe"]},{"damage_healed":0.0,"max_hp_gain":0.0,"max_hp_loss":0.0,"gold_gain":0.0,"event_name":"Match and Keep!","player_choice":"0 cards matched","floor":7.0,"gold_loss":0.0,"damage_taken":0.0,"cards_obtained":[]},{"damage_healed":0.0,"max_hp_gain":0.0,"max_hp_loss":0.0,"gold_gain":0.0,"event_name":"The Mausoleum","player_choice":"Opened","floor":21.0,"gold_loss":0.0,"damage_taken":0.0,"relics_obtained":["Shuriken"],"cards_obtained":["Writhe"]},{"damage_healed":0.0,"max_hp_gain":0.0,"max_hp_loss":0.0,"gold_gain":0.0,"event_name":"Upgrade Shrine","player_choice":"Upgraded","floor":25.0,"gold_loss":0.0,"damage_taken":0.0,"cards_upgraded":["Redo"]},{"cards_removed":["Strike_B"],"damage_healed":0.0,"max_hp_gain":0.0,"max_hp_loss":0.0,"gold_gain":0.0,"event_name":"Beggar","player_choice":"Gave Gold","floor":31.0,"gold_loss":75.0,"damage_taken":0.0},{"damage_healed":0.0,"max_hp_gain":0.0,"max_hp_loss":0.0,"gold_gain":50.0,"event_name":"FaceTrader","player_choice":"Touch","floor":36.0,"gold_loss":0.0,"damage_taken":7.0},{"damage_healed":0.0,"max_hp_gain":0.0,"max_hp_loss":4.0,"gold_gain":0.0,"event_name":"Winding Halls","player_choice":"Max HP","floor":45.0,"gold_loss":0.0,"damage_taken":0.0},{"damage_healed":67.0,"max_hp_gain":0.0,"max_hp_loss":15.0,"gold_gain":0.0,"event_name":"The Moai Head","player_choice":"Heal","floor":47.0,"gold_loss":0.0,"damage_taken":0.0}],"is_beta":false,"boss_relics":[{"not_picked":["Black Star","Orrery"],"picked":"Nuclear Battery"},{"not_picked":["Eternal Feather","Calling Bell"],"picked":"Velvet Choker"}],"items_purged_floors":[20],"is_endless":false,"potions_floor_spawned":[2,8,11,13,14,18,24,28,33,39,41,48],"killed_by":"Shield and Spear","ascension_level":20}