{"gold_per_floor":[116,132,152,152,169,497,497,497,497,8,41,56,56,99,99,195,195,220,243,256,256],"floor_reached":21,"playtime":1858,"items_purged":[],"score":402,"play_id":"833e79e3-7f71-49c5-b691-d5a9a928cb0f","local_time":"20181221190420","is_ascension_mode":true,"campfire_choices":[{"floor":7,"key":"REST"},{"data":"Havoc","floor":13,"key":"SMITH"},{"data":"True Grit","floor":15,"key":"SMITH"}],"neow_cost":"NONE","seed_source_timestamp":7779282327606,"circlet_count":0,"master_deck":["AscendersBane","Strike_R","Strike_R","Strike_R","Strike_R","Strike_R","Defend_R","Defend_R","Defend_R","Defend_R","Bash+1","Exhume","Spot Weakness","Dropkick","Sword Boomerang","Feel No Pain","Havoc+1","Feel No Pain","Clothesline","Shrug It Off","True Grit+1","Inflame","Reaper","Disarm+1","Seeing Red"],"relics":["Burning Blood","Old Coin","Golden Idol","Ornamental Fan","Self Forming Clay","Question Card","Shuriken","Coffee Dripper"],"potions_floor_usage":[6,6,14,14,14,21,21],"damage_taken":[{"damage":12,"enemies":"2 Louse","floor":1,"turns":3},{"damage":18,"enemies":"Cultist","floor":2,"turns":5},{"damage":14,"enemies":"Jaw Worm","floor":3,"turns":4},{"damage":12,"enemies":"3 Louse","floor":5,"turns":5},{"damage":27,"enemies":"Lagavulin","floor":6,"turns":5},{"damage":10,"enemies":"3 Sentries","floor":11,"turns":11},{"damage":10,"enemies":"Blue Slaver","floor":12,"turns":4},{"damage":11,"enemies":"Gremlin Nob","floor":14,"turns":4},{"damage":33,"enemies":"The Guardian","floor":16,"turns":12},{"damage":0,"enemies":"Chosen","floor":18,"turns":7},{"damage":20,"enemies":"Shell Parasite","floor":19,"turns":7},{"damage":6,"enemies":"Chosen and Byrds","floor":20,"turns":10},{"damage":30,"enemies":"Colosseum Slavers","floor":21,"turns":28},{"damage":95,"enemies":"Colosseum Nobs","floor":21,"turns":6}],"seed_played":"-985774113495613133","potions_obtained":[{"floor":1,"key":"SteroidPotion"},{"floor":2,"key":"Regen Potion"},{"floor":12,"key":"EntropicBrew"},{"floor":14,"key":"AttackPotion"},{"floor":18,"key":"FearPotion"}],"is_trial":false,"path_per_floor":["M","M","M","?","M","E","R","?","T","$","E","M","R","E","R","B",null,"M","M","M","?"],"character_chosen":"IRONCLAD","items_purchased":["Self Forming Clay","Feel No Pain","Clothesline","Ancient Potion"],"campfire_rested":1,"item_purchase_floors":[10,10,10,10],"current_hp_per_floor":[62,50,42,42,36,29,51,51,51,51,47,43,43,38,38,11,54,68,66,68,0],"gold":256,"neow_bonus":"ONE_RANDOM_RARE_CARD","is_prod":false,"is_daily":false,"chose_seed":false,"campfire_upgraded":2,"win_rate":0,"timestamp":1545415460,"path_taken":["M","M","M","?","?","E","R","?","T","$","E","M","R","E","R","BOSS","M","M","M","?"],"build_version":"2018-12-20","purchased_purges":0,"victory":false,"max_hp_per_floor":[75,75,75,75,75,75,75,68,68,68,68,68,68,68,68,68,68,68,68,68,68],"card_choices":[{"not_picked":["Fire Breathing","Havoc"],"picked":"Spot Weakness","floor":1},{"not_picked":["Shrug It Off","Ghostly Armor"],"picked":"Dropkick","floor":2},{"not_picked":["Perfected Strike","Rupture"],"picked":"Sword Boomerang","floor":3},{"not_picked":["Disarm","Heavy Blade"],"picked":"Feel No Pain","floor":5},{"not_picked":["Thunderclap","Dual Wield"],"picked":"Havoc","floor":6},{"not_picked":["Heavy Blade","Body Slam"],"picked":"Shrug It Off","floor":11},{"not_picked":["Heavy Blade","Carnage","Pommel Strike"],"picked":"True Grit","floor":12},{"not_picked":["Pommel Strike","Heavy Blade","True Grit"],"picked":"Inflame","floor":14},{"not_picked":["Limit Break","Dark Embrace","Berserk"],"picked":"Reaper","floor":16},{"not_picked":["Body Slam","Sentinel+1","Intimidate"],"picked":"Disarm+1","floor":18},{"not_picked":["Thunderclap","Headbutt","Wild Strike"],"picked":"Seeing Red","floor":19},{"not_picked":["Entrench+1","Hemokinesis","Flex","Body Slam"],"picked":"SKIP","floor":20}],"player_experience":659192,"relics_obtained":[{"floor":6,"key":"Old Coin"},{"floor":9,"key":"Ornamental Fan"},{"floor":11,"key":"Question Card"},{"floor":14,"key":"Shuriken"}],"event_choices":[{"damage_healed":0,"gold_gain":0,"player_choice":"Upgraded","damage_taken":0,"max_hp_gain":0,"max_hp_loss":0,"event_name":"Upgrade Shrine","floor":4,"gold_loss":0,"cards_upgraded":["Bash"]},{"damage_healed":0,"gold_gain":0,"player_choice":"Lose Max HP","damage_taken":0,"relics_obtained":["Golden Idol"],"max_hp_gain":0,"max_hp_loss":7,"event_name":"Golden Idol","floor":8,"gold_loss":0},{"damage_healed":0,"gold_gain":0,"player_choice":"Fight","damage_taken":0,"max_hp_gain":0,"max_hp_loss":0,"event_name":"Colosseum","floor":21,"gold_loss":0},{"damage_healed":0,"gold_gain":0,"player_choice":"Fought Nobs","damage_taken":0,"max_hp_gain":0,"max_hp_loss":0,"event_name":"Colosseum","floor":21,"gold_loss":0}],"is_beta":false,"boss_relics":[{"not_picked":["Fusion Hammer","Velvet Choker"],"picked":"Coffee Dripper"}],"items_purged_floors":[],"is_endless":false,"potions_floor_spawned":[1,2,12,14,18],"killed_by":"Colosseum Nobs","ascension_level":20}