{"gold_per_floor":[119,138,5,19,19,19,48,76,111,153,178,190,223,263,275,365,377,377,297,297,212,137,137],"floor_reached":23,"playtime":1196,"items_purged":["Strike_B"],"score":468,"play_id":"a51b2003-3561-4547-a531-6322ed3a320e","local_time":"20190309170152","is_ascension_mode":true,"campfire_choices":[{"data":"Sweeping Beam","floor":6,"key":"SMITH"},{"floor":15,"key":"REST"}],"neow_cost":"NONE","seed_source_timestamp":18293393824699,"circlet_count":0,"master_deck":["AscendersBane","Strike_B","Defend_B","Defend_B","Defend_B","Defend_B","Zap+1","Dualcast","Coolheaded","Sweeping Beam+1","Defragment+1","Ball Lightning","Glacier","Fission","Self Repair","Capacitor","Darkness","Fission","Consume+1","Undo","Storm"],"relics":["Cracked Core","MawBank","Centennial Puzzle","Ancient Tea Set","Odd Mushroom","Bronze Scales","Ectoplasm","Regal Pillow"],"potions_floor_usage":[7,7,11],"damage_taken":[{"damage":2,"enemies":"2 Louse","floor":1,"turns":3},{"damage":10,"enemies":"Small Slimes","floor":2,"turns":4},{"damage":7,"enemies":"Jaw Worm","floor":4,"turns":3},{"damage":0,"enemies":"3 Sentries","floor":7,"turns":3},{"damage":16,"enemies":"Blue Slaver","floor":8,"turns":3},{"damage":17,"enemies":"Gremlin Nob","floor":10,"turns":4},{"damage":0,"enemies":"Gremlin Gang","floor":11,"turns":2},{"damage":8,"enemies":"The Mushroom Lair","floor":13,"turns":4},{"damage":10,"enemies":"3 Sentries","floor":14,"turns":6},{"damage":27,"enemies":"Slime Boss","floor":16,"turns":11},{"damage":9,"enemies":"Chosen","floor":18,"turns":5},{"damage":27,"enemies":"2 Thieves","floor":19,"turns":4},{"damage":43,"enemies":"Slavers","floor":23,"turns":5}],"seed_played":"-7562958683636336783","potions_obtained":[{"floor":2,"key":"SpeedPotion"},{"floor":7,"key":"Explosive Potion"},{"floor":10,"key":"LiquidBronze"},{"floor":13,"key":"Strength Potion"}],"is_trial":false,"path_per_floor":["M","M","$","M","?","R","E","M","T","E","M","?","?","E","R","B",null,"M","M","?","?","$","E"],"character_chosen":"DEFECT","items_purchased":["Defragment","AttackPotion"],"campfire_rested":1,"item_purchase_floors":[3,3],"current_hp_per_floor":[62,52,52,45,45,45,45,29,29,12,12,12,11,8,29,9,56,54,34,34,34,34,0],"gold":137,"neow_bonus":"UPGRADE_CARD","is_prod":false,"is_daily":false,"chose_seed":false,"campfire_upgraded":1,"win_rate":0,"timestamp":1552147312,"path_taken":["M","M","$","M","?","R","E","M","T","E","M","?","?","E","R","BOSS","M","M","?","?","$","E"],"build_version":"2019-01-23","purchased_purges":1,"victory":false,"max_hp_per_floor":[71,71,71,71,71,71,71,71,71,71,71,71,71,71,71,71,71,71,71,71,71,71,71],"card_choices":[{"not_picked":["Turbo","Static Discharge"],"picked":"Coolheaded","floor":1},{"not_picked":["Redo","Self Repair"],"picked":"Sweeping Beam","floor":2},{"not_picked":["Rebound","Turbo","Barrage"],"picked":"SKIP","floor":4},{"not_picked":["Go for the Eyes","Turbo"],"picked":"Ball Lightning","floor":7},{"not_picked":["Rebound","Heatsinks"],"picked":"Glacier","floor":8},{"not_picked":["White Noise","Stack"],"picked":"Fission","floor":10},{"not_picked":["Streamline","Stack"],"picked":"Self Repair","floor":11},{"not_picked":["Conserve Battery","Sweeping Beam"],"picked":"Capacitor","floor":13},{"not_picked":["Ball Lightning","Chaos"],"picked":"Darkness","floor":14},{"not_picked":["Amplify","Machine Learning"],"picked":"Fission","floor":16},{"not_picked":["Coolheaded","Turbo"],"picked":"Consume+1","floor":18},{"not_picked":["Lockon","Stack","Turbo"],"picked":"SKIP","floor":19}],"player_experience":1020760,"relics_obtained":[{"floor":7,"key":"MawBank"},{"floor":9,"key":"Centennial Puzzle"},{"floor":10,"key":"Ancient Tea Set"},{"floor":13,"key":"Odd Mushroom"},{"floor":14,"key":"Bronze Scales"}],"event_choices":[{"damage_healed":0,"gold_gain":0,"player_choice":"Grow","damage_taken":0,"max_hp_gain":0,"max_hp_loss":0,"event_name":"Living Wall","floor":5,"gold_loss":0,"cards_upgraded":["Defragment"]},{"damage_healed":0,"gold_gain":0,"player_choice":"Ignored","damage_taken":0,"max_hp_gain":0,"max_hp_loss":0,"event_name":"Liars Game","floor":12,"gold_loss":0},{"damage_healed":0,"gold_gain":0,"player_choice":"Fought Mushrooms","damage_taken":0,"max_hp_gain":0,"max_hp_loss":0,"event_name":"Mushrooms","floor":13,"gold_loss":0},{"damage_healed":0,"gold_gain":0,"cards_transformed":["Strike_B","Strike_B"],"player_choice":"Became Test Subject","damage_taken":0,"max_hp_gain":0,"max_hp_loss":0,"event_name":"Drug Dealer","floor":20,"gold_loss":0,"cards_obtained":["Undo","Storm"]},{"damage_healed":0,"gold_gain":0,"player_choice":"Obtained Relic","damage_taken":0,"relics_obtained":["Regal Pillow"],"max_hp_gain":0,"max_hp_loss":0,"event_name":"Addict","floor":21,"gold_loss":85}],"is_beta":false,"boss_relics":[{"not_picked":["Tiny House","Empty Cage"],"picked":"Ectoplasm"}],"items_purged_floors":[22],"is_endless":false,"potions_floor_spawned":[2,7,10,13],"killed_by":"Slavers","ascension_level":20}