{"gold_per_floor":[118,43,193,209,77,111,124,142,193,193,193],"floor_reached":11,"playtime":463,"items_purged":["Doubt"],"score":146,"play_id":"7c159718-5197-4433-8bb8-2e5a2a09fa3b","local_time":"20190614222414","is_ascension_mode":true,"campfire_choices":[{"data":"Bash","floor":10,"key":"SMITH"}],"neow_cost":"NONE","seed_source_timestamp":37293770853211,"circlet_count":0,"master_deck":["AscendersBane","Strike_R","Strike_R","Strike_R","Defend_R","Defend_R","Defend_R","Defend_R","Bash+1","Warcry","Anger","Disarm","Feel No Pain","Thunderclap","Exhume"],"relics":["Burning Blood","Gremlin Horn","Bronze Scales"],"potions_floor_usage":[6,8],"damage_taken":[{"damage":9,"enemies":"Jaw Worm","floor":1,"turns":5},{"damage":12,"enemies":"Small Slimes","floor":4,"turns":6},{"damage":21,"enemies":"Lagavulin","floor":6,"turns":7},{"damage":4,"enemies":"Cultist","floor":7,"turns":4},{"damage":21,"enemies":"3 Louse","floor":8,"turns":4},{"damage":45,"enemies":"Gremlin Gang","floor":11,"turns":3}],"seed_played":"6199235973223370467","potions_obtained":[{"floor":4,"key":"LiquidBronze"},{"floor":6,"key":"SkillPotion"}],"is_trial":false,"path_per_floor":["M","?","?","M","$","E","M","M","T","R","M"],"character_chosen":"IRONCLAD","items_purchased":["AttackPotion"],"campfire_rested":0,"item_purchase_floors":[5],"current_hp_per_floor":[65,65,65,59,59,44,46,31,31,31,0],"gold":193,"neow_bonus":"TRANSFORM_CARD","is_prod":false,"is_daily":false,"chose_seed":false,"campfire_upgraded":1,"win_rate":0,"timestamp":1560543854,"path_taken":["M","?","?","M","$","E","M","?","T","R","M"],"build_version":"2019-01-23","purchased_purges":1,"victory":false,"max_hp_per_floor":[75,75,75,75,75,75,75,75,75,75,75],"card_choices":[{"not_picked":["Iron Wave","Power Through"],"picked":"Anger","floor":1},{"not_picked":["Clash","Shrug It Off"],"picked":"Disarm","floor":4},{"not_picked":["Thunderclap","Armaments"],"picked":"Feel No Pain","floor":6},{"not_picked":["Power Through","Anger"],"picked":"Thunderclap","floor":7},{"not_picked":["Sword Boomerang","Uppercut"],"picked":"Exhume","floor":8}],"player_experience":1358260,"relics_obtained":[{"floor":6,"key":"Gremlin Horn"},{"floor":9,"key":"Bronze Scales"}],"event_choices":[{"cards_removed":["Strike_R"],"damage_healed":0,"gold_gain":0,"player_choice":"Card Removal","damage_taken":0,"max_hp_gain":0,"max_hp_loss":0,"event_name":"The Cleric","floor":2,"gold_loss":75},{"damage_healed":0,"gold_gain":150,"player_choice":"AGREE","damage_taken":0,"max_hp_gain":0,"max_hp_loss":0,"event_name":"Liars Game","floor":3,"gold_loss":0,"cards_obtained":["Doubt"]}],"is_beta":false,"boss_relics":[],"items_purged_floors":[5],"is_endless":false,"potions_floor_spawned":[4,6],"killed_by":"Gremlin Gang","ascension_level":20}