{"gold_per_floor":[140,156,26,43,60,95,95,123,123,123,194,194,28,62,62,137,137,148,198,171,55,55,55,90,90,90,90,103,113,113,148,148,226,226,239,239,256,68,81,116,126,24,24,37,50,69,69,98,98,98,98,98,98,43,43],"floor_reached":55,"playtime":4074,"items_purged":["Strike_G","Bane+1"],"score":1970,"play_id":"dae2db30-e8df-43a1-80f4-524fd2548059","local_time":"20190106153808","is_ascension_mode":true,"campfire_choices":[{"data":"Bane","floor":7.0,"key":"SMITH"},{"floor":10.0,"key":"REST"},{"data":"Caltrops","floor":15.0,"key":"SMITH"},{"data":"Noxious Fumes","floor":23,"key":"SMITH"},{"data":"Footwork","floor":27,"key":"SMITH"},{"data":"Neutralize","floor":32,"key":"SMITH"},{"floor":49,"key":"RECALL"},{"data":"Well Laid Plans","floor":53,"key":"SMITH"}],"neow_cost":"NONE","seed_source_timestamp":2138083439333,"circlet_count":0,"master_deck":["AscendersBane","Defend_G+1","Defend_G+1","Defend_G+1","Defend_G+1","Defend_G+1","Survivor","Neutralize+1","Noxious Fumes+1","Footwork+1","Sucker Punch","Caltrops+1","Dodge and Roll","Dodge and Roll+1","Die Die Die","Escape Plan+1","Blur+1","Bite","Bite","Bite","Bite","Bite","Deadly Poison+1","PiercingWail+1","Corpse Explosion+1","Night Terror+1","Escape Plan+1","Crippling Poison+1","Well Laid Plans+1","PiercingWail+1","Dodge and Roll+1","Dodge and Roll+1","Parasite","Footwork"],"special_seed":0,"relics":["Ring of the Snake","Tiny Chest","Happy Flower","Toxic Egg 2","Vajra","Ninja Scroll","Cursed Key","Incense Burner","Orichalcum","Busted Crown","Smiling Mask","Bottled Tornado"],"potions_floor_usage":[24,24,33,40,50,55],"damage_taken":[{"damage":4.0,"enemies":"Cultist","floor":1.0,"turns":6.0},{"damage":2.0,"enemies":"Jaw Worm","floor":2.0,"turns":6.0},{"damage":0.0,"enemies":"Small Slimes","floor":4.0,"turns":5.0},{"damage":2.0,"enemies":"2 Fungi Beasts","floor":5.0,"turns":4.0},{"damage":24.0,"enemies":"Gremlin Nob","floor":6.0,"turns":4.0},{"damage":19.0,"enemies":"Lagavulin","floor":8.0,"turns":9.0},{"damage":30.0,"enemies":"Gremlin Nob","floor":14.0,"turns":5.0},{"damage":7.0,"enemies":"Hexaghost","floor":16.0,"turns":9.0},{"damage":0,"enemies":"3 Byrds","floor":18,"turns":3},{"damage":8,"enemies":"2 Thieves","floor":20,"turns":4},{"damage":42,"enemies":"Slavers","floor":24,"turns":6},{"damage":14,"enemies":"Snake Plant","floor":28,"turns":5},{"damage":11,"enemies":"Snecko","floor":29,"turns":5},{"damage":0,"enemies":"Gremlin Leader","floor":31,"turns":6},{"damage":9,"enemies":"Automaton","floor":33,"turns":9},{"damage":4,"enemies":"Orb Walker","floor":35,"turns":3},{"damage":0,"enemies":"3 Darklings","floor":37,"turns":3},{"damage":17,"enemies":"Spire Growth","floor":39,"turns":6},{"damage":43,"enemies":"Giant Head","floor":40,"turns":12},{"damage":0,"enemies":"Sphere and 2 Shapes","floor":41,"turns":9},{"damage":0,"enemies":"Writhing Mass","floor":44,"turns":7},{"damage":0,"enemies":"3 Darklings","floor":45,"turns":4},{"damage":14,"enemies":"Sphere and 2 Shapes","floor":46,"turns":8},{"damage":37,"enemies":"Nemesis","floor":48,"turns":15},{"damage":69,"enemies":"Awakened One","floor":50,"turns":33},{"damage":9,"enemies":"Time Eater","floor":51,"turns":17},{"damage":92,"enemies":"Shield and Spear","floor":55,"turns":6}],"seed_played":"6198504177252680320","potions_obtained":[{"floor":1.0,"key":"Explosive Potion"},{"floor":5.0,"key":"Regen Potion"},{"floor":6.0,"key":"Swift Potion"},{"floor":14.0,"key":"Block Potion"},{"floor":16.0,"key":"SpeedPotion"},{"floor":20,"key":"Regen Potion"},{"floor":29,"key":"Poison Potion"},{"floor":37,"key":"Regen Potion"},{"floor":39,"key":"PowerPotion"},{"floor":40,"key":"EssenceOfSteel"}],"is_trial":false,"path_per_floor":["M","M","$","M","M","E","R","E","T","R","T","$","$","E","R","B",null,"M","?","M","$","?","R","E","?","T","R","M","M","?","E","R","B",null,"M","?","M","$","M","E","M","$","T","M","M","M","T","E","R","B","B",null,"R","$","E"],"character_chosen":"THE_SILENT","items_purchased":["Footwork","Poison Potion","Vajra","Blur+1","Crippling Poison+1","Well Laid Plans","PiercingWail+1","Dodge and Roll+1","Dexterity Potion"],"campfire_rested":1,"item_purchase_floors":[3,3,13,21,38,38,38,42,54],"current_hp_per_floor":[55,53,53,53,51,27,27,25,25,44,44,44,44,16,16,11,52,54,54,48,48,48,48,31,31,31,31,25,22,35,49,49,62,65,64,64,66,66,53,41,57,57,57,66,66,60,60,45,45,38,53,63,63,63,0],"gold":43,"neow_bonus":"RANDOM_COMMON_RELIC","is_prod":false,"is_daily":false,"chose_seed":false,"campfire_upgraded":6,"win_rate":0,"timestamp":1546785488,"path_taken":["M","M","$","?","M","E","R","E","T","R","?","?","$","E","R","BOSS","M","?","?","?","?","R","E","?","T","R","M","M","?","E","R","BOSS","M","?","M","$","M","E","M","?","T","M","M","M","?","E","R","BOSS","BOSS","R","$","E"],"build_version":"2019-01-03v4","purchased_purges":2,"victory":false,"max_hp_per_floor":[66,66,66,66,66,66,66,66,66,66,66,66,66,66,66,66,66,66,66,66,66,66,66,66,66,66,66,66,66,66,66,66,66,66,66,66,66,66,66,66,66,66,66,66,66,66,66,66,66,66,66,66,66,66,66],"card_choices":[{"not_picked":["Heel Hook","Concentrate"],"picked":"Noxious Fumes","floor":1.0},{"not_picked":["Prepared","Cloak And Dagger"],"picked":"Endless Agony","floor":2.0},{"not_picked":["Prepared","Accuracy"],"picked":"Sucker Punch","floor":4.0},{"not_picked":["Deflect","Accuracy"],"picked":"Bane","floor":5.0},{"not_picked":["Venomology","Flying Knee"],"picked":"Caltrops","floor":6.0},{"not_picked":["Heel Hook","Dagger Throw"],"picked":"Dodge and Roll","floor":8.0},{"not_picked":["Underhanded Strike","Escape Plan+1"],"picked":"Dodge and Roll+1","floor":14.0},{"not_picked":["Envenom","Storm of Steel+1"],"picked":"Die Die Die","floor":16.0},{"not_picked":["Flying Knee","Distraction+1"],"picked":"Escape Plan+1","floor":18},{"not_picked":["Endless Agony","Skewer","Flying Knee"],"picked":"SKIP","floor":20},{"not_picked":["Dagger Throw","Die Die Die"],"picked":"Deadly Poison+1","floor":24},{"not_picked":["Sucker Punch","Deflect+1"],"picked":"PiercingWail+1","floor":28},{"not_picked":["Finisher","Dagger Spray","Infinite Blades"],"picked":"SKIP","floor":29},{"not_picked":["Envenom","Cloak And Dagger+1"],"picked":"Corpse Explosion+1","floor":31},{"not_picked":["Die Die Die","A Thousand Cuts"],"picked":"Night Terror+1","floor":33},{"not_picked":[],"picked":"Escape Plan+1","floor":35},{"not_picked":["Dagger Spray"],"picked":"SKIP","floor":37},{"not_picked":["Outmaneuver+1"],"picked":"SKIP","floor":39},{"not_picked":[],"picked":"Dodge and Roll+1","floor":40},{"not_picked":["Concentrate+1"],"picked":"SKIP","floor":41},{"not_picked":["Flechettes"],"picked":"SKIP","floor":44},{"not_picked":[],"picked":"Footwork","floor":45},{"not_picked":["Quick Slash"],"picked":"SKIP","floor":46},{"not_picked":["Quick Slash+1"],"picked":"SKIP","floor":48}],"player_experience":729521,"relics_obtained":[{"floor":6.0,"key":"Blood Vial"},{"floor":8.0,"key":"Happy Flower"},{"floor":11.0,"key":"Toxic Egg 2"},{"floor":14.0,"key":"Ninja Scroll"},{"floor":24,"key":"Incense Burner"},{"floor":31,"key":"Orichalcum"},{"floor":40,"key":"Smiling Mask"},{"floor":48,"key":"Bottled Tornado"}],"event_choices":[{"damage_healed":0,"gold_gain":100,"player_choice":"Bet on Murderer","damage_taken":0,"max_hp_gain":0,"max_hp_loss":0,"event_name":"The Joust","floor":19,"gold_loss":50},{"damage_healed":0,"gold_gain":0,"player_choice":"Became a vampire (Vial)","damage_taken":0,"max_hp_gain":0,"max_hp_loss":0,"event_name":"Vampires","floor":22,"relics_lost":["Blood Vial"],"gold_loss":0,"cards_obtained":["Bite","Bite","Bite","Bite","Bite"]},{"damage_healed":0,"gold_gain":0,"player_choice":"Simplicity","damage_taken":0,"max_hp_gain":0,"max_hp_loss":0,"event_name":"Back to Basics","floor":25,"gold_loss":0,"cards_upgraded":["Defend_G","Defend_G","Defend_G","Defend_G","Defend_G"]},{"damage_healed":13,"gold_gain":0,"player_choice":"Heal","damage_taken":0,"max_hp_gain":0,"max_hp_loss":0,"event_name":"The Library","floor":30,"gold_loss":0},{"cards_removed":["Endless Agony"],"damage_healed":0,"gold_gain":0,"player_choice":"Card Removal","damage_taken":0,"max_hp_gain":0,"max_hp_loss":0,"event_name":"Wheel of Change","floor":36,"gold_loss":0}],"is_beta":false,"boss_relics":[{"not_picked":["Ring of the Serpent","Black Star"],"picked":"Cursed Key"},{"not_picked":["Calling Bell","Astrolabe"],"picked":"Busted Crown"}],"items_purged_floors":[21,42],"is_endless":false,"potions_floor_spawned":[1,5,6,14,16,20,29,37,39,40,46],"killed_by":"Shield and Spear","ascension_level":20}