{"gold_per_floor":[118,393,403,288,308,318,329,329,381,409,424,22,22,42,42,138,138,152,152,164,182,44,75,75,110,110,110,110,129,149,149,149,248,248,258,274,121,137,137,137,151,162,185,185,185,34,34,46,46,46],"floor_reached":50,"playtime":2364,"items_purged":["Regret","Strike_R"],"score":486,"play_id":"6eae9182-8428-468b-ae8d-4d6feb57ff04","local_time":"20190328140744","is_ascension_mode":false,"campfire_choices":[{"data":"Rage","floor":8,"key":"SMITH"},{"data":"Anger","floor":15,"key":"SMITH"},{"floor":24,"key":"REST"},{"data":"Double Tap","floor":32,"key":"SMITH"},{"floor":40,"key":"RECALL"},{"data":"Madness","floor":45,"key":"SMITH"},{"data":"Madness","floor":47,"key":"SMITH"},{"data":"Uppercut","floor":49,"key":"SMITH"}],"neow_cost":"NONE","seed_source_timestamp":358381768019939,"circlet_count":0,"master_deck":["Strike_R","Strike_R","Strike_R","Defend_R","Defend_R","Bash","Rage+1","Anger+1","Intimidate","Sword Boomerang","Shrug It Off","Double Tap+1","Inflame","Uppercut+1","Bludgeon","Carnage+1","Madness+1","Madness+1","Twin Strike+1"],"relics":["Burning Blood","NeowsBlessing","Kunai","Bottled Flame","Oddly Smooth Stone","Busted Crown","Pen Nib","PreservedInsect","Gremlin Horn","MutagenicStrength","Empty Cage","Bag of Marbles","Blood Vial","Anchor"],"potions_floor_usage":[10,11,16,18,23,25,30,38,42,50,50],"damage_taken":[{"damage":0,"enemies":"Jaw Worm","floor":1,"turns":1},{"damage":0,"enemies":"Cultist","floor":3,"turns":1},{"damage":0,"enemies":"Small Slimes","floor":5,"turns":1},{"damage":7,"enemies":"Blue Slaver","floor":6,"turns":4},{"damage":3,"enemies":"Red Slaver","floor":7,"turns":3},{"damage":18,"enemies":"3 Sentries","floor":10,"turns":5},{"damage":2,"enemies":"Large Slime","floor":11,"turns":5},{"damage":10,"enemies":"Looter","floor":14,"turns":2},{"damage":64,"enemies":"Slime Boss","floor":16,"turns":16},{"damage":7,"enemies":"Shell Parasite","floor":18,"turns":4},{"damage":0,"enemies":"Spheric Guardian","floor":20,"turns":4},{"damage":31,"enemies":"Cultist and Chosen","floor":21,"turns":8},{"damage":5,"enemies":"Gremlin Leader","floor":23,"turns":9},{"damage":50,"enemies":"Slavers","floor":25,"turns":8},{"damage":4,"enemies":"Snake Plant","floor":29,"turns":4},{"damage":0,"enemies":"Centurion and Healer","floor":30,"turns":3},{"damage":39,"enemies":"Champ","floor":33,"turns":11},{"damage":9,"enemies":"Orb Walker","floor":35,"turns":3},{"damage":10,"enemies":"3 Shapes","floor":36,"turns":4},{"damage":0,"enemies":"Jaw Worm Horde","floor":38,"turns":3},{"damage":6,"enemies":"4 Shapes","floor":41,"turns":5},{"damage":0,"enemies":"Maw","floor":42,"turns":6},{"damage":8,"enemies":"Transient","floor":48,"turns":5},{"damage":76,"enemies":"Time Eater","floor":50,"turns":6}],"seed_played":"-6125640303464594032","potions_obtained":[{"floor":3,"key":"PowerPotion"},{"floor":10,"key":"Swift Potion"},{"floor":11,"key":"Ancient Potion"},{"floor":16,"key":"AttackPotion"},{"floor":20,"key":"Ancient Potion"},{"floor":21,"key":"SpeedPotion"},{"floor":25,"key":"SpeedPotion"},{"floor":33,"key":"LiquidBronze"},{"floor":35,"key":"Explosive Potion"},{"floor":41,"key":"EssenceOfSteel"},{"floor":42,"key":"Swift Potion"},{"floor":48,"key":"Fire Potion"}],"is_trial":false,"path_per_floor":["M","?","M","$","M","M","M","R","T","E","M","$","?","M","R","B",null,"M","?","M","M","$","E","R","E","T","?","?","M","M","?","R","B",null,"M","M","$","M","?","R","M","M","T","?","R","$","R","M","R","B"],"character_chosen":"IRONCLAD","items_purchased":["Intimidate","Bottled Flame","Oddly Smooth Stone","Inflame","Bag of Marbles","Anchor"],"campfire_rested":1,"item_purchase_floors":[4,12,12,22,37,46],"current_hp_per_floor":[80,80,80,80,80,79,80,80,80,68,72,72,72,68,68,10,80,79,79,80,55,55,56,80,36,36,62,62,64,70,55,55,22,85,82,78,78,84,84,84,84,85,85,74,74,74,74,74,74,0],"gold":46,"neow_bonus":"THREE_ENEMY_KILL","is_prod":false,"is_daily":false,"chose_seed":false,"campfire_upgraded":6,"win_rate":0,"timestamp":1553792864,"path_taken":["M","?","M","$","M","M","?","R","T","E","M","$","?","M","R","BOSS","M","?","M","?","$","E","R","E","T","?","?","M","M","?","R","BOSS","M","M","$","M","?","R","M","M","T","?","R","?","R","M","R","BOSS"],"build_version":"2019-01-23","purchased_purges":2,"victory":false,"max_hp_per_floor":[80,80,80,80,80,80,80,80,80,80,80,80,80,80,80,80,80,80,80,80,80,80,80,80,80,80,80,80,80,80,85,85,85,85,85,85,85,85,85,85,85,85,85,85,85,85,85,85,85,85],"card_choices":[{"not_picked":["Flex","Havoc"],"picked":"Rage","floor":1},{"not_picked":["Shrug It Off","True Grit"],"picked":"Anger","floor":3},{"not_picked":["Clash","Searing Blow","Wild Strike"],"picked":"SKIP","floor":5},{"not_picked":["Thunderclap","Intimidate"],"picked":"Sword Boomerang","floor":6},{"not_picked":["Thunderclap","Limit Break"],"picked":"Shrug It Off","floor":7},{"not_picked":["Cleave","Headbutt","Warcry"],"picked":"SKIP","floor":10},{"not_picked":["Warcry","Power Through","Burning Pact"],"picked":"SKIP","floor":11},{"not_picked":["Wild Strike","Havoc","Clothesline"],"picked":"SKIP","floor":14},{"not_picked":["Reaper","Fiend Fire"],"picked":"Double Tap","floor":16},{"not_picked":["Sever Soul+1"],"picked":"SKIP","floor":18},{"not_picked":["Combust"],"picked":"SKIP","floor":20},{"not_picked":["Havoc"],"picked":"SKIP","floor":21},{"not_picked":["Wild Strike"],"picked":"SKIP","floor":23},{"not_picked":[],"picked":"Uppercut","floor":25},{"not_picked":["True Grit"],"picked":"SKIP","floor":29},{"not_picked":["Rupture"],"picked":"SKIP","floor":30},{"not_picked":[],"picked":"Bludgeon","floor":33},{"not_picked":["Flex"],"picked":"SKIP","floor":35},{"not_picked":["Cleave"],"picked":"SKIP","floor":36},{"not_picked":["Feel No Pain"],"picked":"SKIP","floor":38},{"not_picked":["Havoc+1"],"picked":"SKIP","floor":41},{"not_picked":[],"picked":"Carnage+1","floor":42},{"not_picked":[],"picked":"Twin Strike+1","floor":48}],"player_experience":549297,"relics_obtained":[{"floor":10,"key":"Kunai"},{"floor":23,"key":"Pen Nib"},{"floor":25,"key":"PreservedInsect"},{"floor":26,"key":"Gremlin Horn"},{"floor":43,"key":"Blood Vial"}],"event_choices":[{"damage_healed":0,"gold_gain":275,"player_choice":"Desecrate","damage_taken":0,"max_hp_gain":0,"max_hp_loss":0,"event_name":"Golden Shrine","floor":2,"gold_loss":0,"cards_obtained":["Regret"]},{"damage_healed":0,"gold_gain":0,"player_choice":"Leave","damage_taken":0,"max_hp_gain":0,"max_hp_loss":0,"event_name":"The Cleric","floor":13,"gold_loss":0},{"cards_removed":["Defend_R"],"damage_healed":0,"gold_gain":0,"player_choice":"Purged","damage_taken":0,"max_hp_gain":0,"max_hp_loss":0,"event_name":"Purifier","floor":19,"gold_loss":0},{"damage_healed":26,"gold_gain":0,"player_choice":"Heal","damage_taken":0,"max_hp_gain":0,"max_hp_loss":0,"event_name":"The Library","floor":27,"gold_loss":0},{"damage_healed":0,"gold_gain":0,"player_choice":"Inject Mutagens","damage_taken":0,"relics_obtained":["MutagenicStrength"],"max_hp_gain":0,"max_hp_loss":0,"event_name":"Drug Dealer","floor":28,"gold_loss":0},{"damage_healed":0,"gold_gain":0,"player_choice":"Shed Blood","damage_taken":20,"max_hp_gain":5,"max_hp_loss":0,"event_name":"Forgotten Altar","floor":31,"gold_loss":0},{"damage_healed":0,"gold_gain":0,"player_choice":"Ignored","damage_taken":0,"max_hp_gain":0,"max_hp_loss":0,"event_name":"Mysterious Sphere","floor":39,"gold_loss":0},{"damage_healed":0,"gold_gain":0,"player_choice":"Embrace Madness","damage_taken":11,"max_hp_gain":0,"max_hp_loss":0,"event_name":"Winding Halls","floor":44,"gold_loss":0,"cards_obtained":["Madness","Madness"]}],"is_beta":false,"boss_relics":[{"not_picked":["Eternal Feather","Sozu"],"picked":"Busted Crown"},{"not_picked":["Cursed Key","Mark of Pain"],"picked":"Empty Cage"}],"items_purged_floors":[4,22],"is_endless":false,"potions_floor_spawned":[3,10,11,16,20,21,25,33,35,41,42,48],"killed_by":"Time Eater","ascension_level":0}