{"path_per_floor":["M","M","$","M","M","R","E","M","T","R","M","M","?","M","R","B",null,"M","?","M","M","?","R","$","R","T","R","E","?","M","$","R","B",null,"M","?","M","M","?","R"],"character_chosen":"IRONCLAD","items_purchased":["Spot Weakness","Demon Form","Armaments","Purity"],"gold_per_floor":[118,138,27,47,57,57,87,97,146,146,161,180,180,196,196,293,293,305,305,323,343,343,343,66,66,93,93,124,124,140,45,45,145,145,160,160,174,193,193,193,193],"floor_reached":41,"campfire_rested":4,"playtime":2813,"current_hp_per_floor":[76,78,78,80,80,80,49,37,37,61,57,62,62,58,58,36,80,72,72,58,32,32,56,56,56,56,80,40,40,45,45,69,69,80,68,68,77,51,71,71,0],"items_purged":["Defend_R","Strike_R"],"gold":193,"score":477,"play_id":"f408380f-5584-403f-ba32-f3a2f5b60827","local_time":"20180411183112","is_prod":false,"is_daily":false,"is_ascension_mode":true,"campfire_upgraded":4,"timestamp":1523482272,"path_taken":["M","M","$","?","M","R","E","M","T","R","M","M","?","M","R","BOSS","M","?","?","M","?","R","$","R","T","R","E","?","M","?","R","BOSS","M","?","M","M","?","R","M"],"build_version":"2018-04-05v2","purchased_purges":2,"victory":false,"master_deck":["Strike_R","Strike_R","Strike_R","Defend_R+1","Defend_R","Infernal Blade+1","Shrug It Off+1","Spot Weakness+1","Sword Boomerang","Heavy Blade","Intimidate","Flex+1","Exhume","Shrug It Off","Demon Form","Armaments+1","Purity","Exhume","Iron Wave+1","Seeing Red+1","Writhe"],"max_hp_per_floor":[80,80,80,80,80,80,80,80,80,80,80,80,80,80,80,80,80,80,80,80,80,80,80,80,80,80,80,80,80,80,80,80,80,80,80,80,80,80,80,80,80],"relics":["Black Blood","Self Forming Clay","Happy Flower","Runic Pyramid","War Paint","Torii"],"card_choices":[{"not_picked":["Havoc","Second Wind"],"picked":"Infernal Blade","floor":1},{"not_picked":["Feel No Pain","Havoc"],"picked":"Shrug It Off","floor":2},{"not_picked":["Bloodletting","Juggernaut"],"picked":"Sword Boomerang","floor":7},{"not_picked":["Anger","Spot Weakness"],"picked":"Heavy Blade","floor":8},{"not_picked":["Corruption","Searing Blow"],"picked":"Intimidate","floor":11},{"not_picked":["Thunderclap","Infernal Blade"],"picked":"Flex","floor":12},{"not_picked":["Juggernaut","Impervious"],"picked":"Exhume","floor":16},{"not_picked":["Wild Strike","Sword Boomerang"],"picked":"Shrug It Off","floor":18},{"not_picked":["Dark Embrace","Feed"],"picked":"Exhume","floor":33},{"not_picked":["Thunderclap","Hemokinesis"],"picked":"Iron Wave","floor":35},{"not_picked":["Clash","Immolate"],"picked":"Seeing Red","floor":37}],"player_experience":252961,"potions_floor_usage":[4,7,12,28,28,30,35,37],"damage_taken":[{"damage":10,"enemies":"Cultist","floor":1,"turns":5},{"damage":4,"enemies":"Small Slimes","floor":2,"turns":3},{"damage":2,"enemies":"Jaw Worm","floor":4,"turns":3},{"damage":1,"enemies":"Blue Slaver","floor":5,"turns":3},{"damage":37,"enemies":"Lagavulin","floor":7,"turns":7},{"damage":18,"enemies":"Exordium Thugs","floor":8,"turns":5},{"damage":10,"enemies":"Lots of Slimes","floor":11,"turns":3},{"damage":1,"enemies":"Exordium Wildlife","floor":12,"turns":3},{"damage":10,"enemies":"Red Slaver","floor":14,"turns":2},{"damage":28,"enemies":"Hexaghost","floor":16,"turns":8},{"damage":14,"enemies":"3 Byrds","floor":18,"turns":6},{"damage":20,"enemies":"Chosen","floor":20,"turns":5},{"damage":32,"enemies":"Centurion and Healer","floor":21,"turns":6},{"damage":46,"enemies":"Slavers","floor":28,"turns":6},{"damage":1,"enemies":"3 Cultists","floor":30,"turns":5},{"damage":6,"enemies":"Champ","floor":33,"turns":7},{"damage":22,"enemies":"3 Shapes","floor":35,"turns":7},{"damage":1,"enemies":"Orb Walker","floor":37,"turns":4},{"damage":36,"enemies":"Maw","floor":38,"turns":7},{"damage":79,"enemies":"Sphere and 2 Shapes","floor":41,"turns":5}],"event_choices":[{"event_name":"Living Wall","player_choice":"Grow","floor":13,"damage_taken":0},{"event_name":"Bonfire Elementals","player_choice":"BASIC","floor":19,"damage_taken":0},{"event_name":"N\u0027loth","player_choice":"Ignored","floor":22,"damage_taken":0},{"event_name":"Cursed Tome","player_choice":"Ignored","floor":29,"damage_taken":0},{"event_name":"Winding Halls","player_choice":"Writhe","floor":39,"damage_taken":0}],"boss_relics":[{"not_picked":["White Beast Statue","Cursed Key"],"picked":"Runic Pyramid"},{"not_picked":["Lizard Tail","Calling Bell"],"picked":"Black Blood"}],"potions_floor_spawned":[2,5,7,11,20,28,30,35],"seed_played":"-80238968977597724","killed_by":"Sphere and 2 Shapes","ascension_level":3,"is_trial":false}