{"gold_per_floor":[119,89,100,119,119,149,149,161,184,217,233,158,158,174,174,270,270,284,284,284,284,93,93,113,142,142,160,193,193,126,138,138,236,236,246,592,592,230,240,252,270,118,118,118,118,118,218,218,218,218],"floor_reached":50,"playtime":2885,"items_purged":["Defend_R","Strike_R"],"score":562,"play_id":"58813407-8988-42a8-8d6d-f5cb96b99052","local_time":"20190309131737","is_ascension_mode":false,"campfire_choices":[{"data":"Bash","floor":7.0,"key":"SMITH"},{"data":"Fire Breathing","floor":13.0,"key":"SMITH"},{"floor":15.0,"key":"REST"},{"data":"Body Slam","floor":23,"key":"SMITH"},{"data":"Uppercut","floor":29,"key":"SMITH"},{"data":"Searing Blow","floor":32,"key":"SMITH"},{"data":"Searing Blow+1","floor":44,"key":"SMITH"},{"data":"Searing Blow+2","floor":46,"key":"SMITH"},{"floor":49,"key":"REST"}],"neow_cost":"PERCENT_DAMAGE","seed_source_timestamp":0,"circlet_count":0,"master_deck":["Strike_R","Strike_R+1","Defend_R","Defend_R","Defend_R","Bash+1","Feed","Metallicize","Disarm","Fire Breathing+1","Iron Wave+1","Sword Boomerang","Impervious","Body Slam+1","Uppercut+1","Flame Barrier","Searing Blow+3","Double Tap","Inflame","Fire Breathing+1","Cleave+1","Warcry+1","Dropkick"],"special_seed":0,"relics":["Black Blood","Oddly Smooth Stone","PreservedInsect","Bag of Marbles","Philosopher\u0027s Stone","Regal Pillow","Spirit Poop","Juzu Bracelet","Centennial Puzzle","Paper Frog","Incense Burner","Dodecahedron","Old Coin","Bottled Tornado","Whetstone","Meat on the Bone","Thread and Needle"],"potions_floor_usage":[25,32,36,41,41],"damage_taken":[{"damage":8.0,"enemies":"Jaw Worm","floor":1.0,"turns":6.0},{"damage":1.0,"enemies":"Cultist","floor":3.0,"turns":6.0},{"damage":0.0,"enemies":"2 Louse","floor":4.0,"turns":4.0},{"damage":13.0,"enemies":"Lagavulin","floor":6.0,"turns":8.0},{"damage":19.0,"enemies":"Exordium Wildlife","floor":8.0,"turns":8.0},{"damage":14.0,"enemies":"3 Sentries","floor":10.0,"turns":12.0},{"damage":0.0,"enemies":"3 Louse","floor":11.0,"turns":5.0},{"damage":3.0,"enemies":"Lots of Slimes","floor":14.0,"turns":3.0},{"damage":80.0,"enemies":"Slime Boss","floor":16.0,"turns":18.0},{"damage":9.0,"enemies":"3 Byrds","floor":18.0,"turns":7.0},{"damage":15,"enemies":"2 Thieves","floor":24,"turns":3},{"damage":7,"enemies":"Book of Stabbing","floor":25,"turns":4},{"damage":8,"enemies":"Cultist and Chosen","floor":27,"turns":5},{"damage":12,"enemies":"Slavers","floor":28,"turns":8},{"damage":12,"enemies":"Chosen and Byrds","floor":31,"turns":5},{"damage":34,"enemies":"Champ","floor":33,"turns":15},{"damage":10,"enemies":"3 Shapes","floor":35,"turns":3},{"damage":80,"enemies":"2 Orb Walkers","floor":36,"turns":8},{"damage":12,"enemies":"Orb Walker","floor":39,"turns":4},{"damage":14,"enemies":"Maw","floor":40,"turns":7},{"damage":12,"enemies":"Transient","floor":41,"turns":5},{"damage":25,"enemies":"Mind Bloom Boss Battle","floor":47,"turns":6},{"damage":128,"enemies":"Donu and Deca","floor":50,"turns":10}],"seed_played":"5827370033782169399","potions_obtained":[{"floor":2.0,"key":"SneckoOil"},{"floor":2.0,"key":"EntropicBrew"},{"floor":3.0,"key":"SpeedPotion"},{"floor":4.0,"key":"AttackPotion"},{"floor":8.0,"key":"Dexterity Potion"},{"floor":11.0,"key":"LiquidBronze"},{"floor":24,"key":"BloodPotion"},{"floor":31,"key":"Fruit Juice"},{"floor":36,"key":"Weak Potion"},{"floor":39,"key":"Energy Potion"},{"floor":40,"key":"Poison Potion"},{"floor":47,"key":"SteroidPotion"}],"is_trial":false,"path_per_floor":["M","?","M","M","?","E","R","M","T","E","M","$","R","M","R","B",null,"M","?","?","?","$","R","M","E","T","M","E","R","?","M","R","B",null,"M","?","?","$","M","M","M","$","T","R","?","R","?","?","R","B"],"character_chosen":"IRONCLAD","items_purchased":["Juzu Bracelet","Uppercut","Bottled Tornado","Whetstone"],"campfire_rested":2,"item_purchase_floors":[22,22,38,42],"current_hp_per_floor":[57,57,65,74,74,70,70,60,60,55,64,64,64,70,101,30,107,107,107,107,107,107,107,101,100,100,101,98,98,98,92,97,69,124,124,66,66,66,64,60,58,58,58,58,58,58,55,55,107,0],"gold":218,"neow_bonus":"TRANSFORM_TWO_CARDS","is_prod":false,"is_daily":false,"chose_seed":false,"campfire_upgraded":7,"win_rate":0,"timestamp":1552151857,"path_taken":["M","?","?","M","?","E","R","M","T","E","M","$","R","M","R","BOSS","M","?","?","?","$","R","M","E","T","M","E","R","?","M","R","BOSS","M","?","?","$","M","M","M","?","T","R","?","R","?","?","R","BOSS"],"build_version":"2019-01-23","purchased_purges":2,"victory":false,"max_hp_per_floor":[83,83,86,89,89,92,92,95,95,98,101,101,101,104,104,107,107,110,110,110,110,110,110,113,113,113,116,119,119,119,119,124,124,124,124,124,124,124,124,124,124,124,124,124,124,124,124,124,124,124],"card_choices":[{"not_picked":["Clash","Warcry"],"picked":"Metallicize","floor":1.0},{"not_picked":["Perfected Strike","Shockwave","Fire Breathing"],"picked":"SKIP","floor":3.0},{"not_picked":["Armaments","True Grit","Havoc"],"picked":"SKIP","floor":4.0},{"not_picked":["Entrench","Armaments"],"picked":"Disarm","floor":6.0},{"not_picked":["Rupture","Warcry","Heavy Blade"],"picked":"SKIP","floor":8.0},{"not_picked":["Immolate","Havoc"],"picked":"Fire Breathing","floor":10.0},{"not_picked":["Hemokinesis","Clothesline"],"picked":"Iron Wave","floor":11.0},{"not_picked":["Clash","Warcry"],"picked":"Sword Boomerang","floor":14.0},{"not_picked":["Limit Break","Dark Embrace"],"picked":"Impervious","floor":16.0},{"not_picked":["Armaments","Reckless Charge"],"picked":"Body Slam","floor":18.0},{"not_picked":["Pommel Strike+1","Seeing Red","Wild Strike+1"],"picked":"SKIP","floor":24},{"not_picked":["Metallicize","Heavy Blade","Armaments"],"picked":"SKIP","floor":25},{"not_picked":["Clash+1","Ghostly Armor+1"],"picked":"Flame Barrier","floor":27},{"not_picked":["Feel No Pain","Dual Wield"],"picked":"Searing Blow","floor":28},{"not_picked":["Armaments","Clash","Twin Strike+1"],"picked":"SKIP","floor":31},{"not_picked":["Fiend Fire","Offering"],"picked":"Double Tap","floor":33},{"not_picked":["Armaments+1","Battle Trance"],"picked":"Inflame","floor":35},{"not_picked":["Carnage","True Grit"],"picked":"Fire Breathing+1","floor":36},{"not_picked":["Pommel Strike","Havoc"],"picked":"Cleave+1","floor":39},{"not_picked":["Clothesline","Pommel Strike+1"],"picked":"Warcry+1","floor":40},{"not_picked":["Perfected Strike+1","Heavy Blade+1","Searing Blow"],"picked":"SKIP","floor":41},{"not_picked":["Intimidate+1","Spot Weakness+1"],"picked":"Dropkick","floor":47}],"player_experience":475235,"relics_obtained":[{"floor":6.0,"key":"Oddly Smooth Stone"},{"floor":9.0,"key":"PreservedInsect"},{"floor":10.0,"key":"Bag of Marbles"},{"floor":25,"key":"Centennial Puzzle"},{"floor":26,"key":"Paper Frog"},{"floor":28,"key":"Incense Burner"},{"floor":36,"key":"Old Coin"},{"floor":43,"key":"Meat on the Bone"},{"floor":47,"key":"Thread and Needle"}],"event_choices":[{"damage_healed":0.0,"max_hp_gain":0.0,"max_hp_loss":0.0,"gold_gain":0.0,"event_name":"The Woman in Blue","player_choice":"Bought 2 Potions","floor":2.0,"gold_loss":0.0,"damage_taken":0.0},{"damage_healed":0.0,"max_hp_gain":0.0,"max_hp_loss":0.0,"gold_gain":0.0,"event_name":"Liars Game","player_choice":"Ignored","floor":5.0,"gold_loss":0.0,"damage_taken":0.0},{"damage_healed":0.0,"max_hp_gain":0.0,"max_hp_loss":0.0,"gold_gain":0.0,"event_name":"The Mausoleum","player_choice":"Opened","floor":19.0,"gold_loss":0.0,"damage_taken":0.0,"relics_obtained":["Regal Pillow"],"cards_obtained":["Writhe"]},{"damage_healed":0.0,"max_hp_gain":0.0,"max_hp_loss":0.0,"gold_gain":0.0,"event_name":"Vampires","player_choice":"Ignored","floor":20.0,"gold_loss":0.0,"damage_taken":0.0},{"cards_removed":["Writhe"],"damage_healed":0.0,"max_hp_gain":0.0,"max_hp_loss":0.0,"gold_gain":0.0,"event_name":"Bonfire Elementals","player_choice":"Offered Curse","floor":21.0,"gold_loss":0.0,"damage_taken":0.0,"relics_obtained":["Spirit Poop"]},{"damage_healed":0,"gold_gain":0,"player_choice":"Paid Gold","damage_taken":0,"relics_obtained":["Dodecahedron"],"max_hp_gain":0,"max_hp_loss":0,"event_name":"WeMeetAgain","floor":30,"gold_loss":67},{"damage_healed":0,"gold_gain":0,"player_choice":"Fight","damage_taken":0,"max_hp_gain":0,"max_hp_loss":0,"event_name":"Mysterious Sphere","floor":36,"gold_loss":0},{"damage_healed":0,"gold_gain":0,"player_choice":"Ignored","damage_taken":0,"max_hp_gain":0,"max_hp_loss":0,"event_name":"Tomb of Lord Red Mask","floor":37,"gold_loss":0},{"cards_removed":["Shockwave"],"damage_healed":0,"gold_gain":0,"player_choice":"Removed Skill","damage_taken":0,"max_hp_gain":0,"max_hp_loss":0,"event_name":"Falling","floor":45,"gold_loss":0},{"damage_healed":0,"gold_gain":0,"player_choice":"Fight","damage_taken":0,"max_hp_gain":0,"max_hp_loss":0,"event_name":"MindBloom","floor":47,"gold_loss":0},{"damage_healed":0,"gold_gain":0,"player_choice":"Leave","damage_taken":0,"max_hp_gain":0,"max_hp_loss":0,"event_name":"FaceTrader","floor":48,"gold_loss":0}],"is_beta":false,"boss_relics":[{"not_picked":["Mark of Pain","Fusion Hammer"],"picked":"Philosopher\u0027s Stone"},{"not_picked":["Sozu","White Beast Statue"],"picked":"Black Blood"}],"items_purged_floors":[12,38],"is_endless":false,"potions_floor_spawned":[3,4,8,11,24,31,36,39,40,47],"killed_by":"Donu and Deca","ascension_level":0}