{"gold_per_floor":[213,230,230,15,90,90,105,120,120,151,161,161,126,161,161,232,232,247,247,259,259,259,288,288,322,393,423,423,22,36,70,70,149,149,167,40,0,15,35,35,67,82,134,148,148,180,180,180,180,180,180,180,180,19,52,52],"floor_reached":56,"playtime":3888,"items_purged":["Strike_B","Strike_B","Strike_B"],"score":2007,"play_id":"875b491f-108f-4471-8749-d15340034f92","local_time":"20190607203426","is_ascension_mode":true,"campfire_choices":[{"floor":6.0,"key":"REST"},{"data":"Defragment","floor":12.0,"key":"SMITH"},{"data":"Zap","floor":15.0,"key":"SMITH"},{"floor":24.0,"key":"REST"},{"floor":28.0,"key":"REST"},{"data":"Defragment","floor":32.0,"key":"SMITH"},{"data":"Static Discharge","floor":40.0,"key":"SMITH"},{"floor":45.0,"key":"RECALL"},{"data":"Capacitor","floor":47.0,"key":"SMITH"},{"data":"Buffer","floor":49.0,"key":"SMITH"},{"data":"Coolheaded","floor":53.0,"key":"SMITH"}],"neow_cost":"NONE","seed_source_timestamp":26473878115631,"circlet_count":0,"master_deck":["AscendersBane","Defend_B+1","Defend_B+1","Defend_B","Defend_B","Zap+1","Dualcast+1","Cold Snap","Defragment+1","Leap+1","Ball Lightning","Barrage+1","Hyperbeam+1","Chaos+1","Glacier","Steam","Coolheaded+1","Go for the Eyes+1","Static Discharge+1","Defragment+1","Buffer+1","Self Repair","Blizzard+1","Steam+1","Go for the Eyes+1","Capacitor+1","Coolheaded"],"special_seed":0,"relics":["Cracked Core","OrangePellets","Molten Egg 2","Thread and Needle","Gremlin Horn","Runic Pyramid","Mango","Pantograph","Dodecahedron","War Paint","Smiling Mask","Coffee Dripper","Red Mask","Ancient Tea Set","Juzu Bracelet","Regal Pillow","StoneCalendar"],"potions_floor_usage":[55],"damage_taken":[{"damage":7.0,"enemies":"Jaw Worm","floor":1.0,"turns":3.0},{"damage":2.0,"enemies":"2 Louse","floor":2.0,"turns":3.0},{"damage":0.0,"enemies":"Small Slimes","floor":7.0,"turns":3.0},{"damage":0.0,"enemies":"Looter","floor":8.0,"turns":4.0},{"damage":9.0,"enemies":"Lagavulin","floor":10.0,"turns":7.0},{"damage":4.0,"enemies":"Red Slaver","floor":11.0,"turns":4.0},{"damage":0.0,"enemies":"Gremlin Nob","floor":14.0,"turns":3.0},{"damage":2.0,"enemies":"The Guardian","floor":16.0,"turns":14.0},{"damage":2.0,"enemies":"Spheric Guardian","floor":18.0,"turns":4.0},{"damage":0.0,"enemies":"3 Byrds","floor":20.0,"turns":4.0},{"damage":62.0,"enemies":"Book of Stabbing","floor":23.0,"turns":7.0},{"damage":25.0,"enemies":"Slavers","floor":25.0,"turns":3.0},{"damage":31.0,"enemies":"Gremlin Leader","floor":27.0,"turns":7.0},{"damage":8.0,"enemies":"Centurion and Healer","floor":30.0,"turns":5.0},{"damage":1.0,"enemies":"Book of Stabbing","floor":31.0,"turns":6.0},{"damage":9.0,"enemies":"Collector","floor":33.0,"turns":18.0},{"damage":0.0,"enemies":"Orb Walker","floor":35.0,"turns":4.0},{"damage":7.0,"enemies":"3 Shapes","floor":38.0,"turns":2.0},{"damage":0.0,"enemies":"Maw","floor":39.0,"turns":9.0},{"damage":5.0,"enemies":"Giant Head","floor":41.0,"turns":12.0},{"damage":0.0,"enemies":"Sphere and 2 Shapes","floor":42.0,"turns":7.0},{"damage":4.0,"enemies":"4 Shapes","floor":44.0,"turns":6.0},{"damage":50.0,"enemies":"Reptomancer","floor":46.0,"turns":6.0},{"damage":17.0,"enemies":"Donu and Deca","floor":50.0,"turns":15.0},{"damage":44.0,"enemies":"Awakened One","floor":51.0,"turns":24.0},{"damage":84,"enemies":"Shield and Spear","floor":55,"turns":9},{"damage":36,"enemies":"The Heart","floor":56,"turns":2}],"seed_played":"-247046013070549480","potions_obtained":[{"floor":7.0,"key":"Energy Potion"},{"floor":8.0,"key":"Fire Potion"},{"floor":14.0,"key":"Regen Potion"},{"floor":31.0,"key":"Strength Potion"},{"floor":33.0,"key":"SneckoOil"},{"floor":38.0,"key":"Ancient Potion"},{"floor":41.0,"key":"SpeedPotion"},{"floor":46.0,"key":"Poison Potion"}],"is_trial":false,"path_per_floor":["M","M","?","$","?","R","M","M","T","E","M","R","?","E","R","B",null,"M","?","M","?","?","E","R","E","T","E","R","$","M","E","R","B",null,"M","$","?","M","M","R","E","M","T","M","R","E","R","?","R","B","B",null,"R","$","E","B"],"character_chosen":"DEFECT","items_purchased":["OrangePellets","Coolheaded","War Paint","Go for the Eyes+1","SkillPotion","Self Repair","Block Potion","Coolheaded"],"campfire_rested":3,"item_purchase_floors":[4,29,29,29,29,36,54,54],"current_hp_per_floor":[57,55,34,34,23,44,44,44,44,35,31,31,48,48,48,46,65,63,63,63,63,81,45,73,48,48,17,45,45,37,36,36,52,84,84,84,84,84,91,91,93,95,95,95,95,52,52,52,52,67,55,85,85,85,8,0],"gold":52,"neow_bonus":"HUNDRED_GOLD","is_prod":false,"is_daily":false,"chose_seed":false,"campfire_upgraded":7,"win_rate":0,"timestamp":1559932466,"path_taken":["M","M","?","$","?","R","M","M","T","E","M","R","?","E","R","BOSS","M","?","?","?","?","E","R","E","T","E","R","$","?","E","R","BOSS","M","$","?","M","M","R","E","M","T","M","R","E","R","?","R","BOSS","BOSS","R","$","E","BOSS"],"build_version":"2019-01-23","purchased_purges":3,"victory":false,"max_hp_per_floor":[71,71,71,71,71,71,71,71,71,71,71,71,71,71,71,71,71,71,71,71,71,81,95,95,95,95,95,95,95,95,95,95,95,95,95,95,95,95,95,95,95,95,95,95,95,95,95,95,95,95,95,95,95,95,95,95],"card_choices":[{"not_picked":["Go for the Eyes","Compile Driver"],"picked":"Cold Snap","floor":1.0},{"not_picked":["Compile Driver","Streamline"],"picked":"Defragment","floor":2.0},{"not_picked":["Streamline","Stack"],"picked":"Leap","floor":7.0},{"not_picked":["Seek","Cold Snap"],"picked":"Ball Lightning","floor":8.0},{"not_picked":["Rebound+1","Stack","Reprogram"],"picked":"SKIP","floor":10.0},{"not_picked":["Compile Driver+1","Stack"],"picked":"Barrage+1","floor":11.0},{"not_picked":["Gash+1","Recycle","Beam Cell+1"],"picked":"SKIP","floor":14.0},{"not_picked":["Buffer","Multi-Cast"],"picked":"Hyperbeam+1","floor":16.0},{"not_picked":["Sweeping Beam+1","Scrape+1","Conserve Battery"],"picked":"SKIP","floor":18.0},{"not_picked":["Undo","Sweeping Beam+1","Redo"],"picked":"SKIP","floor":20.0},{"not_picked":["Coolheaded","Redo"],"picked":"Chaos+1","floor":23.0},{"not_picked":["Scrape+1","Force Field"],"picked":"Glacier","floor":25.0},{"not_picked":["Compile Driver+1","Rainbow"],"picked":"Steam","floor":27.0},{"not_picked":["Steam","Compile Driver+1"],"picked":"Static Discharge","floor":30.0},{"not_picked":["Hologram","Steam+1"],"picked":"Defragment","floor":31.0},{"not_picked":["Multi-Cast","Rainbow"],"picked":"Buffer","floor":33.0},{"not_picked":["Aggregate","Cold Snap+1","Conserve Battery"],"picked":"SKIP","floor":35.0},{"not_picked":["Go for the Eyes+1","FTL+1"],"picked":"Blizzard+1","floor":38.0},{"not_picked":["Compile Driver+1","Redo+1"],"picked":"Steam+1","floor":39.0},{"not_picked":["Doom and Gloom+1","Reprogram"],"picked":"Go for the Eyes+1","floor":41.0},{"not_picked":["Conserve Battery","Beam Cell+1","Reprogram"],"picked":"SKIP","floor":42.0},{"not_picked":["Leap","Stack+1","Streamline+1"],"picked":"SKIP","floor":44.0},{"not_picked":["Steam+1","Fusion+1"],"picked":"Capacitor","floor":46.0},{"not_picked":["Fusion","Genetic Algorithm+1","Streamline+1"],"picked":"SKIP","floor":55}],"player_experience":1298569,"relics_obtained":[{"floor":9.0,"key":"Molten Egg 2"},{"floor":10.0,"key":"Thread and Needle"},{"floor":14.0,"key":"Gremlin Horn"},{"floor":23.0,"key":"Mango"},{"floor":25.0,"key":"Pantograph"},{"floor":27.0,"key":"Dodecahedron"},{"floor":31.0,"key":"Smiling Mask"},{"floor":41.0,"key":"Ancient Tea Set"},{"floor":43.0,"key":"Juzu Bracelet"},{"floor":46.0,"key":"Regal Pillow"},{"floor":55,"key":"StoneCalendar"}],"event_choices":[{"damage_healed":0.0,"max_hp_gain":0.0,"max_hp_loss":0.0,"gold_gain":0.0,"event_name":"Shining Light","player_choice":"Entered Light","floor":3.0,"gold_loss":0.0,"damage_taken":21.0,"cards_upgraded":["Defend_B","Defend_B"]},{"damage_healed":0.0,"max_hp_gain":0.0,"max_hp_loss":0.0,"gold_gain":75.0,"event_name":"World of Goop","player_choice":"Gather Gold","floor":5.0,"gold_loss":0.0,"damage_taken":11.0},{"damage_healed":17.0,"max_hp_gain":0.0,"max_hp_loss":0.0,"gold_gain":0.0,"event_name":"The Cleric","player_choice":"Healed","floor":13.0,"gold_loss":35.0,"damage_taken":0.0},{"damage_healed":0.0,"max_hp_gain":0.0,"max_hp_loss":0.0,"gold_gain":0.0,"cards_transformed":["Strike_B"],"event_name":"Transmorgrifier","player_choice":"Transformed","floor":19.0,"gold_loss":0.0,"damage_taken":0.0,"cards_obtained":["Thunder Strike"]},{"damage_healed":0.0,"max_hp_gain":0.0,"max_hp_loss":0.0,"gold_gain":0.0,"event_name":"Ghosts","player_choice":"Ignored","floor":21.0,"gold_loss":0.0,"damage_taken":0.0},{"cards_removed":["Thunder Strike"],"damage_healed":8.0,"max_hp_gain":10.0,"max_hp_loss":0.0,"gold_gain":0.0,"event_name":"Bonfire Elementals","player_choice":"Offered Rare","floor":22.0,"gold_loss":0.0,"damage_taken":0.0},{"damage_healed":0.0,"max_hp_gain":0.0,"max_hp_loss":0.0,"gold_gain":0.0,"event_name":"Tomb of Lord Red Mask","player_choice":"Paid","floor":37.0,"gold_loss":40.0,"damage_taken":0.0,"relics_obtained":["Red Mask"]},{"damage_healed":0.0,"max_hp_gain":0.0,"max_hp_loss":0.0,"gold_gain":0.0,"event_name":"Mysterious Sphere","player_choice":"Ignored","floor":48.0,"gold_loss":0.0,"damage_taken":0.0}],"is_beta":false,"boss_relics":[{"not_picked":["Astrolabe","FrozenCore"],"picked":"Runic Pyramid"},{"not_picked":["Black Star","Calling Bell"],"picked":"Coffee Dripper"}],"items_purged_floors":[29,36,54],"is_endless":false,"potions_floor_spawned":[7,8,14,16,20,31,33,38,41,46],"killed_by":"The Heart","ascension_level":20}