{"gold_per_floor":[117,117,267,20,33,33,62,62,62,62,73,83,101,133,133,210,210,110,52,52,27,42,42],"floor_reached":23,"playtime":1304,"items_purged":["Doubt"],"score":374,"play_id":"a05d1989-e44e-4ecc-9c7e-efbd801cfa62","local_time":"20190612124344","is_ascension_mode":true,"campfire_choices":[{"data":"Disarm","floor":6,"key":"SMITH"},{"floor":8,"key":"REST"},{"data":"Bash","floor":10,"key":"SMITH"},{"data":"Demon Form","floor":15,"key":"SMITH"}],"neow_cost":"NONE","seed_source_timestamp":2177486547403028,"circlet_count":0,"master_deck":["AscendersBane","Strike_R","Strike_R","Strike_R","Strike_R","Strike_R","Defend_R","Defend_R+1","Defend_R","Defend_R+1","Bash+1","True Grit+1","Disarm+1","Shrug It Off+1","Metallicize","Shrug It Off+1","Iron Wave","Demon Form+1","Limit Break+1","Anger","Clothesline","Feel No Pain"],"relics":["Burning Blood","Regal Pillow","War Paint","Toxic Egg 2","Pantograph","Potion Belt","Black Star"],"potions_floor_usage":[13,14,22],"damage_taken":[{"damage":19,"enemies":"Cultist","floor":1,"turns":6},{"damage":0,"enemies":"2 Louse","floor":5,"turns":5},{"damage":51,"enemies":"Gremlin Nob","floor":7,"turns":6},{"damage":1,"enemies":"Jaw Worm","floor":11,"turns":5},{"damage":0,"enemies":"Exordium Wildlife","floor":12,"turns":4},{"damage":0,"enemies":"Lots of Slimes","floor":13,"turns":10},{"damage":25,"enemies":"3 Sentries","floor":14,"turns":17},{"damage":17,"enemies":"The Guardian","floor":16,"turns":11},{"damage":7,"enemies":"2 Thieves","floor":18,"turns":5},{"damage":13,"enemies":"Shell Parasite","floor":22,"turns":10},{"damage":47,"enemies":"Slavers","floor":23,"turns":3}],"seed_played":"8136052840699531910","potions_obtained":[{"floor":5,"key":"SpeedPotion"},{"floor":7,"key":"Fire Potion"},{"floor":12,"key":"Dexterity Potion"},{"floor":16,"key":"SpeedPotion"}],"is_trial":false,"path_per_floor":["M","?","?","$","M","R","E","R","T","R","M","M","M","E","R","B",null,"M","$","?","$","M","E"],"character_chosen":"IRONCLAD","items_purchased":["War Paint","Anger","Clothesline"],"campfire_rested":1,"item_purchase_floors":[4,19,21],"current_hp_per_floor":[55,55,55,55,61,61,16,53,53,53,58,64,70,51,51,64,72,71,71,50,50,43,0],"gold":42,"neow_bonus":"RANDOM_COMMON_RELIC","is_prod":false,"is_daily":false,"chose_seed":false,"campfire_upgraded":3,"win_rate":0,"timestamp":1560354224,"path_taken":["M","?","?","?","M","R","E","R","T","R","?","M","M","E","R","BOSS","M","?","?","$","M","E"],"build_version":"2019-01-23","purchased_purges":1,"victory":false,"max_hp_per_floor":[75,75,75,75,75,75,75,75,75,75,75,75,75,75,75,75,75,75,75,80,80,80,80],"card_choices":[{"not_picked":["Body Slam","Havoc"],"picked":"True Grit","floor":1},{"not_picked":["Immolate","Shrug It Off"],"picked":"Disarm","floor":5},{"not_picked":["Thunderclap","True Grit"],"picked":"Shrug It Off","floor":7},{"not_picked":["Flex+1","Ghostly Armor+1"],"picked":"Metallicize","floor":11},{"not_picked":["Evolve","Clothesline"],"picked":"Shrug It Off+1","floor":12},{"not_picked":["Whirlwind","Wild Strike"],"picked":"Iron Wave","floor":13},{"not_picked":["Sword Boomerang","Bludgeon"],"picked":"Demon Form","floor":14},{"not_picked":["Fiend Fire","Juggernaut"],"picked":"Limit Break+1","floor":16},{"not_picked":["Clash","Reckless Charge","True Grit+1"],"picked":"SKIP","floor":18},{"not_picked":["Thunderclap","Perfected Strike"],"picked":"Feel No Pain","floor":22}],"player_experience":1004309,"relics_obtained":[{"floor":7,"key":"Toxic Egg 2"},{"floor":9,"key":"Pantograph"},{"floor":14,"key":"Potion Belt"}],"event_choices":[{"damage_healed":0,"gold_gain":0,"player_choice":"Grow","damage_taken":0,"max_hp_gain":0,"max_hp_loss":0,"event_name":"Living Wall","floor":2,"gold_loss":0,"cards_upgraded":["True Grit"]},{"damage_healed":0,"gold_gain":150,"player_choice":"AGREE","damage_taken":0,"max_hp_gain":0,"max_hp_loss":0,"event_name":"Liars Game","floor":3,"gold_loss":0,"cards_obtained":["Doubt"]},{"damage_healed":0,"gold_gain":0,"player_choice":"Shed Blood","damage_taken":26,"max_hp_gain":5,"max_hp_loss":0,"event_name":"Forgotten Altar","floor":20,"gold_loss":0}],"is_beta":false,"boss_relics":[{"not_picked":["Lizard Tail","Runic Dome"],"picked":"Black Star"}],"items_purged_floors":[4],"is_endless":false,"potions_floor_spawned":[5,7,12,16],"killed_by":"Slavers","ascension_level":18}