{"gold_per_floor":[114,134,147,164,164,184,201,211,260,260,335,347,358,144,144,239,239,249,249,266,284,124,124],"floor_reached":23,"playtime":1479,"items_purged":["Defend_B"],"score":189,"play_id":"5c8c9c48-13fe-4e6a-871c-9f58ef94d428","local_time":"20190615201638","is_ascension_mode":false,"campfire_choices":[{"data":"Chill","floor":10.0,"key":"SMITH"},{"data":"Capacitor","floor":15.0,"key":"SMITH"}],"neow_cost":"NONE","seed_source_timestamp":0,"circlet_count":0,"master_deck":["Strike_B","Strike_B","Strike_B","Strike_B","Defend_B","Defend_B","Defend_B","Zap","Dualcast","Cold Snap","Glacier","Chill+1","Chaos","Hologram","Reinforced Body","Conserve Battery","Cold Snap","Capacitor+1","Barrage","Forethought","Buffer+1","Steam","Barrage+1","Hologram","Blizzard","Trip"],"special_seed":0,"relics":["Cracked Core"],"potions_floor_usage":[20,23],"damage_taken":[{"damage":1.0,"enemies":"2 Louse","floor":1.0,"turns":3.0},{"damage":3.0,"enemies":"Small Slimes","floor":2.0,"turns":3.0},{"damage":0.0,"enemies":"Cultist","floor":3.0,"turns":3.0},{"damage":0.0,"enemies":"Exordium Wildlife","floor":4.0,"turns":9.0},{"damage":0.0,"enemies":"Blue Slaver","floor":6.0,"turns":5.0},{"damage":0.0,"enemies":"Lots of Slimes","floor":7.0,"turns":6.0},{"damage":6.0,"enemies":"Red Slaver","floor":8.0,"turns":4.0},{"damage":0.0,"enemies":"Exordium Wildlife","floor":12.0,"turns":3.0},{"damage":0.0,"enemies":"2 Fungi Beasts","floor":13.0,"turns":5.0},{"damage":28.0,"enemies":"The Guardian","floor":16.0,"turns":16.0},{"damage":12,"enemies":"3 Byrds","floor":18,"turns":8},{"damage":0,"enemies":"Chosen","floor":20,"turns":8},{"damage":3,"enemies":"Centurion and Healer","floor":21,"turns":12},{"damage":23,"enemies":"3 Cultists","floor":23,"turns":7}],"seed_played":"3275704084216859723","potions_obtained":[{"floor":1.0,"key":"FocusPotion"},{"floor":4.0,"key":"Poison Potion"},{"floor":6.0,"key":"SkillPotion"},{"floor":7.0,"key":"AttackPotion"},{"floor":12.0,"key":"Energy Potion"},{"floor":18,"key":"Ancient Potion"},{"floor":21,"key":"GamblersBrew"}],"is_trial":false,"path_per_floor":["M","M","M","M","?","M","M","M","T","R","?","M","M","$","R","B",null,"M","?","M","M","$","M"],"character_chosen":"DEFECT","items_purchased":["Barrage","Forethought","Blizzard","Trip"],"campfire_rested":0,"item_purchase_floors":[14,14,22,22],"current_hp_per_floor":[81,78,78,78,78,78,78,72,72,72,61,61,61,61,61,33,82,70,70,70,67,67,44],"gold":124,"neow_bonus":"TEN_PERCENT_HP_BONUS","is_prod":false,"is_daily":false,"chose_seed":false,"campfire_upgraded":2,"win_rate":0,"timestamp":1560644198,"path_taken":["M","M","M","M","?","M","M","M","T","R","?","M","M","$","R","BOSS","M","?","?","M","$","M"],"build_version":"2019-01-23","purchased_purges":1,"victory":false,"max_hp_per_floor":[82,82,82,82,82,82,82,82,82,82,82,82,82,82,82,82,82,82,82,82,82,82,82],"card_choices":[{"not_picked":["Rip and Tear","Barrage"],"picked":"Cold Snap","floor":1.0},{"not_picked":["Force Field","Leap"],"picked":"Glacier","floor":2.0},{"not_picked":["Gash","Cold Snap"],"picked":"Chill","floor":3.0},{"not_picked":["Barrage","Hologram"],"picked":"Chaos","floor":4.0},{"not_picked":["Barrage","Skim"],"picked":"Hologram","floor":6.0},{"not_picked":["Streamline","Storm"],"picked":"Reinforced Body","floor":7.0},{"not_picked":["Sweeping Beam","Rainbow"],"picked":"Conserve Battery","floor":8.0},{"not_picked":["Hologram","Ball Lightning"],"picked":"Cold Snap","floor":12.0},{"not_picked":["Double Energy","Hologram"],"picked":"Capacitor","floor":13.0},{"not_picked":["All For One","Echo Form"],"picked":"Buffer","floor":16.0},{"not_picked":["Gash","Skim"],"picked":"Steam","floor":18},{"not_picked":["Compile Driver","Scrape"],"picked":"Barrage+1","floor":20},{"not_picked":["Barrage+1","Steam Power"],"picked":"Hologram","floor":21}],"player_experience":698614,"relics_obtained":[],"event_choices":[{"damage_healed":0.0,"max_hp_gain":0.0,"max_hp_loss":0.0,"gold_gain":0.0,"event_name":"Golden Idol","player_choice":"Ignored","floor":5.0,"gold_loss":0.0,"damage_taken":0.0},{"damage_healed":0.0,"max_hp_gain":0.0,"max_hp_loss":0.0,"gold_gain":75.0,"event_name":"World of Goop","player_choice":"Gather Gold","floor":11.0,"gold_loss":0.0,"damage_taken":11.0},{"damage_healed":0,"gold_gain":0,"player_choice":"Forge","damage_taken":0,"max_hp_gain":0,"max_hp_loss":0,"event_name":"Accursed Blacksmith","floor":19,"gold_loss":0,"cards_upgraded":["Buffer"]}],"is_beta":false,"boss_relics":[{"not_picked":[]}],"items_purged_floors":[14],"is_endless":false,"potions_floor_spawned":[1,4,6,7,12,18,21],"killed_by":"3 Cultists","ascension_level":0}