{"gold_per_floor":[214,214,30,30,43,43,71,88,111,111,144,144,154,429,429,500,500,520,69,80,97,111,141,191,191,217,242,254,254,293,321,333,422,434,462,484,171,183,201,233,249,276,302,302,316,316,331,362,362,362,362,362,362,55,55],"floor_reached":55,"playtime":4062,"items_purged":["Strike_R","Strike_R","Strike_R"],"score":1973,"play_id":"bfd063ef-dd4e-424c-8f8a-c53089aeac94","local_time":"20190609181723","is_ascension_mode":true,"campfire_choices":[{"data":"Apotheosis","floor":6.0,"key":"SMITH"},{"floor":10.0,"key":"REST"},{"data":"Feel No Pain","floor":12.0,"key":"SMITH"},{"data":"Demon Form","floor":15.0,"key":"SMITH"},{"floor":25.0,"key":"REST"},{"floor":32.0,"key":"RECALL"},{"floor":44.0,"key":"REST"},{"floor":46.0,"key":"REST"},{"floor":49.0,"key":"REST"},{"floor":53.0,"key":"REST"}],"neow_cost":"NONE","seed_source_timestamp":16704070106684,"circlet_count":0,"master_deck":["AscendersBane","Strike_R","Defend_R","Defend_R","Defend_R","Defend_R","Bash","Headbutt","Apotheosis+1","Feel No Pain+1","Uppercut+1","Havoc","Demon Form+1","Reaper","Pommel Strike+1","Master of Strategy","Thunderclap+1","True Grit","Feed","Shrug It Off","True Grit","Shockwave+1","Reaper","Sword Boomerang","Shrug It Off","Evolve"],"special_seed":0,"relics":["Burning Blood","Centennial Puzzle","Bag of Preparation","Omamori","Fusion Hammer","Potion Belt","Singing Bowl","Blood Vial","Whetstone","MawBank","Happy Flower","Runic Pyramid","Lantern","Charon\u0027s Ashes","Juzu Bracelet","Dream Catcher","Dodecahedron"],"potions_floor_usage":[55,55],"damage_taken":[{"damage":3.0,"enemies":"2 Louse","floor":1.0,"turns":5.0},{"damage":7.0,"enemies":"Small Slimes","floor":5.0,"turns":5.0},{"damage":16.0,"enemies":"3 Sentries","floor":7.0,"turns":10.0},{"damage":0.0,"enemies":"Cultist","floor":8.0,"turns":3.0},{"damage":8.0,"enemies":"Gremlin Nob","floor":11.0,"turns":3.0},{"damage":10.0,"enemies":"Gremlin Gang","floor":13.0,"turns":6.0},{"damage":48.0,"enemies":"Slime Boss","floor":16.0,"turns":8.0},{"damage":15.0,"enemies":"3 Byrds","floor":18.0,"turns":6.0},{"damage":0.0,"enemies":"Spheric Guardian","floor":20.0,"turns":4.0},{"damage":23.0,"enemies":"Shelled Parasite and Fungi","floor":21.0,"turns":6.0},{"damage":12.0,"enemies":"Snake Plant","floor":22.0,"turns":4.0},{"damage":65.0,"enemies":"Book of Stabbing","floor":23.0,"turns":5.0},{"damage":49.0,"enemies":"Slavers","floor":27.0,"turns":6.0},{"damage":0.0,"enemies":"Snecko","floor":28.0,"turns":4.0},{"damage":9.0,"enemies":"Gremlin Leader","floor":30.0,"turns":5.0},{"damage":4.0,"enemies":"Centurion and Healer","floor":31.0,"turns":4.0},{"damage":72.0,"enemies":"Automaton","floor":33.0,"turns":9.0},{"damage":0.0,"enemies":"Orb Walker","floor":35.0,"turns":4.0},{"damage":40.0,"enemies":"3 Darklings","floor":36.0,"turns":6.0},{"damage":8.0,"enemies":"Maw","floor":38.0,"turns":8.0},{"damage":5.0,"enemies":"Writhing Mass","floor":39.0,"turns":13.0},{"damage":75.0,"enemies":"Reptomancer","floor":40.0,"turns":6.0},{"damage":0.0,"enemies":"Sphere and 2 Shapes","floor":41.0,"turns":6.0},{"damage":13.0,"enemies":"Transient","floor":45.0,"turns":6.0},{"damage":7.0,"enemies":"Writhing Mass","floor":47.0,"turns":9.0},{"damage":26.0,"enemies":"Nemesis","floor":48.0,"turns":7.0},{"damage":30.0,"enemies":"Time Eater","floor":50.0,"turns":10.0},{"damage":40.0,"enemies":"Awakened One","floor":51.0,"turns":16.0},{"damage":143,"enemies":"Shield and Spear","floor":55,"turns":6}],"seed_played":"1610545990743059345","potions_obtained":[{"floor":5.0,"key":"Poison Potion"},{"floor":7.0,"key":"SteroidPotion"},{"floor":16.0,"key":"EssenceOfSteel"},{"floor":23.0,"key":"SkillPotion"},{"floor":27.0,"key":"AttackPotion"},{"floor":30.0,"key":"Fire Potion"},{"floor":31.0,"key":"LiquidBronze"},{"floor":35.0,"key":"Block Potion"},{"floor":41.0,"key":"Swift Potion"}],"is_trial":false,"path_per_floor":["M","?","$","?","M","R","E","M","T","R","E","R","M","?","R","B",null,"M","$","M","M","M","E","?","R","T","E","M","T","E","M","R","B",null,"M","M","$","M","M","E","M","T","T","R","M","R","M","E","R","B","B",null,"R","$","E"],"character_chosen":"IRONCLAD","items_purchased":["Apotheosis","Master of Strategy","Potion Belt","Lantern","Shrug It Off","Evolve","Dexterity Potion","LiquidBronze"],"campfire_rested":6,"item_purchase_floors":[3,19,19,37,37,54,54,54],"current_hp_per_floor":[71,53,53,46,45,45,35,41,41,63,61,61,57,57,57,15,60,69,69,75,73,75,43,43,66,66,53,75,75,81,83,83,59,77,89,88,88,101,107,85,119,119,119,121,114,121,125,129,131,111,137,139,139,139,0],"gold":55,"neow_bonus":"HUNDRED_GOLD","is_prod":false,"is_daily":false,"chose_seed":false,"campfire_upgraded":3,"win_rate":0,"timestamp":1560097043,"path_taken":["M","?","$","?","M","R","E","M","T","R","E","R","M","?","R","BOSS","M","$","M","M","M","E","?","R","T","E","?","?","E","M","R","BOSS","M","M","$","M","M","E","M","?","T","R","M","R","M","E","R","BOSS","BOSS","R","$","E"],"build_version":"2019-01-23","purchased_purges":3,"victory":false,"max_hp_per_floor":[75,75,75,75,75,75,75,75,75,75,75,75,75,75,75,75,75,75,75,75,75,75,77,77,77,77,77,79,79,81,83,83,83,83,89,95,95,101,107,113,119,119,119,121,121,121,125,129,131,135,139,139,139,139,139],"card_choices":[{"not_picked":["Iron Wave","Reckless Charge"],"picked":"Headbutt","floor":1.0},{"not_picked":["Searing Blow","Iron Wave","Pummel"],"picked":"SKIP","floor":5.0},{"not_picked":["Evolve","Brutality"],"picked":"Feel No Pain","floor":7.0},{"not_picked":["Cleave","Armaments"],"picked":"Uppercut","floor":8.0},{"not_picked":["Iron Wave","Dual Wield"],"picked":"Havoc","floor":11.0},{"not_picked":["Armaments","Carnage"],"picked":"Demon Form","floor":13.0},{"not_picked":["Dark Embrace","Bludgeon"],"picked":"Reaper","floor":16.0},{"not_picked":["Anger","Headbutt"],"picked":"Pommel Strike","floor":18.0},{"not_picked":["Pommel Strike","Second Wind","Headbutt"],"picked":"SKIP","floor":20.0},{"not_picked":["Pommel Strike","Second Wind","Headbutt"],"picked":"SKIP","floor":20.0},{"not_picked":["Heavy Blade","Infernal Blade","Carnage+1"],"picked":"SKIP","floor":21.0},{"not_picked":["Sever Soul","Rampage"],"picked":"Thunderclap+1","floor":22.0},{"not_picked":["Immolate","Headbutt","Anger"],"picked":"Singing Bowl","floor":23.0},{"not_picked":["Pommel Strike+1","Thunderclap"],"picked":"True Grit","floor":27.0},{"not_picked":["Flex","Clash+1","Twin Strike"],"picked":"Singing Bowl","floor":28.0},{"not_picked":["Sword Boomerang","Metallicize","Heavy Blade"],"picked":"Singing Bowl","floor":30.0},{"not_picked":["Metallicize","Pummel","Sentinel"],"picked":"Singing Bowl","floor":31.0},{"not_picked":["Juggernaut","Impervious"],"picked":"Feed","floor":33.0},{"not_picked":["Wild Strike+1","Whirlwind","Headbutt"],"picked":"Singing Bowl","floor":35.0},{"not_picked":["Heavy Blade","Warcry","Clash"],"picked":"Singing Bowl","floor":36.0},{"not_picked":["Body Slam","Iron Wave","Clash"],"picked":"Singing Bowl","floor":38.0},{"not_picked":["Intimidate","Clothesline","Havoc+1"],"picked":"Singing Bowl","floor":39.0},{"not_picked":["Carnage","Perfected Strike","Spot Weakness"],"picked":"Singing Bowl","floor":40.0},{"not_picked":["Armaments","Iron Wave","Flex"],"picked":"Singing Bowl","floor":41.0},{"not_picked":["Seeing Red","Anger","Havoc"],"picked":"Singing Bowl","floor":44.0},{"not_picked":["Clash+1","Entrench"],"picked":"True Grit","floor":45.0},{"not_picked":["Shrug It Off","Sword Boomerang"],"picked":"Shockwave+1","floor":46.0},{"not_picked":["Headbutt+1","Shrug It Off"],"picked":"Reaper","floor":47.0},{"not_picked":["Anger","Clash"],"picked":"Sword Boomerang","floor":48.0},{"not_picked":["Sword Boomerang","Wild Strike","Ghostly Armor"],"picked":"Singing Bowl","floor":49.0},{"not_picked":["Headbutt","Clothesline"],"picked":"Shrug It Off","floor":53.0}],"player_experience":1309629,"relics_obtained":[{"floor":7.0,"key":"Bag of Preparation"},{"floor":11.0,"key":"Omamori"},{"floor":23.0,"key":"Singing Bowl"},{"floor":26.0,"key":"Blood Vial"},{"floor":27.0,"key":"Whetstone"},{"floor":29.0,"key":"MawBank"},{"floor":30.0,"key":"Happy Flower"},{"floor":40.0,"key":"Charon\u0027s Ashes"},{"floor":42.0,"key":"Juzu Bracelet"},{"floor":43.0,"key":"Dream Catcher"},{"floor":48.0,"key":"Dodecahedron"}],"event_choices":[{"damage_healed":0.0,"max_hp_gain":0.0,"max_hp_loss":0.0,"gold_gain":0.0,"event_name":"Scrap Ooze","player_choice":"Success","floor":2.0,"gold_loss":0.0,"damage_taken":18.0,"relics_obtained":["Centennial Puzzle"]},{"cards_removed":["Strike_R"],"damage_healed":0.0,"max_hp_gain":0.0,"max_hp_loss":0.0,"gold_gain":0.0,"event_name":"Golden Wing","player_choice":"Card Removal","floor":4.0,"gold_loss":0.0,"damage_taken":7.0},{"damage_healed":0.0,"max_hp_gain":0.0,"max_hp_loss":0.0,"gold_gain":275.0,"event_name":"Golden Shrine","player_choice":"Desecrate","floor":14.0,"gold_loss":0.0,"damage_taken":0.0,"cards_obtained":["Regret"]},{"damage_healed":0.0,"max_hp_gain":0.0,"max_hp_loss":0.0,"gold_gain":100.0,"event_name":"The Joust","player_choice":"Bet on Murderer","floor":24.0,"gold_loss":50.0,"damage_taken":0.0}],"is_beta":false,"boss_relics":[{"not_picked":["Philosopher\u0027s Stone","Snecko Eye"],"picked":"Fusion Hammer"},{"not_picked":["Pandora\u0027s Box","Astrolabe"],"picked":"Runic Pyramid"}],"items_purged_floors":[19,37,54],"is_endless":false,"potions_floor_spawned":[5,7,16,23,27,30,31,35,39,41,47],"killed_by":"Shield and Spear","ascension_level":20}