{"gold_per_floor":[117,117,130,130,130,456,473,473,473,473,555,228,228,256,256,358,358,373,390,390,290,300,300,331,331,331,331,343,343,343,369,369,471,471,488,507,484,503,572,572,591,591,591,640,652,652,652,669,669,669],"floor_reached":50,"playtime":1843,"items_purged":["Strike_R","Strike_R"],"score":511,"play_id":"c697c441-08a6-49f1-9d2a-725624db8e51","local_time":"20190313091959","is_ascension_mode":false,"campfire_choices":[{"floor":8,"key":"RECALL"},{"data":"Inflame","floor":10,"key":"SMITH"},{"data":"Disarm","floor":13,"key":"SMITH"},{"floor":15,"key":"REST"},{"data":"Searing Blow","floor":23,"key":"SMITH"},{"data":"Searing Blow+1","floor":25,"key":"SMITH"},{"data":"Searing Blow+2","floor":29,"key":"SMITH"},{"data":"Demon Form","floor":32,"key":"SMITH"},{"data":"Searing Blow+3","floor":40,"key":"SMITH"},{"data":"Searing Blow+4","floor":42,"key":"SMITH"},{"floor":46,"key":"REST"},{"floor":49,"key":"REST"}],"neow_cost":"NONE","seed_source_timestamp":164950721553941,"circlet_count":0,"master_deck":["Strike_R+1","Strike_R+1","Defend_R+1","Defend_R+1","Defend_R+1","Bash+1","Inflame+1","Disarm+1","Bludgeon","Body Slam+1","Searing Blow+5","Combust+1","Demon Form+1","Flame Barrier+1","Clash","Clash"],"relics":["Burning Blood","WingedGreaves","Old Coin","Dodecahedron","Mummified Hand","Bronze Scales","Busted Crown","Oddly Smooth Stone","Orichalcum","Pantograph","Dream Catcher","Letter Opener","Empty Cage","Meat on the Bone","Bottled Lightning","Champion Belt"],"potions_floor_usage":[6,16,16,24,33,38,45],"damage_taken":[{"damage":0,"enemies":"Small Slimes","floor":1,"turns":5},{"damage":0,"enemies":"2 Louse","floor":3,"turns":2},{"damage":27,"enemies":"Gremlin Nob","floor":6,"turns":4},{"damage":0,"enemies":"Cultist","floor":7,"turns":4},{"damage":23,"enemies":"3 Sentries","floor":14,"turns":9},{"damage":21,"enemies":"The Guardian","floor":16,"turns":12},{"damage":0,"enemies":"Chosen","floor":18,"turns":4},{"damage":6,"enemies":"3 Byrds","floor":19,"turns":3},{"damage":14,"enemies":"Sentry and Sphere","floor":22,"turns":4},{"damage":3,"enemies":"Gremlin Leader","floor":24,"turns":4},{"damage":3,"enemies":"Snake Plant","floor":28,"turns":3},{"damage":13,"enemies":"Slavers","floor":31,"turns":3},{"damage":39,"enemies":"Collector","floor":33,"turns":4},{"damage":8,"enemies":"Orb Walker","floor":35,"turns":3},{"damage":3,"enemies":"3 Darklings","floor":36,"turns":4},{"damage":4,"enemies":"Transient","floor":38,"turns":5},{"damage":3,"enemies":"Sphere and 2 Shapes","floor":41,"turns":5},{"damage":17,"enemies":"2 Orb Walkers","floor":44,"turns":4},{"damage":15,"enemies":"4 Shapes","floor":45,"turns":5},{"damage":25,"enemies":"Jaw Worm Horde","floor":48,"turns":4},{"damage":90,"enemies":"Donu and Deca","floor":50,"turns":6}],"seed_played":"5615301604611052416","potions_obtained":[{"floor":1,"key":"AttackPotion"},{"floor":7,"key":"Energy Potion"},{"floor":14,"key":"SpeedPotion"},{"floor":22,"key":"Explosive Potion"},{"floor":24,"key":"Ancient Potion"},{"floor":31,"key":"Strength Potion"},{"floor":35,"key":"Fire Potion"},{"floor":44,"key":"PowerPotion"},{"floor":48,"key":"Regen Potion"}],"is_trial":false,"path_per_floor":["M","?","M","?","?","E","M","R","T","R","T","$","R","E","R","B",null,"M","M","?","$","M","R","E","R","T","?","M","R","?","E","R","B",null,"M","M","$","M","T","R","M","R","T","?","M","R","?","M","R","B"],"character_chosen":"IRONCLAD","items_purchased":["Mummified Hand","Clash"],"campfire_rested":3,"item_purchase_floors":[12,37],"current_hp_per_floor":[80,64,70,67,67,46,52,52,52,52,52,52,52,35,59,44,80,80,80,80,80,72,72,75,75,75,75,78,78,78,71,71,47,80,78,80,80,80,80,80,80,80,80,69,60,80,80,61,80,0],"gold":669,"neow_bonus":"UPGRADE_CARD","is_prod":false,"is_daily":false,"chose_seed":false,"campfire_upgraded":8,"win_rate":0,"timestamp":1552479599,"path_taken":["M","?","M","?","?","E","M","R","T","R","?","$","R","E","R","BOSS","M","M","?","$","M","R","E","R","T","?","M","R","?","E","R","BOSS","M","M","$","M","?","R","M","R","T","?","M","R","?","?","R","BOSS"],"build_version":"2019-01-23","purchased_purges":2,"victory":false,"max_hp_per_floor":[80,80,80,80,80,80,80,80,80,80,80,80,80,80,80,80,80,80,80,80,80,80,80,80,80,80,80,80,80,80,80,80,80,80,80,80,80,80,80,80,80,80,80,80,80,80,80,80,80,80],"card_choices":[{"not_picked":["Entrench","Disarm"],"picked":"Inflame","floor":1},{"not_picked":["Fire Breathing","Pommel Strike","Warcry"],"picked":"SKIP","floor":3},{"not_picked":["Iron Wave","Power Through"],"picked":"Disarm","floor":6},{"not_picked":["Armaments","Hemokinesis","Pommel Strike"],"picked":"SKIP","floor":7},{"not_picked":["Sword Boomerang","Anger","Sentinel"],"picked":"SKIP","floor":14},{"not_picked":["Fiend Fire","Juggernaut"],"picked":"Bludgeon","floor":16},{"not_picked":[],"picked":"Body Slam+1","floor":18},{"not_picked":["Havoc"],"picked":"SKIP","floor":19},{"not_picked":[],"picked":"Searing Blow","floor":22},{"not_picked":["Burning Pact+1"],"picked":"SKIP","floor":24},{"not_picked":[],"picked":"Combust+1","floor":28},{"not_picked":[],"picked":"Demon Form","floor":31},{"not_picked":[],"picked":"Flame Barrier+1","floor":35},{"not_picked":["True Grit+1"],"picked":"SKIP","floor":36},{"not_picked":["Anger+1"],"picked":"SKIP","floor":38},{"not_picked":["Anger"],"picked":"SKIP","floor":41},{"not_picked":[],"picked":"Clash","floor":44},{"not_picked":["Armaments+1"],"picked":"SKIP","floor":45},{"not_picked":[],"picked":"Iron Wave+1","floor":46},{"not_picked":["Thunderclap"],"picked":"SKIP","floor":48}],"player_experience":504644,"relics_obtained":[{"floor":6,"key":"Old Coin"},{"floor":11,"key":"Dodecahedron"},{"floor":14,"key":"Bronze Scales"},{"floor":24,"key":"Orichalcum"},{"floor":26,"key":"Pantograph"},{"floor":31,"key":"Letter Opener"},{"floor":39,"key":"Meat on the Bone"},{"floor":43,"key":"Bottled Lightning"},{"floor":44,"key":"Champion Belt"}],"event_choices":[{"damage_healed":0,"gold_gain":0,"player_choice":"Entered Light","damage_taken":16,"max_hp_gain":0,"max_hp_loss":0,"event_name":"Shining Light","floor":2,"gold_loss":0,"cards_upgraded":["Defend_R","Defend_R"]},{"damage_healed":0,"gold_gain":0,"player_choice":"Success","damage_taken":3,"relics_obtained":["WingedGreaves"],"max_hp_gain":0,"max_hp_loss":0,"event_name":"Scrap Ooze","floor":4,"gold_loss":0},{"damage_healed":0,"gold_gain":0,"player_choice":"Ignored","damage_taken":0,"max_hp_gain":0,"max_hp_loss":0,"event_name":"Liars Game","floor":5,"gold_loss":0},{"damage_healed":0,"gold_gain":0,"player_choice":"Opened","damage_taken":0,"relics_obtained":["Oddly Smooth Stone"],"max_hp_gain":0,"max_hp_loss":0,"event_name":"The Mausoleum","floor":20,"gold_loss":0},{"damage_healed":0,"gold_gain":0,"player_choice":"Simplicity","damage_taken":0,"max_hp_gain":0,"max_hp_loss":0,"event_name":"Back to Basics","floor":27,"gold_loss":0,"cards_upgraded":["Strike_R","Strike_R","Strike_R","Defend_R","Defend_R"]},{"damage_healed":0,"gold_gain":0,"player_choice":"Gave Potion","damage_taken":0,"relics_obtained":["Dream Catcher"],"max_hp_gain":0,"max_hp_loss":0,"event_name":"WeMeetAgain","floor":30,"gold_loss":0},{"damage_healed":0,"gold_gain":0,"player_choice":"Fight","damage_taken":0,"max_hp_gain":0,"max_hp_loss":0,"event_name":"Mysterious Sphere","floor":44,"gold_loss":0},{"cards_removed":["Iron Wave"],"damage_healed":0,"gold_gain":0,"player_choice":"Removed Attack","damage_taken":0,"max_hp_gain":0,"max_hp_loss":0,"event_name":"Falling","floor":47,"gold_loss":0}],"is_beta":false,"boss_relics":[{"not_picked":["Fusion Hammer","Pandora\u0027s Box"],"picked":"Busted Crown"},{"not_picked":["Eternal Feather","Philosopher\u0027s Stone"],"picked":"Empty Cage"}],"items_purged_floors":[12,21],"is_endless":false,"potions_floor_spawned":[1,7,14,22,24,31,35,44,48],"killed_by":"Donu and Deca","ascension_level":0}