{"path_per_floor":["M","?","$","M","?","R","?","R","T","R","E","M","M","E","R","B",null,"M","$","M","?","M","E","M","R","T","M","?","R","M","M","R","B",null,"M","?","?","?","M","R","M","M","T"],"character_chosen":"IRONCLAD","items_purchased":["Flex","Headbutt","Panacea","Perfected Strike","Blood Vial"],"gold_per_floor":[111,111,9,19,19,19,19,19,93,93,128,139,158,187,187,286,286,298,7,21,21,34,64,78,78,105,124,124,124,136,152,152,250,250,262,0,0,53,65,65,76,86,157],"floor_reached":44,"campfire_rested":4,"playtime":4749,"current_hp_per_floor":[80,64,64,65,65,65,65,65,65,65,68,74,80,80,80,47,80,74,74,80,64,50,37,41,65,65,72,57,82,65,33,58,61,85,80,80,80,25,33,59,60,57,57],"items_purged":[],"gold":157,"play_id":"396db574-ee93-4ca4-b2d0-ee3a433bf515","is_prod":false,"is_daily":false,"campfire_rituals":0,"campfire_upgraded":4,"is_hardmode":false,"path_taken":["M","?","$","M","?","R","?","R","T","R","E","?","M","E","R","BOSS","M","$","M","?","M","E","M","R","T","?","?","R","?","M","R","BOSS","M","?","?","?","M","R","M","M","T","M"],"build_version":"2018-01-18-PROD4","purchased_purges":0,"victory":false,"master_deck":["Strike_R","Strike_R","Strike_R","Strike_R","Strike_R","Defend_R","Defend_R","Defend_R","Defend_R","Pommel Strike","Flex","Headbutt","Shrug It Off","Anger","Intimidate","Pummel","Rage","Demon Form","Iron Wave","Panacea","Perfected Strike","Body Slam","Disarm","Anger","Flex","Flex","Body Slam","Clothesline","Fiend Fire","Cleave","True Grit","Twin Strike","Shockwave","Headbutt"],"max_hp_per_floor":[80,80,80,80,80,80,80,80,80,80,80,80,80,80,80,80,80,80,80,80,80,80,80,80,80,80,80,85,85,85,85,85,85,85,88,88,88,88,88,88,88,88,88],"relics":["Black Blood","Ornamental Fan","War Paint","Shuriken","Blood Vial","Nilry\u0027s Codex","Magic Flower","Pen Nib","Sozu","Red Mask","Shovel","Bottled Flame"],"campfire_meditates":0,"card_choices":[{"not_picked":["Warcry","Clothesline"],"picked":"Pommel Strike"},{"not_picked":["Body Slam","Juggernaut"],"picked":"Shrug It Off"},{"not_picked":["Intimidate","Body Slam"],"picked":"Anger"},{"not_picked":["Iron Wave","Dropkick"],"picked":"Intimidate"},{"not_picked":["True Grit","Sword Boomerang"],"picked":"Pummel"},{"not_picked":["Burning Pact","Blood for Blood"],"picked":"Rage"},{"not_picked":["Offering","Reaper"],"picked":"Demon Form"},{"not_picked":["Power Through","Blood for Blood"],"picked":"Iron Wave"},{"not_picked":["Clothesline","Flex"],"picked":"Body Slam"},{"not_picked":["Limit Break","True Grit"],"picked":"Disarm"},{"not_picked":["Thunderclap","Dual Wield"],"picked":"Anger"},{"not_picked":["Shrug It Off","Disarm"],"picked":"Flex"},{"not_picked":["Cleave","Body Slam"],"picked":"Flex"},{"not_picked":["Sword Boomerang","Bloodletting"],"picked":"Body Slam"},{"not_picked":["Pommel Strike","True Grit"],"picked":"Clothesline"},{"not_picked":["Brutality","Offering"],"picked":"Fiend Fire"},{"not_picked":["Thunderclap","Rupture"],"picked":"Cleave"},{"not_picked":["Warcry","Clash"],"picked":"True Grit"},{"not_picked":["Rampage","Warcry"],"picked":"Twin Strike"},{"not_picked":["Cleave","Sword Boomerang"],"picked":"Shockwave"},{"not_picked":["Clothesline","Flex"],"picked":"Headbutt"}],"player_experience":19443,"potions_floor_usage":[],"damage_taken":[{"damage":0.0,"enemies":"Cultist","floor":1.0,"turns":3.0},{"damage":5.0,"enemies":"Small Slimes","floor":4.0,"turns":3.0},{"damage":3.0,"enemies":"3 Sentries","floor":11.0,"turns":8.0},{"damage":0.0,"enemies":"Blue Slaver","floor":12.0,"turns":3.0},{"damage":0.0,"enemies":"Large Slime","floor":13.0,"turns":4.0},{"damage":5.0,"enemies":"Gremlin Nob","floor":14.0,"turns":3.0},{"damage":39.0,"enemies":"Hexaghost","floor":16.0,"turns":7.0},{"damage":16.0,"enemies":"Spheric Guardian","floor":18.0,"turns":4.0},{"damage":2.0,"enemies":"3 Byrds","floor":20.0,"turns":6.0},{"damage":26.0,"enemies":"Snecko","floor":22.0,"turns":4.0},{"damage":25.0,"enemies":"Book of Stabbing","floor":23.0,"turns":7.0},{"damage":14.0,"enemies":"Centurion and Healer","floor":24.0,"turns":4.0},{"damage":11.0,"enemies":"3 Cultists","floor":27.0,"turns":6.0},{"damage":35.0,"enemies":"Chosen and Byrds","floor":30.0,"turns":7.0},{"damage":50.0,"enemies":"Sentry and Sphere","floor":31.0,"turns":7.0},{"damage":32.0,"enemies":"Champ","floor":33.0,"turns":14.0},{"damage":25.0,"enemies":"Orb Walker","floor":35.0,"turns":4.0},{"damage":73.0,"enemies":"Mysterious Sphere","floor":38.0,"turns":5.0},{"damage":10.0,"enemies":"3 Shapes","floor":39.0,"turns":3.0},{"damage":17,"enemies":"Maw","floor":41,"turns":7},{"damage":21,"enemies":"3 Darklings","floor":42,"turns":4}],"event_choices":[{"event_name":"Shining Light","player_choice":"Entered Light","floor":2.0,"damage_taken":0.0},{"event_name":"The Lab","player_choice":"Got Potions","floor":5.0,"damage_taken":0.0},{"event_name":"Purifier","player_choice":"One Purge","floor":7.0,"damage_taken":0.0},{"event_name":"Cursed Tome","player_choice":"Obtained Book","floor":21.0,"damage_taken":0.0},{"event_name":"Forgotten Altar","player_choice":"Shed Blood","floor":28.0,"damage_taken":0.0},{"event_name":"Tomb of Lord Red Mask","player_choice":"Paid","floor":36.0,"damage_taken":0.0},{"event_name":"Upgrade Shrine","player_choice":"Upgraded","floor":37.0,"damage_taken":0.0},{"event_name":"Mysterious Sphere","player_choice":"Fight","floor":38.0,"damage_taken":0.0}],"boss_relics":[],"potions_floor_spawned":[12,14,20,23,27,33,35,41],"seed_played":"-7679345690509385719","killed_by":"4 Shapes","is_trial":false}