{"gold_per_floor":[213,226,226,245,545,575,575,600,675,950,962,303,320,340,340,418,418,430,443,443,456,74,108,108,138,163,163],"floor_reached":27,"playtime":1519,"items_purged":["Regret","Strike_B"],"score":551,"play_id":"9090e606-301e-417f-a4ef-fa087340917a","local_time":"20190204010152","is_ascension_mode":true,"campfire_choices":[{"floor":7,"key":"REST"},{"data":"Mayhem","floor":15,"key":"SMITH"},{"data":"Fission","floor":24,"key":"SMITH"}],"neow_cost":"NONE","seed_source_timestamp":43930903934203,"circlet_count":0,"master_deck":["AscendersBane","Strike_B","Strike_B","Strike_B","Defend_B","Defend_B+1","Defend_B","Defend_B","Zap","Dualcast+1","Barrage","Steam","Glacier","Ball Lightning","Compile Driver","Sweeping Beam+1","Mayhem+1","Meteor Strike","Leap+1","White Noise+1","Turbo","Fission+1","Pain"],"relics":["Cracked Core","Old Coin","Dream Catcher","Blood Vial","Pantograph","Bag of Marbles","Toy Ornithopter","Cursed Key","Lee\u0027s Waffle","WingedGreaves","Bag of Preparation","Bronze Scales"],"potions_floor_usage":[6,8,16,25],"damage_taken":[{"damage":14,"enemies":"2 Louse","floor":1,"turns":3},{"damage":4,"enemies":"Jaw Worm","floor":2,"turns":4},{"damage":6,"enemies":"Cultist","floor":4,"turns":5},{"damage":7,"enemies":"Lagavulin","floor":6,"turns":9},{"damage":14,"enemies":"3 Sentries","floor":8,"turns":10},{"damage":10,"enemies":"Blue Slaver","floor":11,"turns":3},{"damage":0,"enemies":"Lots of Slimes","floor":13,"turns":1},{"damage":7,"enemies":"Exordium Wildlife","floor":14,"turns":4},{"damage":2,"enemies":"Hexaghost","floor":16,"turns":8},{"damage":20,"enemies":"2 Thieves","floor":18,"turns":4},{"damage":20,"enemies":"Chosen","floor":19,"turns":4},{"damage":18,"enemies":"Snake Plant","floor":21,"turns":6},{"damage":26,"enemies":"Gremlin Leader","floor":23,"turns":5},{"damage":49,"enemies":"Book of Stabbing","floor":25,"turns":6},{"damage":20,"enemies":"Gremlin Leader","floor":27,"turns":4}],"seed_played":"1322400651446005078","potions_obtained":[{"floor":1,"key":"SkillPotion"},{"floor":6,"key":"GamblersBrew"},{"floor":8,"key":"FocusPotion"},{"floor":19,"key":"Ancient Potion"},{"floor":21,"key":"Explosive Potion"}],"is_trial":false,"path_per_floor":["M","M","?","M","T","E","R","E","T","?","M","$","M","M","R","B",null,"M","M","?","M","$","E","R","E","T","E"],"character_chosen":"DEFECT","items_purchased":["Bag of Marbles","Toy Ornithopter","Mayhem","Lee\u0027s Waffle","Turbo"],"campfire_rested":1,"item_purchase_floors":[12,12,12,22,22],"current_hp_per_floor":[50,46,25,19,19,12,33,19,19,19,11,11,13,8,8,38,63,45,27,27,11,78,52,52,10,10,0],"gold":163,"neow_bonus":"HUNDRED_GOLD","is_prod":false,"is_daily":false,"chose_seed":false,"campfire_upgraded":2,"win_rate":0,"timestamp":1549238512,"path_taken":["M","M","?","M","?","E","R","E","T","?","M","$","?","M","R","BOSS","M","M","?","?","$","E","R","E","T","E"],"build_version":"2019-01-23","purchased_purges":2,"victory":false,"max_hp_per_floor":[71,71,71,71,71,71,71,71,71,71,71,71,71,71,71,71,71,71,71,71,71,78,78,78,78,78,78],"card_choices":[{"not_picked":["Fusion","Stack"],"picked":"Barrage","floor":1},{"not_picked":["Storm","Turbo"],"picked":"Steam","floor":2},{"not_picked":["Hello World","Self Repair"],"picked":"Glacier","floor":4},{"not_picked":["Tempest","Force Field"],"picked":"Ball Lightning","floor":6},{"not_picked":["Reprogram","Reinforced Body"],"picked":"Compile Driver","floor":7},{"not_picked":["Stack","Leap"],"picked":"Sweeping Beam","floor":8},{"not_picked":["Gash","Rebound","Barrage"],"picked":"SKIP","floor":11},{"not_picked":["Turbo","Streamline","Thunder Strike"],"picked":"SKIP","floor":13},{"not_picked":["Stack","Sweeping Beam","Conserve Battery"],"picked":"SKIP","floor":14},{"not_picked":["Hyperbeam","Fission"],"picked":"Meteor Strike","floor":16},{"not_picked":["Cold Snap","Redo"],"picked":"Leap+1","floor":18},{"not_picked":["Gash","Sweeping Beam"],"picked":"White Noise+1","floor":19},{"not_picked":["Barrage","Streamline","Cold Snap"],"picked":"SKIP","floor":21},{"not_picked":["Seek","Leap"],"picked":"Fission","floor":23},{"not_picked":["Turbo","Stack","Go for the Eyes"],"picked":"SKIP","floor":25}],"player_experience":884859,"relics_obtained":[{"floor":5,"key":"Old Coin"},{"floor":6,"key":"Dream Catcher"},{"floor":8,"key":"Blood Vial"},{"floor":9,"key":"Pantograph"},{"floor":23,"key":"WingedGreaves"},{"floor":25,"key":"Bag of Preparation"},{"floor":26,"key":"Bronze Scales"}],"event_choices":[{"damage_healed":0,"gold_gain":0,"player_choice":"Entered Light","damage_taken":21,"max_hp_gain":0,"max_hp_loss":0,"event_name":"Shining Light","floor":3,"gold_loss":0,"cards_upgraded":["Defend_B","Dualcast"]},{"damage_healed":0,"gold_gain":275,"player_choice":"Desecrate","damage_taken":0,"max_hp_gain":0,"max_hp_loss":0,"event_name":"Golden Shrine","floor":10,"gold_loss":0,"cards_obtained":["Regret"]},{"damage_healed":0,"gold_gain":0,"player_choice":"Forge","damage_taken":0,"max_hp_gain":0,"max_hp_loss":0,"event_name":"Accursed Blacksmith","floor":20,"gold_loss":0,"cards_upgraded":["Sweeping Beam"]}],"is_beta":false,"boss_relics":[{"not_picked":["Eternal Feather","Calling Bell"],"picked":"Cursed Key"}],"items_purged_floors":[12,22],"is_endless":false,"potions_floor_spawned":[1,6,8,19,21],"killed_by":"Gremlin Leader","ascension_level":20}