{"gold_per_floor":[213,156,176,176,16,54,54,54,54,54,89,37,37,112,112,112],"floor_reached":16,"playtime":519,"items_purged":[],"score":208,"play_id":"398a455d-6790-47c9-8cd7-0700d21dc5d6","local_time":"20190415202203","is_ascension_mode":true,"campfire_choices":[{"data":"Bash","floor":7,"key":"SMITH"},{"data":"Flame Barrier","floor":10,"key":"SMITH"},{"data":"Anger","floor":13,"key":"SMITH"},{"data":"Iron Wave","floor":15,"key":"SMITH"}],"neow_cost":"NONE","seed_source_timestamp":26327900488895,"circlet_count":0,"master_deck":["AscendersBane","Strike_R","Strike_R","Strike_R","Strike_R","Defend_R","Defend_R","Defend_R","Defend_R","Bash+1","Headbutt","Armaments","Flame Barrier+1","Iron Wave+1","Anger+1"],"relics":["Burning Blood","Golden Idol","Oddly Smooth Stone","Juzu Bracelet","WingedGreaves","Bag of Marbles"],"potions_floor_usage":[6,6,16],"damage_taken":[{"damage":7,"enemies":"Cultist","floor":1,"turns":4},{"damage":9,"enemies":"Jaw Worm","floor":3,"turns":5},{"damage":30,"enemies":"Gremlin Nob","floor":6,"turns":4},{"damage":28,"enemies":"Lagavulin","floor":11,"turns":7},{"damage":25,"enemies":"Hexaghost","floor":16,"turns":8}],"seed_played":"-3680571331238194914","potions_obtained":[{"floor":3,"key":"PowerPotion"},{"floor":11,"key":"Regen Potion"}],"is_trial":false,"path_per_floor":["M","$","M","?","$","E","R","?","T","R","E","$","R","?","R","B"],"character_chosen":"IRONCLAD","items_purchased":["Fire Potion","Oddly Smooth Stone","Anger"],"campfire_rested":0,"item_purchase_floors":[2,5,12],"current_hp_per_floor":[67,67,64,64,64,40,40,40,40,40,18,18,18,7,7,0],"gold":112,"neow_bonus":"HUNDRED_GOLD","is_prod":false,"is_daily":false,"chose_seed":false,"campfire_upgraded":4,"win_rate":0,"timestamp":1555352523,"path_taken":["M","?","M","?","$","E","R","?","T","R","E","?","R","?","R","BOSS"],"build_version":"2019-01-23","purchased_purges":0,"victory":false,"max_hp_per_floor":[75,75,75,68,68,68,68,68,68,68,68,68,68,68,68,68],"card_choices":[{"not_picked":["Thunderclap","Iron Wave"],"picked":"Headbutt","floor":1},{"not_picked":["Heavy Blade","Ghostly Armor"],"picked":"Armaments","floor":3},{"not_picked":["Corruption","Evolve"],"picked":"Flame Barrier","floor":6},{"not_picked":["Sentinel","Reckless Charge"],"picked":"Iron Wave","floor":11}],"player_experience":1138406,"relics_obtained":[{"floor":6,"key":"Juzu Bracelet"},{"floor":9,"key":"WingedGreaves"},{"floor":11,"key":"Bag of Marbles"}],"event_choices":[{"damage_healed":0,"gold_gain":0,"player_choice":"Lose Max HP","damage_taken":0,"relics_obtained":["Golden Idol"],"max_hp_gain":0,"max_hp_loss":7,"event_name":"Golden Idol","floor":4,"gold_loss":0},{"cards_removed":["Strike_R"],"damage_healed":0,"gold_gain":0,"player_choice":"Card Removal","damage_taken":0,"max_hp_gain":0,"max_hp_loss":0,"event_name":"Wheel of Change","floor":8,"gold_loss":0},{"damage_healed":0,"gold_gain":75,"player_choice":"Gather Gold","damage_taken":11,"max_hp_gain":0,"max_hp_loss":0,"event_name":"World of Goop","floor":14,"gold_loss":0}],"is_beta":false,"boss_relics":[],"items_purged_floors":[],"is_endless":false,"potions_floor_spawned":[3,11],"killed_by":"Hexaghost","ascension_level":20}