{"gold_per_floor":[119,133,133,83,83,83,101,111,111,128,138,155,155,170,170,275,275,286,376,391,403,403,403,416,432,432,432,444,459,119,119,119,119],"floor_reached":33,"playtime":1350,"items_purged":["Strike_G"],"score":245,"play_id":"fb899339-228b-49e2-a895-77ba27730be0","local_time":"20190607232246","is_ascension_mode":false,"campfire_choices":[{"data":"Neutralize","floor":6.0,"key":"SMITH"},{"data":"Cloak And Dagger","floor":13.0,"key":"SMITH"},{"data":"Bouncing Flask","floor":15.0,"key":"SMITH"},{"floor":23.0,"key":"REST"},{"floor":32,"key":"REST"}],"neow_cost":"NONE","seed_source_timestamp":1306391147769500,"circlet_count":0,"master_deck":["Defend_G","Defend_G","Defend_G","Strike_G","Strike_G","Strike_G","Strike_G","Survivor","Neutralize+1","Backflip","Cloak And Dagger+1","Blur","PiercingWail","Backstab","Bouncing Flask+1","Blade Dance","Adrenaline","Envenom","Bane+1","Prepared","Deadly Poison+1","Dagger Spray","Escape Plan","Blur","Terror","Flying Knee","Quick Slash","HandOfGreed"],"special_seed":0,"relics":["WristBlade"],"potions_floor_usage":[33,33],"damage_taken":[{"damage":0.0,"enemies":"Jaw Worm","floor":1.0,"turns":6.0},{"damage":0.0,"enemies":"2 Louse","floor":2.0,"turns":3.0},{"damage":1.0,"enemies":"Cultist","floor":7.0,"turns":4.0},{"damage":3.0,"enemies":"Large Slime","floor":8.0,"turns":7.0},{"damage":0.0,"enemies":"Gremlin Gang","floor":10.0,"turns":3.0},{"damage":0.0,"enemies":"3 Louse","floor":11.0,"turns":3.0},{"damage":0.0,"enemies":"Blue Slaver","floor":12.0,"turns":3.0},{"damage":5.0,"enemies":"Lots of Slimes","floor":14.0,"turns":3.0},{"damage":52.0,"enemies":"Slime Boss","floor":16.0,"turns":15.0},{"damage":10.0,"enemies":"Chosen","floor":18.0,"turns":4.0},{"damage":0.0,"enemies":"Spheric Guardian","floor":20.0,"turns":3.0},{"damage":8.0,"enemies":"Shelled Parasite and Fungi","floor":21.0,"turns":5.0},{"damage":10.0,"enemies":"Cultist and Chosen","floor":24.0,"turns":5.0},{"damage":12.0,"enemies":"Chosen and Byrds","floor":25.0,"turns":5.0},{"damage":0,"enemies":"Snake Plant","floor":28,"turns":3},{"damage":8,"enemies":"Shelled Parasite and Fungi","floor":29,"turns":8},{"damage":67,"enemies":"Collector","floor":33,"turns":7}],"seed_played":"-9100931955049000143","potions_obtained":[{"floor":1.0,"key":"Explosive Potion"},{"floor":7.0,"key":"Ancient Potion"},{"floor":10.0,"key":"Dexterity Potion"},{"floor":16.0,"key":"Energy Potion"},{"floor":20.0,"key":"FearPotion"}],"is_trial":false,"path_per_floor":["M","M","?","?","?","R","M","M","T","M","M","M","R","M","R","B",null,"M","?","M","M","?","R","M","M","T","?","M","M","$","T","R","B"],"character_chosen":"THE_SILENT","items_purchased":["Flying Knee","Quick Slash","HandOfGreed"],"campfire_rested":2,"item_purchase_floors":[30,30,30],"current_hp_per_floor":[70,70,63,63,63,63,62,59,59,59,59,59,59,54,54,2,70,60,46,46,38,25,47,37,25,25,25,25,17,17,17,39,0],"gold":119,"neow_bonus":"BOSS_RELIC","is_prod":false,"is_daily":false,"chose_seed":false,"campfire_upgraded":3,"win_rate":0,"timestamp":1559964166,"path_taken":["M","M","?","?","?","R","M","?","T","M","M","M","R","M","R","BOSS","M","?","?","M","?","R","M","M","T","?","M","M","$","?","R","BOSS"],"build_version":"2019-01-23","purchased_purges":1,"victory":false,"max_hp_per_floor":[70,70,70,70,70,70,70,70,70,70,70,70,70,70,70,70,70,70,70,70,70,75,75,75,75,75,75,75,75,75,75,75,75],"card_choices":[{"not_picked":["Flechettes","Eviscerate"],"picked":"Backflip","floor":1.0},{"not_picked":["Acrobatics","Deadly Poison"],"picked":"Cloak And Dagger","floor":2.0},{"not_picked":["Acrobatics","Eviscerate"],"picked":"Blur","floor":7.0},{"not_picked":["Deadly Poison","Calculated Gamble"],"picked":"PiercingWail","floor":8.0},{"not_picked":["PiercingWail","Underhanded Strike"],"picked":"Backstab","floor":10.0},{"not_picked":["Prepared","Backflip"],"picked":"Bouncing Flask","floor":11.0},{"not_picked":["Underhanded Strike","Dodge and Roll"],"picked":"Blade Dance","floor":12.0},{"not_picked":["PiercingWail","Dagger Throw"],"picked":"Adrenaline","floor":14.0},{"not_picked":["Grand Finale","Malaise"],"picked":"Envenom","floor":16.0},{"not_picked":["Prepared+1","Quick Slash"],"picked":"Bane+1","floor":18.0},{"not_picked":["Underhanded Strike","Deadly Poison"],"picked":"Prepared","floor":20.0},{"not_picked":["Endless Agony","Well Laid Plans"],"picked":"Deadly Poison+1","floor":21.0},{"not_picked":["Grand Finale","Acrobatics"],"picked":"Dagger Spray","floor":24.0},{"not_picked":["Distraction","Blade Dance"],"picked":"Escape Plan","floor":25.0},{"not_picked":["Catalyst","Acrobatics"],"picked":"Blur","floor":28},{"not_picked":["Choke","Catalyst"],"picked":"Terror","floor":29}],"player_experience":664536,"relics_obtained":[],"event_choices":[{"cards_removed":["Defend_G"],"damage_healed":0.0,"max_hp_gain":0.0,"max_hp_loss":0.0,"gold_gain":0.0,"event_name":"Golden Wing","player_choice":"Card Removal","floor":3.0,"gold_loss":0.0,"damage_taken":7.0},{"cards_removed":["Defend_G"],"damage_healed":0.0,"max_hp_gain":0.0,"max_hp_loss":0.0,"gold_gain":0.0,"event_name":"The Cleric","player_choice":"Card Removal","floor":4.0,"gold_loss":50.0,"damage_taken":0.0},{"damage_healed":0.0,"max_hp_gain":0.0,"max_hp_loss":0.0,"gold_gain":0.0,"event_name":"WeMeetAgain","player_choice":"Ignored","floor":5.0,"gold_loss":0.0,"damage_taken":0.0},{"damage_healed":0.0,"max_hp_gain":0.0,"max_hp_loss":0.0,"gold_gain":90.0,"event_name":"Knowing Skull","player_choice":"GOLD ","floor":19.0,"potions_obtained":[],"gold_loss":0.0,"damage_taken":14.0,"cards_obtained":[]},{"damage_healed":0.0,"max_hp_gain":5.0,"max_hp_loss":0.0,"gold_gain":0.0,"event_name":"Forgotten Altar","player_choice":"Shed Blood","floor":22.0,"gold_loss":0.0,"damage_taken":18.0},{"damage_healed":0,"gold_gain":0,"player_choice":"Ignored","damage_taken":0,"max_hp_gain":0,"max_hp_loss":0,"event_name":"Cursed Tome","floor":27,"gold_loss":0}],"is_beta":false,"boss_relics":[{"not_picked":["Velvet Choker","Pandora\u0027s Box","Philosopher\u0027s Stone"]}],"items_purged_floors":[30],"is_endless":false,"potions_floor_spawned":[1,7,10,16,18,20,29],"killed_by":"Collector","ascension_level":0}