{"gold_per_floor":[16,35,185,110,130,130,163,88,88,88,88,103,134,146,146,220,220,220,233,253,4,54,54],"floor_reached":23,"playtime":1062,"items_purged":["Strike_R"],"score":402,"play_id":"865a5785-b805-460f-ba3c-e114692d9b57","local_time":"20190326202951","is_ascension_mode":true,"campfire_choices":[{"data":"Bash","floor":6,"key":"SMITH"},{"data":"Clothesline","floor":10,"key":"SMITH"},{"data":"Sword Boomerang","floor":15,"key":"SMITH"}],"neow_cost":"NO_GOLD","seed_source_timestamp":28958933771250,"circlet_count":0,"master_deck":["AscendersBane","Strike_R","Strike_R","Strike_R","Defend_R","Defend_R","Defend_R","Defend_R","Bash+1","Battle Trance","Sword Boomerang+1","Reaper","Clothesline+1","Iron Wave","Combust","Immolate","Headbutt","Pommel Strike"],"relics":["Burning Blood","Du-Vu Doll","Mercury Hourglass","Kunai","The Courier","Busted Crown","Meat on the Bone"],"potions_floor_usage":[13,18,23],"damage_taken":[{"damage":7,"enemies":"2 Louse","floor":1,"turns":4},{"damage":4,"enemies":"Jaw Worm","floor":2,"turns":5},{"damage":0,"enemies":"Cultist","floor":5,"turns":4},{"damage":35,"enemies":"Lagavulin","floor":7,"turns":6},{"damage":34,"enemies":"Exordium Thugs","floor":12,"turns":4},{"damage":6,"enemies":"Gremlin Nob","floor":13,"turns":3},{"damage":9,"enemies":"2 Fungi Beasts","floor":14,"turns":3},{"damage":25,"enemies":"The Guardian","floor":16,"turns":12},{"damage":0,"enemies":"Shell Parasite","floor":18,"turns":1},{"damage":20,"enemies":"Spheric Guardian","floor":19,"turns":4},{"damage":32,"enemies":"Cultist and Chosen","floor":20,"turns":4},{"damage":40,"enemies":"Book of Stabbing","floor":23,"turns":3}],"seed_played":"8536391260671428253","potions_obtained":[{"floor":2,"key":"Weak Potion"},{"floor":12,"key":"Poison Potion"},{"floor":13,"key":"SmokeBomb"},{"floor":19,"key":"LiquidBronze"},{"floor":20,"key":"Dexterity Potion"}],"is_trial":false,"path_per_floor":["M","M","?","?","M","R","E","$","T","R","?","M","E","M","R","B",null,"M","M","M","$","?","E"],"character_chosen":"IRONCLAD","items_purchased":["Meat on the Bone","Pommel Strike"],"campfire_rested":0,"item_purchase_floors":[21,21],"current_hp_per_floor":[67,69,69,69,75,75,50,50,50,50,43,20,27,34,34,20,61,67,53,27,27,27,0],"gold":54,"neow_bonus":"ONE_RARE_RELIC","is_prod":false,"is_daily":false,"chose_seed":false,"campfire_upgraded":3,"win_rate":0,"timestamp":1553628591,"path_taken":["M","M","?","?","M","R","E","$","T","R","?","M","E","M","R","BOSS","M","M","M","$","?","E"],"build_version":"2019-01-23","purchased_purges":1,"victory":false,"max_hp_per_floor":[75,75,75,75,75,75,75,75,75,75,75,75,75,75,75,75,75,75,75,75,75,75,75],"card_choices":[{"not_picked":["Iron Wave","Heavy Blade"],"picked":"Battle Trance","floor":1},{"not_picked":["Wild Strike","Cleave"],"picked":"Sword Boomerang","floor":2},{"not_picked":["Blood for Blood","Searing Blow"],"picked":"Reaper","floor":5},{"not_picked":["Reckless Charge","Dropkick"],"picked":"Clothesline","floor":7},{"not_picked":["Heavy Blade","Blood for Blood"],"picked":"Iron Wave","floor":12},{"not_picked":["Hemokinesis","Clothesline","Twin Strike"],"picked":"SKIP","floor":13},{"not_picked":["Heavy Blade","Seeing Red"],"picked":"Combust","floor":14},{"not_picked":["Offering","Reaper"],"picked":"Immolate","floor":16},{"not_picked":["Sever Soul"],"picked":"SKIP","floor":19},{"not_picked":[],"picked":"Headbutt","floor":20}],"player_experience":1052396,"relics_obtained":[{"floor":7,"key":"Mercury Hourglass"},{"floor":9,"key":"Kunai"},{"floor":13,"key":"The Courier"}],"event_choices":[{"damage_healed":0,"gold_gain":150,"player_choice":"AGREE","damage_taken":0,"max_hp_gain":0,"max_hp_loss":0,"event_name":"Liars Game","floor":3,"gold_loss":0,"cards_obtained":["Doubt"]},{"cards_removed":["Doubt"],"damage_healed":0,"gold_gain":0,"player_choice":"Card Removal","damage_taken":0,"max_hp_gain":0,"max_hp_loss":0,"event_name":"The Cleric","floor":4,"gold_loss":75},{"cards_removed":["Strike_R"],"damage_healed":0,"gold_gain":0,"player_choice":"Card Removal","damage_taken":7,"max_hp_gain":0,"max_hp_loss":0,"event_name":"Golden Wing","floor":11,"gold_loss":0},{"damage_healed":0,"gold_gain":50,"player_choice":"Stole From Cult","damage_taken":0,"max_hp_gain":0,"max_hp_loss":0,"event_name":"Nest","floor":22,"gold_loss":0}],"is_beta":false,"boss_relics":[{"not_picked":["Runic Cube","White Beast Statue"],"picked":"Busted Crown"}],"items_purged_floors":[8],"is_endless":false,"potions_floor_spawned":[2,12,13,19,20],"killed_by":"Book of Stabbing","ascension_level":20}