{"gold_per_floor":[364,364,379,379,48,48,68,1,27,27,27,27,42,70,70,175,175,191,44,61,80,80,100,100,112,159,159],"floor_reached":27,"playtime":887,"items_purged":["Strike_R"],"score":238,"play_id":"af6eb838-304f-41d7-924c-c7c09e3a9364","local_time":"20190313113311","is_ascension_mode":false,"campfire_choices":[{"data":"Apotheosis","floor":6,"key":"SMITH"},{"data":"Rampage","floor":10,"key":"SMITH"},{"floor":12,"key":"REST"},{"data":"Entrench","floor":15,"key":"SMITH"},{"floor":24,"key":"RECALL"}],"neow_cost":"PERCENT_DAMAGE","seed_source_timestamp":173896933050545,"circlet_count":0,"master_deck":["Strike_R+1","Strike_R+1","Strike_R","Defend_R","Defend_R","Defend_R","Defend_R","Bash","Rampage+1","Apotheosis+1","Inflame","Inflame","Entrench+1","Feed","Ghostly Armor","Intimidate"],"relics":["Black Blood","Bag of Preparation","Kunai","Ornamental Fan","Bag of Marbles","MutagenicStrength","Strawberry"],"potions_floor_usage":[14,20],"damage_taken":[{"damage":8,"enemies":"Cultist","floor":1,"turns":5},{"damage":1,"enemies":"Jaw Worm","floor":3,"turns":3},{"damage":0,"enemies":"2 Louse","floor":7,"turns":3},{"damage":0,"enemies":"Large Slime","floor":13,"turns":5},{"damage":9,"enemies":"Gremlin Nob","floor":14,"turns":4},{"damage":10,"enemies":"Slime Boss","floor":16,"turns":7},{"damage":40,"enemies":"2 Thieves","floor":18,"turns":5},{"damage":6,"enemies":"Spheric Guardian","floor":20,"turns":4},{"damage":17,"enemies":"Shelled Parasite and Fungi","floor":21,"turns":11},{"damage":15,"enemies":"Snecko","floor":23,"turns":4},{"damage":31,"enemies":"Centurion and Healer","floor":25,"turns":7},{"damage":45,"enemies":"Book of Stabbing","floor":27,"turns":5}],"seed_played":"-4359770989784062949","potions_obtained":[{"floor":1,"key":"Energy Potion"},{"floor":3,"key":"Poison Potion"},{"floor":14,"key":"Ancient Potion"},{"floor":20,"key":"SteroidPotion"},{"floor":23,"key":"Poison Potion"}],"is_trial":false,"path_per_floor":["M","?","M","?","$","R","M","$","T","R","T","R","M","E","R","B",null,"M","$","M","M","?","M","R","M","T","E"],"character_chosen":"IRONCLAD","items_purchased":["Apotheosis","Inflame","Inflame","Bag of Marbles"],"campfire_rested":1,"item_purchase_floors":[5,5,8,19],"current_hp_per_floor":[54,47,52,36,36,36,42,42,42,42,42,66,72,69,69,65,80,54,54,62,59,59,54,54,37,44,0],"gold":159,"neow_bonus":"TWO_FIFTY_GOLD","is_prod":false,"is_daily":false,"chose_seed":false,"campfire_upgraded":3,"win_rate":0,"timestamp":1552487591,"path_taken":["M","?","M","?","$","R","?","?","T","R","?","R","M","E","R","BOSS","M","$","M","M","?","M","R","M","T","E"],"build_version":"2019-01-23","purchased_purges":1,"victory":false,"max_hp_per_floor":[80,80,80,80,80,80,80,80,80,80,80,80,80,80,80,80,80,84,84,88,92,92,92,92,96,103,103],"card_choices":[{"not_picked":["Flex","Seeing Red"],"picked":"Rampage","floor":1},{"not_picked":["Body Slam","Sword Boomerang","Havoc"],"picked":"SKIP","floor":3},{"not_picked":["Blood for Blood","Havoc","Body Slam"],"picked":"SKIP","floor":7},{"not_picked":["Rupture","Dark Embrace","Power Through"],"picked":"SKIP","floor":13},{"not_picked":["Cleave","Perfected Strike"],"picked":"Entrench","floor":14},{"not_picked":["Double Tap","Limit Break"],"picked":"Feed","floor":16},{"not_picked":["Anger","Whirlwind","Combust+1"],"picked":"SKIP","floor":18},{"not_picked":["Iron Wave","Havoc"],"picked":"Ghostly Armor","floor":20},{"not_picked":["Power Through","Burning Pact","Sever Soul"],"picked":"SKIP","floor":21},{"not_picked":["Sword Boomerang","Thunderclap","Hemokinesis+1"],"picked":"SKIP","floor":23},{"not_picked":["Blood for Blood","Power Through"],"picked":"Intimidate","floor":25}],"player_experience":506487,"relics_obtained":[{"floor":9,"key":"Bag of Preparation"},{"floor":11,"key":"Kunai"},{"floor":14,"key":"Ornamental Fan"},{"floor":26,"key":"Strawberry"}],"event_choices":[{"cards_removed":["Strike_R"],"damage_healed":0,"gold_gain":0,"player_choice":"Card Removal","damage_taken":7,"max_hp_gain":0,"max_hp_loss":0,"event_name":"Golden Wing","floor":2,"gold_loss":0},{"damage_healed":0,"gold_gain":0,"player_choice":"Entered Light","damage_taken":16,"max_hp_gain":0,"max_hp_loss":0,"event_name":"Shining Light","floor":4,"gold_loss":0,"cards_upgraded":["Strike_R","Strike_R"]},{"damage_healed":0,"gold_gain":0,"player_choice":"Inject Mutagens","damage_taken":0,"relics_obtained":["MutagenicStrength"],"max_hp_gain":0,"max_hp_loss":0,"event_name":"Drug Dealer","floor":22,"gold_loss":0}],"is_beta":false,"boss_relics":[{"not_picked":["Snecko Eye","Eternal Feather"],"picked":"Black Blood"}],"items_purged_floors":[5],"is_endless":false,"potions_floor_spawned":[1,3,14,20,23],"killed_by":"Book of Stabbing","ascension_level":0}