{"gold_per_floor":[115,130,130,141,152,152,167,184,261,55,69,84,84,99,99,198,198,217,217,232,244,244,244,258,258,328,339,350,350],"floor_reached":29,"playtime":1258,"items_purged":["Strike_G"],"score":225,"play_id":"d982ac37-3b8d-4cf8-a635-0c455634ba01","local_time":"20190608181828","is_ascension_mode":false,"campfire_choices":[{"data":"Terror","floor":6,"key":"SMITH"},{"data":"Footwork","floor":13,"key":"SMITH"},{"data":"Neutralize","floor":15,"key":"SMITH"},{"data":"Phantasmal Killer","floor":23,"key":"SMITH"},{"floor":25,"key":"REST"}],"neow_cost":"NONE","seed_source_timestamp":1374648281052700,"circlet_count":0,"master_deck":["Defend_G","Defend_G","Defend_G","Defend_G","Strike_G","Strike_G","Survivor","Neutralize+1","Dagger Spray+1","Doppelganger+1","Blade Dance+1","Terror+1","Quick Slash","Bane","Footwork+1","Flying Knee","Sucker Punch","Accuracy","Cloak And Dagger","Poisoned Stab","Backflip","Dodge and Roll","Phantasmal Killer+1","Caltrops","Crippling Poison","Backstab","Skewer","Deadly Poison","Prepared+1"],"relics":["Astrolabe"],"potions_floor_usage":[],"damage_taken":[{"damage":0,"enemies":"Jaw Worm","floor":1,"turns":4},{"damage":0,"enemies":"2 Louse","floor":2,"turns":3},{"damage":5,"enemies":"Small Slimes","floor":4,"turns":3},{"damage":0,"enemies":"2 Fungi Beasts","floor":5,"turns":2},{"damage":0,"enemies":"Large Slime","floor":7,"turns":6},{"damage":9,"enemies":"Exordium Wildlife","floor":8,"turns":3},{"damage":11,"enemies":"Gremlin Gang","floor":11,"turns":4},{"damage":16,"enemies":"Large Slime","floor":12,"turns":3},{"damage":11,"enemies":"Exordium Wildlife","floor":14,"turns":3},{"damage":2,"enemies":"Hexaghost","floor":16,"turns":9},{"damage":2,"enemies":"Shell Parasite","floor":18,"turns":5},{"damage":0,"enemies":"Chosen","floor":20,"turns":6},{"damage":15,"enemies":"Snake Plant","floor":21,"turns":6},{"damage":28,"enemies":"Centurion and Healer","floor":24,"turns":7},{"damage":16,"enemies":"Shelled Parasite and Fungi","floor":27,"turns":8},{"damage":14,"enemies":"Snake Plant","floor":28,"turns":5},{"damage":4,"enemies":"3 Cultists","floor":29,"turns":3}],"seed_played":"-1887747122091712011","potions_obtained":[{"floor":1,"key":"PowerPotion"},{"floor":8,"key":"GamblersBrew"},{"floor":12,"key":"Poison Potion"},{"floor":14,"key":"SteroidPotion"},{"floor":24,"key":"Swift Potion"}],"is_trial":false,"path_per_floor":["M","M","?","M","M","R","M","M","T","$","M","M","R","M","R","B",null,"M","?","M","M","?","R","M","R","T","M","M","M"],"character_chosen":"THE_SILENT","items_purchased":["Accuracy","Cloak And Dagger"],"campfire_rested":1,"item_purchase_floors":[10,10],"current_hp_per_floor":[70,70,75,70,70,70,70,61,61,61,50,34,34,23,23,21,75,73,59,59,44,44,44,16,40,40,24,10,6],"gold":350,"neow_bonus":"BOSS_RELIC","is_prod":false,"is_daily":false,"chose_seed":false,"campfire_upgraded":4,"win_rate":0,"timestamp":1560032308,"path_taken":["M","M","?","M","M","R","M","M","T","$","M","M","R","M","R","BOSS","M","?","M","M","?","R","M","R","T","M","M","M"],"build_version":"2019-01-23","purchased_purges":1,"victory":false,"max_hp_per_floor":[70,70,75,75,75,75,75,75,75,75,75,75,75,75,75,75,75,75,80,80,80,80,80,80,80,80,80,80,80],"card_choices":[{"not_picked":["Dagger Spray","Dagger Throw"],"picked":"Terror","floor":1},{"not_picked":["Endless Agony","Catalyst"],"picked":"Quick Slash","floor":2},{"not_picked":["Calculated Gamble","Prepared"],"picked":"Bane","floor":4},{"not_picked":["Flying Knee","Poisoned Stab"],"picked":"Footwork","floor":5},{"not_picked":["Endless Agony","Outmaneuver"],"picked":"Flying Knee","floor":7},{"not_picked":["Venomology","Slice"],"picked":"Sucker Punch","floor":8},{"not_picked":["Eviscerate","Distraction"],"picked":"Poisoned Stab","floor":11},{"not_picked":["Poisoned Stab","Outmaneuver"],"picked":"Backflip","floor":12},{"not_picked":["Poisoned Stab","Bane"],"picked":"Dodge and Roll","floor":14},{"not_picked":["Grand Finale","Doppelganger"],"picked":"Phantasmal Killer","floor":16},{"not_picked":["Blade Dance","PiercingWail"],"picked":"Caltrops","floor":18},{"not_picked":["Poisoned Stab","Dodge and Roll"],"picked":"Crippling Poison","floor":20},{"not_picked":["Catalyst+1","Concentrate"],"picked":"Backstab","floor":21},{"not_picked":["Outmaneuver","Poisoned Stab+1"],"picked":"Skewer","floor":24},{"not_picked":["Blade Dance","Endless Agony"],"picked":"Deadly Poison","floor":27},{"not_picked":["Predator","Bane"],"picked":"Prepared+1","floor":28}],"player_experience":668928,"relics_obtained":[],"event_choices":[{"damage_healed":0,"gold_gain":0,"player_choice":"Donut","damage_taken":0,"max_hp_gain":5,"max_hp_loss":0,"event_name":"Big Fish","floor":3,"gold_loss":0},{"damage_healed":0,"gold_gain":0,"player_choice":"Shed Blood","damage_taken":19,"max_hp_gain":5,"max_hp_loss":0,"event_name":"Forgotten Altar","floor":19,"gold_loss":0},{"damage_healed":0,"gold_gain":0,"player_choice":"Ignored","damage_taken":0,"max_hp_gain":0,"max_hp_loss":0,"event_name":"Cursed Tome","floor":22,"gold_loss":0}],"is_beta":false,"boss_relics":[{"not_picked":[]}],"items_purged_floors":[10],"is_endless":false,"potions_floor_spawned":[1,8,12,14,20,24],"killed_by":"3 Cultists","ascension_level":0}