{"gold_per_floor":[13,13,13,33,58,58,75,38,38,71,71,100,111,126,126,203,203,217,9,9,25,36,36,64,81,81,81],"floor_reached":27,"playtime":1622,"items_purged":[],"score":413,"play_id":"1083a139-7615-43dd-bd06-48f9b6a27bb3","local_time":"20190516171504","is_ascension_mode":true,"campfire_choices":[{"data":"Rage","floor":6,"key":"SMITH"},{"data":"Pommel Strike","floor":11,"key":"SMITH"},{"data":"True Grit","floor":15,"key":"SMITH"},{"data":"True Grit","floor":23,"key":"SMITH"}],"neow_cost":"NO_GOLD","seed_source_timestamp":2427379866316702,"circlet_count":0,"master_deck":["AscendersBane","Strike_R","Strike_R","Strike_R+1","Strike_R","Strike_R","Defend_R","Defend_R","Bash","Anger+1","Rage+1","Clothesline","Shockwave","Pommel Strike+1","Anger","Cleave","True Grit+1","Ghostly Armor","Warcry","True Grit+1","Clothesline","Clumsy"],"relics":["Burning Blood","Boot","Gremlin Horn","Pear","Ancient Tea Set","Cursed Key","Membership Card","Blue Candle","Whetstone"],"potions_floor_usage":[10,18,21,24],"damage_taken":[{"damage":9,"enemies":"Jaw Worm","floor":1,"turns":5},{"damage":6,"enemies":"Cultist","floor":4,"turns":3},{"damage":0,"enemies":"2 Louse","floor":7,"turns":3},{"damage":8,"enemies":"Gremlin Nob","floor":10,"turns":4},{"damage":39,"enemies":"3 Sentries","floor":12,"turns":7},{"damage":3,"enemies":"Looter","floor":13,"turns":2},{"damage":0,"enemies":"Exordium Wildlife","floor":14,"turns":3},{"damage":22,"enemies":"The Guardian","floor":16,"turns":10},{"damage":0,"enemies":"Chosen","floor":18,"turns":3},{"damage":4,"enemies":"2 Thieves","floor":21,"turns":3},{"damage":33,"enemies":"Sentry and Sphere","floor":22,"turns":6},{"damage":30,"enemies":"Slavers","floor":24,"turns":8},{"damage":15,"enemies":"Snake Plant","floor":25,"turns":5},{"damage":22,"enemies":"Centurion and Healer","floor":27,"turns":2}],"seed_played":"8155198901778609834","potions_obtained":[{"floor":1,"key":"Energy Potion"},{"floor":14,"key":"Explosive Potion"},{"floor":16,"key":"FearPotion"},{"floor":21,"key":"Dexterity Potion"}],"is_trial":false,"path_per_floor":["M","?","$","M","T","R","M","$","T","E","R","E","M","M","R","B",null,"M","$","?","M","M","R","E","M","T","M"],"character_chosen":"IRONCLAD","items_purchased":["Shockwave","Membership Card"],"campfire_rested":0,"item_purchase_floors":[8,19],"current_hp_per_floor":[65,65,65,65,65,65,71,71,71,79,79,46,49,55,55,39,74,80,80,80,82,55,55,31,22,22,0],"gold":81,"neow_bonus":"REMOVE_TWO","is_prod":false,"is_daily":false,"chose_seed":false,"campfire_upgraded":4,"win_rate":0,"timestamp":1558037704,"path_taken":["M","?","$","M","?","R","M","$","T","E","R","E","M","?","R","BOSS","M","$","?","M","M","R","E","M","T","M"],"build_version":"2019-01-23","purchased_purges":0,"victory":false,"max_hp_per_floor":[75,75,75,75,75,75,75,75,75,85,85,85,85,85,85,85,85,85,85,85,85,85,85,85,85,85,85],"card_choices":[{"not_picked":["Thunderclap","Seeing Red"],"picked":"Anger","floor":1},{"not_picked":["Armaments","Seeing Red"],"picked":"Rage","floor":4},{"not_picked":["Carnage","Perfected Strike"],"picked":"Clothesline","floor":7},{"not_picked":["Heavy Blade","Twin Strike"],"picked":"Pommel Strike","floor":10},{"not_picked":["Fiend Fire","Perfected Strike"],"picked":"Anger","floor":12},{"not_picked":["Carnage","Bloodletting"],"picked":"Cleave","floor":13},{"not_picked":["Flex","Body Slam"],"picked":"True Grit","floor":14},{"not_picked":["Clothesline","Fire Breathing"],"picked":"Ghostly Armor","floor":18},{"not_picked":["Flame Barrier","Clothesline"],"picked":"Warcry","floor":21},{"not_picked":["Carnage","Twin Strike"],"picked":"True Grit","floor":22},{"not_picked":["Twin Strike","Clothesline","Fiend Fire"],"picked":"SKIP","floor":24},{"not_picked":["Twin Strike","Clothesline","Flex"],"picked":"SKIP","floor":25},{"not_picked":["Twin Strike","Flex"],"picked":"Clothesline","floor":25}],"player_experience":741096,"relics_obtained":[{"floor":5,"key":"Boot"},{"floor":9,"key":"Gremlin Horn"},{"floor":10,"key":"Pear"},{"floor":12,"key":"Ancient Tea Set"},{"floor":24,"key":"Blue Candle"},{"floor":26,"key":"Whetstone"}],"event_choices":[{"damage_healed":0,"gold_gain":0,"player_choice":"Leave","damage_taken":0,"max_hp_gain":0,"max_hp_loss":0,"event_name":"The Cleric","floor":2,"gold_loss":0},{"damage_healed":0,"gold_gain":0,"player_choice":"Ignored","damage_taken":0,"max_hp_gain":0,"max_hp_loss":0,"event_name":"Ghosts","floor":20,"gold_loss":0}],"is_beta":false,"boss_relics":[{"not_picked":["Runic Pyramid","Tiny House"],"picked":"Cursed Key"}],"items_purged_floors":[],"is_endless":false,"potions_floor_spawned":[1,14,16,21],"killed_by":"Centurion and Healer","ascension_level":14}