{"gold_per_floor":[116,128,146,146,160,160,85,85,85,114,134,20,53,71,71,71],"floor_reached":16,"playtime":928,"items_purged":["Strike_R"],"score":213,"play_id":"cc92f37a-a3ca-4546-9f90-577bfc07b2a1","local_time":"20190613194007","is_ascension_mode":true,"campfire_choices":[{"data":"Whirlwind","floor":6,"key":"SMITH"},{"data":"Intimidate","floor":8,"key":"SMITH"},{"data":"Rupture","floor":15,"key":"SMITH"}],"neow_cost":"TEN_PERCENT_HP_LOSS","seed_source_timestamp":2289246729144006,"circlet_count":0,"master_deck":["AscendersBane","Strike_R","Strike_R","Defend_R","Defend_R","Defend_R","Bash","Intimidate+1","Feed","Cleave","Spot Weakness","Whirlwind+1","Feel No Pain","Impervious","Rupture+1","Ghostly Armor"],"relics":["Burning Blood","Happy Flower","Mummified Hand","Blue Candle"],"potions_floor_usage":[13,16],"damage_taken":[{"damage":5,"enemies":"2 Louse","floor":1,"turns":4},{"damage":10,"enemies":"Small Slimes","floor":2,"turns":4},{"damage":7,"enemies":"Jaw Worm","floor":3,"turns":3},{"damage":22,"enemies":"Blue Slaver","floor":5,"turns":5},{"damage":35,"enemies":"Lagavulin","floor":10,"turns":7},{"damage":3,"enemies":"Exordium Thugs","floor":11,"turns":4},{"damage":19,"enemies":"3 Sentries","floor":13,"turns":5},{"damage":1,"enemies":"Looter","floor":14,"turns":4},{"damage":46,"enemies":"Hexaghost","floor":16,"turns":10}],"seed_played":"2245008774718798277","potions_obtained":[{"floor":1,"key":"BloodPotion"},{"floor":3,"key":"Ancient Potion"},{"floor":13,"key":"Regen Potion"}],"is_trial":false,"path_per_floor":["M","M","M","?","M","R","?","R","T","E","M","$","E","M","R","B"],"character_chosen":"IRONCLAD","items_purchased":["Rupture"],"campfire_rested":0,"item_purchase_floors":[12],"current_hp_per_floor":[68,67,66,66,53,53,53,53,53,24,27,27,21,26,26,0],"gold":71,"neow_bonus":"TRANSFORM_TWO_CARDS","is_prod":false,"is_daily":false,"chose_seed":false,"campfire_upgraded":3,"win_rate":0,"timestamp":1560465607,"path_taken":["M","M","M","?","M","R","?","R","T","E","M","?","E","M","R","BOSS"],"build_version":"2019-01-23","purchased_purges":1,"victory":false,"max_hp_per_floor":[68,71,71,71,74,74,74,74,74,74,74,74,74,74,74,74],"card_choices":[{"not_picked":["Bloodletting","Metallicize"],"picked":"Cleave","floor":1},{"not_picked":["Pummel","Seeing Red"],"picked":"Spot Weakness","floor":2},{"not_picked":["Havoc","Twin Strike"],"picked":"Whirlwind","floor":3},{"not_picked":["Sever Soul","Wild Strike"],"picked":"Feel No Pain","floor":5},{"not_picked":["Heavy Blade","Body Slam"],"picked":"Impervious","floor":10},{"not_picked":["Havoc","Clothesline","True Grit"],"picked":"SKIP","floor":11},{"not_picked":["Armaments","Sentinel"],"picked":"Ghostly Armor","floor":13},{"not_picked":["Heavy Blade","Dropkick","Armaments"],"picked":"SKIP","floor":14}],"player_experience":1028000,"relics_obtained":[{"floor":9,"key":"Happy Flower"},{"floor":10,"key":"Mummified Hand"},{"floor":13,"key":"Blue Candle"}],"event_choices":[{"damage_healed":0,"gold_gain":0,"player_choice":"Ignored","damage_taken":0,"max_hp_gain":0,"max_hp_loss":0,"event_name":"Liars Game","floor":4,"gold_loss":0},{"cards_removed":["Strike_R"],"damage_healed":0,"gold_gain":0,"player_choice":"Card Removal","damage_taken":0,"max_hp_gain":0,"max_hp_loss":0,"event_name":"The Cleric","floor":7,"gold_loss":75}],"is_beta":false,"boss_relics":[],"items_purged_floors":[12],"is_endless":false,"potions_floor_spawned":[1,3,5,13],"killed_by":"Hexaghost","ascension_level":18}