{"gold_per_floor":[112,112,112,130,130,130,157,157,232,232,258,269,269,324,324,324],"floor_reached":16,"playtime":605,"items_purged":[],"score":212,"play_id":"fd22fb6f-1cb5-4efa-93fc-cecb5df52268","local_time":"20181222003755","is_ascension_mode":true,"campfire_choices":[{"data":"Chill","floor":6,"key":"SMITH"},{"floor":8,"key":"REST"},{"data":"Streamline","floor":10,"key":"SMITH"},{"floor":15,"key":"REST"}],"neow_cost":"NONE","seed_source_timestamp":29049685540486,"circlet_count":0,"master_deck":["AscendersBane","Strike_B","Strike_B","Strike_B","Defend_B","Defend_B","Defend_B","Defend_B","Zap+1","Dualcast","Chill+1","Streamline+1","Cold Snap","Ball Lightning","Darkness"],"relics":["Cracked Core","Question Card","Thread and Needle","Frozen Egg 2","Centennial Puzzle","Ornamental Fan"],"potions_floor_usage":[7],"damage_taken":[{"damage":1,"enemies":"Cultist","floor":1,"turns":3},{"damage":7,"enemies":"Jaw Worm","floor":4,"turns":3},{"damage":62,"enemies":"Gremlin Nob","floor":7,"turns":5},{"damage":2,"enemies":"3 Sentries","floor":11,"turns":8},{"damage":0,"enemies":"2 Louse","floor":12,"turns":2},{"damage":18,"enemies":"Lagavulin Event","floor":14,"turns":4},{"damage":27,"enemies":"Hexaghost","floor":16,"turns":9}],"seed_played":"1457257265966012257","potions_obtained":[{"floor":4,"key":"FocusPotion"},{"floor":11,"key":"SteroidPotion"}],"is_trial":false,"path_per_floor":["M","T","?","M","?","R","E","R","T","R","E","M","?","?","R","B"],"character_chosen":"DEFECT","items_purchased":[],"campfire_rested":2,"item_purchase_floors":[],"current_hp_per_floor":[70,70,70,63,63,63,1,24,24,24,22,22,22,4,27,0],"gold":324,"neow_bonus":"TEN_PERCENT_HP_BONUS","is_prod":false,"is_daily":false,"chose_seed":false,"campfire_upgraded":2,"win_rate":0,"timestamp":1545435475,"path_taken":["M","?","?","?","?","R","E","R","T","R","E","M","?","?","R","BOSS"],"build_version":"2018-12-20","purchased_purges":0,"victory":false,"max_hp_per_floor":[78,78,78,78,78,78,78,78,78,78,78,78,78,78,78,78],"card_choices":[{"not_picked":["Turbo","Redo","BootSequence"],"picked":"SKIP","floor":1},{"not_picked":["Rebound","Self Repair","Fusion"],"picked":"Chill","floor":4},{"not_picked":["Amplify","Buffer","Turbo"],"picked":"Streamline","floor":7},{"not_picked":["Barrage","Conserve Battery","Sweeping Beam"],"picked":"Cold Snap","floor":11},{"not_picked":["Capacitor+1","Turbo","Steam"],"picked":"Ball Lightning","floor":12},{"not_picked":["Streamline","Leap","Barrage"],"picked":"Darkness","floor":14}],"player_experience":671983,"relics_obtained":[{"floor":2,"key":"Question Card"},{"floor":7,"key":"Thread and Needle"},{"floor":9,"key":"Frozen Egg 2"},{"floor":11,"key":"Centennial Puzzle"},{"floor":14,"key":"Ornamental Fan"}],"event_choices":[{"cards_removed":["Strike_B"],"damage_healed":0,"gold_gain":0,"player_choice":"Purged","damage_taken":0,"max_hp_gain":0,"max_hp_loss":0,"event_name":"Purifier","floor":3,"gold_loss":0},{"damage_healed":0,"gold_gain":0,"player_choice":"Grow","damage_taken":0,"max_hp_gain":0,"max_hp_loss":0,"event_name":"Living Wall","floor":5,"gold_loss":0,"cards_upgraded":["Zap"]},{"damage_healed":0,"gold_gain":0,"player_choice":"Ignored","damage_taken":0,"max_hp_gain":0,"max_hp_loss":0,"event_name":"Shining Light","floor":13,"gold_loss":0},{"damage_healed":0,"gold_gain":0,"player_choice":"Searched \u00271\u0027 times","damage_taken":0,"max_hp_gain":0,"max_hp_loss":0,"event_name":"Dead Adventurer","floor":14,"gold_loss":0}],"is_beta":false,"boss_relics":[],"items_purged_floors":[],"is_endless":false,"potions_floor_spawned":[4,11],"killed_by":"Hexaghost","ascension_level":20}