{"gold_per_floor":[117,167,186,206,226,226,238,269,315,315,334,359,378,49,49,128,128,144,194,194,214,50,82,82,94,94,37,69,81,81,94,94,171,171,184,184,197,197,209,244,244,275,275,275,285,78,103,122,122,122],"floor_reached":50,"playtime":5045,"items_purged":["Strike_R","Strike_R"],"score":1268,"play_id":"cad1f81e-2189-40ff-b0cf-4f84f86c3a50","local_time":"20190405151455","is_ascension_mode":true,"campfire_choices":[{"data":"Uppercut","floor":6,"key":"SMITH"},{"data":"Twin Strike","floor":10,"key":"SMITH"},{"data":"Disarm","floor":15,"key":"SMITH"},{"data":"Armaments","floor":24,"key":"SMITH"},{"data":"Evolve","floor":30,"key":"SMITH"},{"data":"Limit Break","floor":32,"key":"SMITH"},{"floor":41,"key":"RECALL"},{"data":"Spot Weakness","floor":44,"key":"SMITH"},{"floor":49,"key":"REST"}],"neow_cost":"NONE","seed_source_timestamp":6097928267001,"circlet_count":0,"master_deck":["AscendersBane","Defend_R","Defend_R","Defend_R","Defend_R","Bash","Uppercut+1","Twin Strike+1","Headbutt","Evolve+1","Shrug It Off","Feed","Armaments+1","Anger","Disarm+1","Offering","Thunderclap+1","Pommel Strike+1","Limit Break+1","Spot Weakness+1","Uppercut+1","Power Through","Feed+1","Power Through+1","True Grit+1","Warcry+1","Immolate+1","Feel No Pain+1","Headbutt+1"],"relics":["Burning Blood","Paper Frog","Oddly Smooth Stone","Sundial","Red Skull","Mark of Pain","Molten Egg 2","Bag of Preparation","Potion Belt","Matryoshka","Art of War","Empty Cage","Dodecahedron","Darkstone Periapt","Omamori","PreservedInsect"],"potions_floor_usage":[8,11,21,23,45,47,47,48,50,50,50,50],"damage_taken":[{"damage":12,"enemies":"Small Slimes","floor":1,"turns":5},{"damage":0,"enemies":"Cultist","floor":3,"turns":3},{"damage":2,"enemies":"2 Louse","floor":4,"turns":4},{"damage":4,"enemies":"Exordium Wildlife","floor":5,"turns":4},{"damage":10,"enemies":"Blue Slaver","floor":7,"turns":3},{"damage":27,"enemies":"3 Sentries","floor":8,"turns":8},{"damage":24,"enemies":"Gremlin Gang","floor":11,"turns":8},{"damage":12,"enemies":"Lagavulin","floor":12,"turns":6},{"damage":23,"enemies":"Lots of Slimes","floor":13,"turns":5},{"damage":6,"enemies":"Hexaghost","floor":16,"turns":9},{"damage":9,"enemies":"3 Byrds","floor":18,"turns":6},{"damage":6,"enemies":"Chosen","floor":21,"turns":3},{"damage":16,"enemies":"Slavers","floor":23,"turns":6},{"damage":13,"enemies":"Centurion and Healer","floor":25,"turns":12},{"damage":24,"enemies":"Gremlin Leader","floor":28,"turns":4},{"damage":6,"enemies":"Cultist and Chosen","floor":29,"turns":3},{"damage":18,"enemies":"Chosen and Byrds","floor":31,"turns":5},{"damage":11,"enemies":"Champ","floor":33,"turns":6},{"damage":7,"enemies":"Orb Walker","floor":35,"turns":4},{"damage":12,"enemies":"3 Darklings","floor":37,"turns":5},{"damage":30,"enemies":"Spire Growth","floor":39,"turns":4},{"damage":49,"enemies":"Nemesis","floor":40,"turns":11},{"damage":12,"enemies":"Giant Head","floor":42,"turns":7},{"damage":13,"enemies":"Maw","floor":45,"turns":6},{"damage":33,"enemies":"Reptomancer","floor":47,"turns":4},{"damage":10,"enemies":"3 Darklings","floor":48,"turns":3},{"damage":72,"enemies":"Donu and Deca","floor":50,"turns":8}],"seed_played":"1534886631900592797","potions_obtained":[{"floor":1,"key":"SneckoOil"},{"floor":5,"key":"Dexterity Potion"},{"floor":8,"key":"SkillPotion"},{"floor":13,"key":"AttackPotion"},{"floor":16,"key":"Explosive Potion"},{"floor":29,"key":"FearPotion"},{"floor":37,"key":"Regen Potion"},{"floor":42,"key":"Dexterity Potion"},{"floor":47,"key":"AttackPotion"}],"is_trial":false,"path_per_floor":["M","?","M","M","M","R","M","E","T","R","M","E","M","$","R","B",null,"M","?","T","M","$","E","R","M","T","$","E","M","R","M","R","B",null,"M","?","M","?","M","E","R","E","T","R","M","$","E","M","R","B"],"character_chosen":"IRONCLAD","items_purchased":["Red Skull","Disarm","Bag of Preparation","SteroidPotion","EntropicBrew"],"campfire_rested":1,"item_purchase_floors":[14,14,22,27,46],"current_hp_per_floor":[69,69,75,79,81,81,77,56,56,56,38,35,21,21,21,24,74,74,74,74,77,77,71,71,68,68,68,54,58,58,50,50,45,99,102,102,100,100,76,36,36,30,30,30,42,42,19,15,55,0],"gold":122,"neow_bonus":"TEN_PERCENT_HP_BONUS","is_prod":false,"is_daily":false,"chose_seed":false,"campfire_upgraded":7,"win_rate":0,"timestamp":1554470095,"path_taken":["M","?","M","M","M","R","M","E","T","R","M","E","?","$","R","BOSS","M","?","?","M","?","E","R","M","T","$","E","M","R","M","R","BOSS","M","?","?","?","?","E","R","E","T","R","M","$","E","M","R","BOSS"],"build_version":"2019-01-23","purchased_purges":2,"victory":false,"max_hp_per_floor":[82,82,82,82,82,82,82,82,82,82,82,85,88,88,88,91,91,94,94,94,97,97,101,101,105,105,105,109,113,113,117,117,117,117,121,121,125,125,125,128,128,128,128,128,132,132,136,136,136,140],"card_choices":[{"not_picked":["Wild Strike","Entrench"],"picked":"Uppercut","floor":1},{"not_picked":["Heavy Blade","Corruption","Power Through"],"picked":"SKIP","floor":3},{"not_picked":["Heavy Blade","Corruption","Power Through"],"picked":"SKIP","floor":3},{"not_picked":["Sword Boomerang","Havoc"],"picked":"Twin Strike","floor":4},{"not_picked":["Reckless Charge","Double Tap"],"picked":"Headbutt","floor":5},{"not_picked":["Ghostly Armor","Anger"],"picked":"Evolve","floor":7},{"not_picked":["Twin Strike","Dual Wield"],"picked":"Shrug It Off","floor":8},{"not_picked":["Pommel Strike","Iron Wave"],"picked":"Feed","floor":11},{"not_picked":["Perfected Strike","Hemokinesis"],"picked":"Armaments","floor":12},{"not_picked":["Havoc","Flex"],"picked":"Anger","floor":13},{"not_picked":["Feed","Dark Embrace"],"picked":"Offering","floor":16},{"not_picked":["Wild Strike","Sentinel"],"picked":"Thunderclap+1","floor":18},{"not_picked":["Body Slam+1","Searing Blow+1"],"picked":"Pommel Strike+1","floor":21},{"not_picked":["Shockwave","Disarm"],"picked":"Limit Break","floor":23},{"not_picked":["Dropkick+1","True Grit"],"picked":"Spot Weakness","floor":25},{"not_picked":["Carnage+1","Reckless Charge+1"],"picked":"Uppercut+1","floor":28},{"not_picked":["Armaments","Rupture","Warcry"],"picked":"SKIP","floor":29},{"not_picked":["Spot Weakness","Body Slam+1"],"picked":"Power Through","floor":31},{"not_picked":["Fiend Fire+1","Juggernaut"],"picked":"Feed+1","floor":33},{"not_picked":["True Grit","Anger+1"],"picked":"Power Through+1","floor":35},{"not_picked":["Cleave+1","Armaments"],"picked":"True Grit","floor":37},{"not_picked":["Rupture","Hemokinesis+1"],"picked":"Warcry+1","floor":39},{"not_picked":["Sword Boomerang+1","Flex"],"picked":"Immolate+1","floor":40},{"not_picked":["Twin Strike+1","Rupture+1","Sentinel"],"picked":"SKIP","floor":42},{"not_picked":["Twin Strike+1","Armaments+1"],"picked":"Feel No Pain+1","floor":45},{"not_picked":["Clothesline+1","Cleave+1","Infernal Blade"],"picked":"SKIP","floor":47},{"not_picked":["Dual Wield","Cleave+1"],"picked":"Headbutt+1","floor":48}],"player_experience":1073368,"relics_obtained":[{"floor":8,"key":"Paper Frog"},{"floor":9,"key":"Oddly Smooth Stone"},{"floor":12,"key":"Sundial"},{"floor":20,"key":"Molten Egg 2"},{"floor":23,"key":"Potion Belt"},{"floor":26,"key":"Matryoshka"},{"floor":28,"key":"Art of War"},{"floor":40,"key":"Dodecahedron"},{"floor":42,"key":"Darkstone Periapt"},{"floor":43,"key":"Omamori"},{"floor":47,"key":"PreservedInsect"}],"event_choices":[{"damage_healed":0,"gold_gain":50,"player_choice":"Pray","damage_taken":0,"max_hp_gain":0,"max_hp_loss":0,"event_name":"Golden Shrine","floor":2,"gold_loss":0},{"damage_healed":0,"gold_gain":50,"player_choice":"Stole From Cult","damage_taken":0,"max_hp_gain":0,"max_hp_loss":0,"event_name":"Nest","floor":19,"gold_loss":0},{"cards_removed":["Strike_R"],"damage_healed":0,"gold_gain":0,"player_choice":"Purged","damage_taken":0,"max_hp_gain":0,"max_hp_loss":0,"event_name":"Purifier","floor":36,"gold_loss":0},{"damage_healed":0,"gold_gain":0,"player_choice":"Upgraded","damage_taken":0,"max_hp_gain":0,"max_hp_loss":0,"event_name":"Upgrade Shrine","floor":38,"gold_loss":0,"cards_upgraded":["True Grit"]}],"is_beta":false,"boss_relics":[{"not_picked":["Busted Crown","Orrery"],"picked":"Mark of Pain"},{"not_picked":["Black Blood","Sozu"],"picked":"Empty Cage"}],"items_purged_floors":[14,46],"is_endless":false,"potions_floor_spawned":[1,5,8,13,16,18,29,37,42,47],"killed_by":"Donu and Deca","ascension_level":20}