{"gold_per_floor":[316,316,491,510,221,221,251,251,321,355,65,65,85,111,111,208,208,225,242,242,242,67,67,97,97,97,131,157,173,208,222,222,325,325,344,225,447,7,7,7,38,38,86,114,60,79,107,77,77,77,77,77,23,56,56],"floor_reached":55,"playtime":4694,"items_purged":["Doubt","Defend_G","Defend_G"],"score":1313,"play_id":"12195bcb-cf99-4d5b-b778-7793792acc55","local_time":"20190606151430","is_ascension_mode":true,"campfire_choices":[{"data":"Neutralize","floor":6,"key":"SMITH"},{"data":"Footwork","floor":8,"key":"SMITH"},{"floor":12,"key":"REST"},{"floor":15,"key":"REST"},{"data":"A Thousand Cuts","floor":23,"key":"SMITH"},{"floor":25,"key":"REST"},{"floor":32,"key":"REST"},{"floor":40,"key":"REST"},{"floor":42,"key":"RECALL"},{"floor":49,"key":"REST"},{"floor":52,"key":"REST"}],"neow_cost":"NO_GOLD","seed_source_timestamp":1664744996851429,"circlet_count":0,"master_deck":["Defend_G","Defend_G","Defend_G","Strike_G","Strike_G","Strike_G+1","Survivor","Neutralize+1","Poisoned Stab+1","Well Laid Plans","Footwork+1","Deflect+1","Deadly Poison+1","Leg Sweep+1","A Thousand Cuts+1","Cloak And Dagger+1","Accuracy+1","Cloak And Dagger+1","Prepared+1","Adrenaline+1","PiercingWail+1","Storm of Steel+1","Prepared+1","Backstab+1","Sadistic Nature","Slice+1","Dash+1","Accuracy","Choke+1","Accuracy","Footwork"],"relics":["Ring of the Snake","Old Coin","Lantern","Toxic Egg 2","Mummified Hand","Ancient Tea Set","Kunai","Dodecahedron","WristBlade","Anchor","The Courier","Molten Egg 2","Red Mask","Bag of Preparation","Empty Cage","Vajra","TwistedFunnel","Meat on the Bone","Oddly Smooth Stone","Ninja Scroll","Orichalcum"],"potions_floor_usage":[14,27,28,34,50,55,55],"damage_taken":[{"damage":0,"enemies":"2 Louse","floor":1,"turns":5},{"damage":8,"enemies":"Small Slimes","floor":4,"turns":3},{"damage":9,"enemies":"3 Sentries","floor":10,"turns":12},{"damage":0,"enemies":"Jaw Worm","floor":13,"turns":4},{"damage":4,"enemies":"Lagavulin","floor":14,"turns":6},{"damage":19,"enemies":"Hexaghost","floor":16,"turns":10},{"damage":15,"enemies":"Spheric Guardian","floor":18,"turns":6},{"damage":9,"enemies":"Shell Parasite","floor":19,"turns":6},{"damage":37,"enemies":"Slavers","floor":24,"turns":7},{"damage":0,"enemies":"Gremlin Leader","floor":27,"turns":5},{"damage":0,"enemies":"Masked Bandits","floor":28,"turns":4},{"damage":4,"enemies":"Snecko","floor":29,"turns":4},{"damage":0,"enemies":"Slavers","floor":30,"turns":4},{"damage":0,"enemies":"Snake Plant","floor":31,"turns":3},{"damage":20,"enemies":"Collector","floor":33,"turns":9},{"damage":0,"enemies":"Orb Walker","floor":35,"turns":3},{"damage":0,"enemies":"Nemesis","floor":41,"turns":4},{"damage":0,"enemies":"Giant Head","floor":44,"turns":6},{"damage":0,"enemies":"3 Darklings","floor":46,"turns":3},{"damage":5,"enemies":"Nemesis","floor":47,"turns":7},{"damage":69,"enemies":"Awakened One","floor":50,"turns":17},{"damage":0,"enemies":"Shield and Spear","floor":54,"turns":5},{"damage":80,"enemies":"The Heart","floor":55,"turns":8}],"seed_played":"16987763581163748","potions_obtained":[{"floor":4,"key":"Fruit Juice"},{"floor":13,"key":"Block Potion"},{"floor":18,"key":"Ancient Potion"},{"floor":24,"key":"AttackPotion"},{"floor":30,"key":"Weak Potion"},{"floor":33,"key":"Strength Potion"},{"floor":35,"key":"PowerPotion"},{"floor":44,"key":"GhostInAJar"}],"is_trial":false,"path_per_floor":["M","?","?","M","$","R","?","R","T","E","$","R","M","E","R","B",null,"M","M","?","?","$","R","E","R","T","E","?","M","E","M","R","B",null,"M","$","?","$","?","R","E","R","T","E","$","M","E","$","R","B",null,"R","$","E","B"],"character_chosen":"THE_SILENT","items_purchased":["Footwork","Lantern","Kunai","Deflect+1","Accuracy","Vajra","Backstab+1","Sadistic Nature","TwistedFunnel","Accuracy","Accuracy","Footwork"],"campfire_rested":7,"item_purchase_floors":[5,5,11,11,22,36,38,38,38,45,48,53],"current_hp_per_floor":[63,49,49,41,41,41,41,41,41,32,32,53,53,49,70,51,65,50,41,28,53,53,53,16,38,38,38,38,34,34,34,56,36,70,70,70,70,70,70,80,80,80,80,80,80,80,75,75,80,23,66,80,80,80,0],"gold":56,"neow_bonus":"ONE_RARE_RELIC","is_prod":false,"is_daily":false,"chose_seed":false,"campfire_upgraded":3,"win_rate":0,"timestamp":1559844870,"path_taken":["M","?","?","M","$","R","?","R","T","E","?","R","M","E","R","BOSS","M","M","?","?","$","R","E","R","T","E","?","?","E","M","R","BOSS","M","$","?","$","?","R","E","R","T","E","$","?","E","?","R","BOSS","R","$","E","BOSS"],"build_version":"2019-01-23","purchased_purges":3,"victory":false,"max_hp_per_floor":[70,70,70,70,70,70,70,70,70,70,70,70,70,70,70,70,70,70,70,75,75,75,75,75,75,75,75,75,75,75,75,75,75,80,80,80,80,80,80,80,80,80,80,80,80,80,80,80,80,80,80,80,80,80,80],"card_choices":[{"not_picked":["PiercingWail","Prepared"],"picked":"Poisoned Stab","floor":1},{"not_picked":["Poisoned Stab","PiercingWail"],"picked":"Well Laid Plans","floor":4},{"not_picked":["Blade Dance+1","Acrobatics+1","Accuracy"],"picked":"SKIP","floor":10},{"not_picked":["Storm of Steel+1","Bouncing Flask+1"],"picked":"Deadly Poison+1","floor":13},{"not_picked":["All Out Attack","Grand Finale"],"picked":"Leg Sweep+1","floor":14},{"not_picked":["Night Terror+1","After Image"],"picked":"A Thousand Cuts","floor":16},{"not_picked":["Riddle With Holes","Dagger Spray","Bane"],"picked":"SKIP","floor":18},{"not_picked":["Eviscerate+1","Bane"],"picked":"Cloak And Dagger+1","floor":19},{"not_picked":["Acrobatics+1","Flechettes","Dagger Spray+1"],"picked":"SKIP","floor":24},{"not_picked":["Deadly Poison+1","Concentrate+1"],"picked":"Cloak And Dagger+1","floor":27},{"not_picked":["Cloak And Dagger+1","Flying Knee+1"],"picked":"Prepared+1","floor":29},{"not_picked":["Underhanded Strike+1","Sucker Punch+1"],"picked":"Adrenaline+1","floor":30},{"not_picked":["Poisoned Stab+1","Acrobatics+1"],"picked":"PiercingWail+1","floor":31},{"not_picked":["Malaise+1","Burst+1"],"picked":"Storm of Steel+1","floor":33},{"not_picked":["Masterful Stab+1","Cloak And Dagger+1"],"picked":"Prepared+1","floor":35},{"not_picked":["Underhanded Strike+1","Dodge and Roll+1"],"picked":"Slice+1","floor":41},{"not_picked":["Riddle With Holes+1","Sucker Punch+1"],"picked":"Dash+1","floor":44},{"not_picked":["Deflect+1","Heel Hook+1","Dagger Spray+1"],"picked":"SKIP","floor":46},{"not_picked":["Acrobatics+1","Doppelganger+1"],"picked":"Choke+1","floor":47},{"not_picked":["All Out Attack+1","Crippling Poison+1","Setup+1"],"picked":"SKIP","floor":54}],"player_experience":920290,"relics_obtained":[{"floor":9,"key":"Mummified Hand"},{"floor":10,"key":"Ancient Tea Set"},{"floor":14,"key":"Dodecahedron"},{"floor":24,"key":"Anchor"},{"floor":26,"key":"The Courier"},{"floor":27,"key":"Molten Egg 2"},{"floor":28,"key":"Red Mask"},{"floor":30,"key":"Bag of Preparation"},{"floor":41,"key":"Meat on the Bone"},{"floor":44,"key":"Oddly Smooth Stone"},{"floor":47,"key":"Ninja Scroll"},{"floor":54,"key":"Orichalcum"}],"event_choices":[{"damage_healed":0,"gold_gain":0,"player_choice":"Entered Light","damage_taken":14,"max_hp_gain":0,"max_hp_loss":0,"event_name":"Shining Light","floor":2,"gold_loss":0,"cards_upgraded":["Strike_G","Poisoned Stab"]},{"damage_healed":0,"gold_gain":175,"player_choice":"AGREE","damage_taken":0,"max_hp_gain":0,"max_hp_loss":0,"event_name":"Liars Game","floor":3,"gold_loss":0,"cards_obtained":["Doubt"]},{"damage_healed":0,"gold_gain":30,"player_choice":"Searched \u00273\u0027 times","damage_taken":0,"relics_obtained":["Toxic Egg 2"],"max_hp_gain":0,"max_hp_loss":0,"event_name":"Dead Adventurer","floor":7,"gold_loss":0},{"damage_healed":0,"gold_gain":0,"player_choice":"Shed Blood","damage_taken":18,"max_hp_gain":5,"max_hp_loss":0,"event_name":"Forgotten Altar","floor":20,"gold_loss":0},{"damage_healed":25,"gold_gain":0,"player_choice":"Heal","damage_taken":0,"max_hp_gain":0,"max_hp_loss":0,"event_name":"The Library","floor":21,"gold_loss":0},{"damage_healed":0,"gold_gain":0,"player_choice":"Fought Bandits","damage_taken":0,"max_hp_gain":0,"max_hp_loss":0,"event_name":"Masked Bandits","floor":28,"gold_loss":0},{"damage_healed":0,"gold_gain":222,"player_choice":"Wore Mask","damage_taken":0,"max_hp_gain":0,"max_hp_loss":0,"event_name":"Tomb of Lord Red Mask","floor":37,"gold_loss":0},{"damage_healed":0,"gold_gain":0,"player_choice":"Forge","damage_taken":0,"max_hp_gain":0,"max_hp_loss":0,"event_name":"Accursed Blacksmith","floor":39,"gold_loss":0,"cards_upgraded":["Accuracy"]}],"is_beta":false,"boss_relics":[{"not_picked":["Cursed Key","Coffee Dripper"],"picked":"WristBlade"},{"not_picked":["Philosopher\u0027s Stone","Sozu"],"picked":"Empty Cage"}],"items_purged_floors":[5,22,38],"is_endless":false,"potions_floor_spawned":[4,13,18,24,30,33,35,44,47],"killed_by":"The Heart","ascension_level":9}