{"path_per_floor":["M","M","$","$","?","R","E","M","T","R","M","M","M","?","R","B",null,"M","?","M","?","$","E","M","R","T","?","M","M","$","$","R"],"character_chosen":"IRONCLAD","items_purchased":["Energy Potion","Headbutt","Dropkick"],"gold_per_floor":[109,124,49,49,49,49,77,96,96,96,116,128,139,161,161,265,265,283,283,295,295,121,147,164,164,164,164,179,191,66,28,28,28],"floor_reached":33,"campfire_rested":2,"playtime":1442,"current_hp_per_floor":[80,80,80,80,80,80,57,63,63,63,62,68,64,64,64,45,80,66,58,58,58,58,31,19,43,43,43,19,13,13,13,37,0],"items_purged":["Strike_R","Defend_R","Strike_R"],"gold":28,"score":307,"play_id":"7d5e77a2-bec4-41ef-9f62-5e3afb62daf6","local_time":"20180413085203","is_prod":false,"is_daily":false,"chose_seed":false,"is_ascension_mode":true,"campfire_upgraded":3,"timestamp":1523620323,"path_taken":["M","M","?","$","?","R","E","M","T","R","M","M","M","?","R","BOSS","M","?","M","?","$","E","M","R","T","?","?","M","?","$","R","BOSS"],"build_version":"2018-04-12","seed_source_timestamp":255103098110217,"purchased_purges":3,"victory":false,"master_deck":["Strike_R","Strike_R","Strike_R","Defend_R","Defend_R","Defend_R","Bash+1","Flex+1","Dropkick","Clash+1","Flex+1","Headbutt","Dropkick"],"max_hp_per_floor":[80,80,80,80,80,80,80,80,80,80,80,80,80,80,80,80,80,80,80,80,80,80,80,80,80,80,80,80,80,80,80,80,80],"relics":["Burning Blood","Ice Cream","Calipers","Odd Mushroom","Black Star","Orichalcum","Vajra","Oddly Smooth Stone","Bottled Flame"],"card_choices":[{"not_picked":["Armaments","Iron Wave"],"picked":"Flex","floor":1},{"not_picked":["Spot Weakness","Thunderclap"],"picked":"Dropkick","floor":2},{"not_picked":["Metallicize","Shockwave"],"picked":"Clash","floor":7},{"not_picked":["Havoc","Searing Blow"],"picked":"Flex","floor":14}],"player_experience":264992,"potions_floor_usage":[12,13,14,14,16,23,24],"damage_taken":[{"damage":6,"enemies":"Cultist","floor":1,"turns":3},{"damage":5,"enemies":"Small Slimes","floor":2,"turns":3},{"damage":29,"enemies":"Gremlin Nob","floor":7,"turns":4},{"damage":0,"enemies":"2 Louse","floor":8,"turns":2},{"damage":7,"enemies":"Large Slime","floor":11,"turns":5},{"damage":0,"enemies":"Red Slaver","floor":12,"turns":1},{"damage":10,"enemies":"Gremlin Gang","floor":13,"turns":4},{"damage":15,"enemies":"The Mushroom Lair","floor":14,"turns":4},{"damage":25,"enemies":"The Guardian","floor":16,"turns":10},{"damage":20,"enemies":"Shell Parasite","floor":18,"turns":4},{"damage":6,"enemies":"Spheric Guardian","floor":20,"turns":3},{"damage":33,"enemies":"Book of Stabbing","floor":23,"turns":4},{"damage":18,"enemies":"3 Cultists","floor":24,"turns":5},{"damage":30,"enemies":"Centurion and Healer","floor":28,"turns":5},{"damage":12,"enemies":"Cultist and Chosen","floor":29,"turns":5},{"damage":45,"enemies":"Champ","floor":33,"turns":8}],"event_choices":[{"event_name":"The Cleric","player_choice":"Leave","floor":5,"damage_taken":0},{"event_name":"Mushrooms","player_choice":"Fought Mushrooms","floor":14,"damage_taken":0},{"event_name":"Knowing Skull","player_choice":"","floor":19,"damage_taken":0},{"event_name":"The Mausoleum","player_choice":"Yes","floor":21,"damage_taken":0},{"event_name":"Ghosts","player_choice":"Ignored","floor":27,"damage_taken":0}],"boss_relics":[{"not_picked":["Runic Cube","Pandora\u0027s Box"],"picked":"Black Star"}],"potions_floor_spawned":[7,11,12,13,14,20,29],"seed_played":"-7487595338003904581","killed_by":"Champ","ascension_level":3,"is_trial":false}