{"gold_per_floor":[113,113,127,202,127,155,173,173,173,173,234,234,265,283,283,387,387,405,431,441,81,100,100,115,115],"floor_reached":25,"playtime":1419,"items_purged":["Defend_G","Strike_G"],"score":232,"play_id":"6d77b7f1-c480-41cf-ab4b-37218653354a","local_time":"20181028141734","is_ascension_mode":true,"campfire_choices":[{"data":"Neutralize","floor":8,"key":"SMITH"},{"data":"Noxious Fumes","floor":12,"key":"SMITH"},{"data":"After Image","floor":15,"key":"SMITH"},{"floor":23,"key":"REST"}],"neow_cost":"NONE","seed_source_timestamp":192911540877466,"circlet_count":0,"master_deck":["Defend_G","Defend_G","Defend_G","Defend_G","Strike_G","Strike_G","Strike_G","Strike_G","Survivor","Neutralize+1","Terror","Flying Knee","Caltrops","Quick Slash","Noxious Fumes+1","After Image+1","Skewer","Doppelganger","Flying Knee+1","Dash+1","Deadly Poison","Blur"],"relics":["Ring of the Snake","Meat on the Bone","Turnip","Blood Vial","Potion Belt","White Beast Statue","Regal Pillow","Molten Egg 2"],"potions_floor_usage":[3,6,13,16,16,18,18,20,24,25],"damage_taken":[{"damage":0,"enemies":"2 Louse","floor":1,"turns":3},{"damage":4,"enemies":"Small Slimes","floor":3,"turns":4},{"damage":28,"enemies":"Lagavulin","floor":6,"turns":10},{"damage":6,"enemies":"Jaw Worm","floor":7,"turns":4},{"damage":10,"enemies":"Gremlin Nob","floor":11,"turns":4},{"damage":10,"enemies":"Gremlin Nob","floor":13,"turns":4},{"damage":2,"enemies":"Blue Slaver","floor":14,"turns":3},{"damage":13,"enemies":"Slime Boss","floor":16,"turns":10},{"damage":24,"enemies":"3 Byrds","floor":18,"turns":4},{"damage":30,"enemies":"2 Thieves","floor":20,"turns":5},{"damage":14,"enemies":"Cultist and Chosen","floor":22,"turns":7},{"damage":43,"enemies":"Shelled Parasite and Fungi","floor":24,"turns":6},{"damage":47,"enemies":"Slavers","floor":25,"turns":3}],"seed_played":"-9090653160471030804","potions_obtained":[{"floor":0,"key":"Regen Potion"},{"floor":0,"key":"SteroidPotion"},{"floor":0,"key":"Regen Potion"},{"floor":11,"key":"Block Potion"},{"floor":13,"key":"LiquidBronze"},{"floor":14,"key":"Weak Potion"},{"floor":16,"key":"Dexterity Potion"},{"floor":18,"key":"Weak Potion"},{"floor":20,"key":"SteroidPotion"},{"floor":22,"key":"SteroidPotion"},{"floor":24,"key":"Ancient Potion"}],"is_trial":false,"path_per_floor":["M","?","M","?","$","E","M","R","T","?","?","R","E","M","R","B",null,"M","T","M","$","M","R","M"],"character_chosen":"THE_SILENT","items_purchased":["Molten Egg 2"],"campfire_rested":1,"item_purchase_floors":[21],"current_hp_per_floor":[70,75,71,60,60,47,41,41,41,41,45,45,49,49,49,38,75,51,51,35,35,35,72,43,0],"gold":115,"neow_bonus":"THREE_SMALL_POTIONS","is_prod":false,"is_daily":false,"chose_seed":false,"campfire_upgraded":3,"win_rate":0,"timestamp":1540747054,"path_taken":["M","?","M","?","$","E","M","R","T","?","?","R","E","M","R","BOSS","M","?","M","$","M","R","?","E"],"build_version":"2018-10-25v2","purchased_purges":2,"victory":false,"max_hp_per_floor":[70,75,75,75,75,75,75,75,75,75,75,75,75,75,75,75,75,75,75,75,75,75,75,75,75],"card_choices":[{"not_picked":["Distraction","Backflip"],"picked":"Terror","floor":1},{"not_picked":["Quick Slash","Bane"],"picked":"Flying Knee","floor":3},{"not_picked":["PiercingWail","All Out Attack"],"picked":"Caltrops","floor":6},{"not_picked":["Flying Knee","Storm of Steel"],"picked":"Quick Slash","floor":7},{"not_picked":["Acrobatics","Dodge and Roll"],"picked":"Noxious Fumes","floor":11},{"not_picked":["Masterful Stab","Backflip"],"picked":"After Image","floor":13},{"not_picked":["Flying Knee","Well Laid Plans"],"picked":"Skewer","floor":14},{"not_picked":["Grand Finale","Tools of the Trade"],"picked":"Doppelganger","floor":16},{"not_picked":["Quick Slash","Blade Dance"],"picked":"Flying Knee+1","floor":18},{"not_picked":["PiercingWail","Distraction"],"picked":"Dash+1","floor":20},{"not_picked":["Accuracy+1","Outmaneuver+1"],"picked":"Deadly Poison","floor":22},{"not_picked":["Deflect+1","Endless Agony+1"],"picked":"Blur","floor":24}],"player_experience":358990,"relics_obtained":[{"floor":6,"key":"Meat on the Bone"},{"floor":9,"key":"Turnip"},{"floor":13,"key":"Potion Belt"},{"floor":19,"key":"Regal Pillow"}],"event_choices":[{"damage_healed":0,"gold_gain":0,"player_choice":"Donut","damage_taken":0,"max_hp_gain":5,"max_hp_loss":0,"event_name":"Big Fish","floor":2,"gold_loss":0},{"damage_healed":0,"gold_gain":75,"player_choice":"Gather Gold","damage_taken":11,"max_hp_gain":0,"max_hp_loss":0,"event_name":"World of Goop","floor":4,"gold_loss":0},{"damage_healed":0,"gold_gain":0,"player_choice":"Ignored","damage_taken":0,"max_hp_gain":0,"max_hp_loss":0,"event_name":"Liars Game","floor":10,"gold_loss":0},{"damage_healed":0,"gold_gain":0,"player_choice":"Searched \u00272\u0027 times","damage_taken":0,"relics_obtained":["Blood Vial"],"max_hp_gain":0,"max_hp_loss":0,"event_name":"Dead Adventurer","floor":11,"gold_loss":0}],"is_beta":false,"boss_relics":[{"not_picked":["Ectoplasm","Fusion Hammer"],"picked":"White Beast Statue"}],"items_purged_floors":[5,21],"is_endless":false,"potions_floor_spawned":[11,13,14,16,18,20,22,24],"killed_by":"Slavers","ascension_level":2}