{"gold_per_floor":[215,87,87,100,110,110,143,161,161,161,18,18,49,70,70,142,142,159,159,159,171,171,171,61,61,129,143,4,4,15,47,47,47],"floor_reached":33,"playtime":1530,"items_purged":["Strike_B","Strike_B"],"score":542,"play_id":"2efa9517-590c-424c-b80e-9f2fcb64c666","local_time":"20190225142928","is_ascension_mode":true,"campfire_choices":[{"data":"Barrage","floor":6,"key":"SMITH"},{"data":"Zap","floor":10,"key":"SMITH"},{"data":"Conserve Battery","floor":12,"key":"SMITH"},{"data":"Doom and Gloom","floor":15,"key":"SMITH"},{"data":"Defend_B","floor":23,"key":"SMITH"},{"data":"Defend_B","floor":25,"key":"SMITH"},{"data":"Reinforced Body","floor":29,"key":"SMITH"},{"data":"Coolheaded","floor":32,"key":"SMITH"}],"neow_cost":"NONE","seed_source_timestamp":5811524715197,"circlet_count":0,"master_deck":["AscendersBane","Strike_B","Strike_B","Defend_B+1","Defend_B+1","Defend_B","Defend_B","Zap+1","Dualcast","Static Discharge+1","Barrage+1","Doom and Gloom+1","Echo Form+1","Compile Driver","Static Discharge+1","Conserve Battery+1","Cold Snap","Buffer+1","Ball Lightning+1","Self Repair+1","Compile Driver","Reinforced Body+1","Genetic Algorithm","Coolheaded+1"],"relics":["Cracked Core","Frozen Egg 2","Kunai","Odd Mushroom","Coffee Dripper","Question Card","Cables"],"potions_floor_usage":[7,7,13,14,18,31,33],"damage_taken":[{"damage":1,"enemies":"2 Louse","floor":1,"turns":3},{"damage":1,"enemies":"Cultist","floor":4,"turns":3},{"damage":13,"enemies":"Small Slimes","floor":5,"turns":2},{"damage":22,"enemies":"Gremlin Nob","floor":7,"turns":4},{"damage":5,"enemies":"2 Fungi Beasts","floor":8,"turns":2},{"damage":10,"enemies":"Lagavulin","floor":13,"turns":7},{"damage":11,"enemies":"The Mushroom Lair","floor":14,"turns":2},{"damage":12,"enemies":"Hexaghost","floor":16,"turns":6},{"damage":7,"enemies":"Chosen","floor":18,"turns":4},{"damage":8,"enemies":"Spheric Guardian","floor":21,"turns":6},{"damage":19,"enemies":"Snake Plant","floor":27,"turns":4},{"damage":9,"enemies":"Centurion and Healer","floor":30,"turns":8},{"damage":18,"enemies":"Book of Stabbing","floor":31,"turns":7},{"damage":36,"enemies":"Automaton","floor":33,"turns":6}],"seed_played":"-411581440328077766","potions_obtained":[{"floor":1,"key":"Strength Potion"},{"floor":7,"key":"Energy Potion"},{"floor":8,"key":"Regen Potion"},{"floor":14,"key":"Strength Potion"},{"floor":16,"key":"Poison Potion"},{"floor":21,"key":"GamblersBrew"}],"is_trial":false,"path_per_floor":["M","$","?","M","M","R","E","M","T","R","$","R","E","?","R","B",null,"M","?","?","M","?","R","$","R","T","M","$","R","M","E","R","B"],"character_chosen":"DEFECT","items_purchased":["AttackPotion","Static Discharge+1","Conserve Battery","FocusPotion","Compile Driver","Genetic Algorithm"],"campfire_rested":0,"item_purchase_floors":[2,11,11,24,24,28],"current_hp_per_floor":[63,63,63,62,49,49,27,22,22,22,22,22,27,16,16,4,54,47,47,47,49,29,29,29,29,29,20,20,20,31,13,13,0],"gold":47,"neow_bonus":"HUNDRED_GOLD","is_prod":false,"is_daily":false,"chose_seed":false,"campfire_upgraded":8,"win_rate":0,"timestamp":1551101368,"path_taken":["M","$","?","M","M","R","E","?","T","R","$","R","E","?","R","BOSS","M","?","?","M","?","R","?","R","T","M","$","R","M","E","R","BOSS"],"build_version":"2019-01-23","purchased_purges":2,"victory":false,"max_hp_per_floor":[71,71,71,71,71,71,71,71,71,71,71,71,71,71,71,71,71,71,71,71,71,76,76,76,76,76,76,76,76,76,76,76,76],"card_choices":[{"not_picked":["Streamline","Beam Cell"],"picked":"Static Discharge","floor":1},{"not_picked":["Leap","Steam"],"picked":"Barrage","floor":4},{"not_picked":["Sweeping Beam","Compile Driver"],"picked":"Doom and Gloom","floor":5},{"not_picked":["Steam","Melter"],"picked":"Echo Form","floor":7},{"not_picked":["Lockon","Recycle"],"picked":"Compile Driver","floor":8},{"not_picked":["Melter","Sweeping Beam","Meteor Strike"],"picked":"SKIP","floor":13},{"not_picked":["Steam","Steam Power"],"picked":"Cold Snap","floor":14},{"not_picked":["Rainbow","Amplify"],"picked":"Buffer+1","floor":16},{"not_picked":["Doom and Gloom","Cold Snap"],"picked":"Ball Lightning+1","floor":18},{"not_picked":["Stack","Leap","Go for the Eyes"],"picked":"SKIP","floor":21},{"not_picked":["Rebound","Consume","Stack"],"picked":"Reinforced Body","floor":27},{"not_picked":["Gash","Tempest","Hologram"],"picked":"Coolheaded","floor":30},{"not_picked":["Turbo","Beam Cell","Blizzard","Cold Snap"],"picked":"SKIP","floor":31}],"player_experience":992760,"relics_obtained":[{"floor":7,"key":"Frozen Egg 2"},{"floor":13,"key":"Kunai"},{"floor":14,"key":"Odd Mushroom"},{"floor":26,"key":"Question Card"},{"floor":31,"key":"Cables"}],"event_choices":[{"damage_healed":0,"gold_gain":0,"player_choice":"Upgraded","damage_taken":0,"max_hp_gain":0,"max_hp_loss":0,"event_name":"Upgrade Shrine","floor":3,"gold_loss":0,"cards_upgraded":["Static Discharge"]},{"damage_healed":0,"gold_gain":0,"player_choice":"Fought Mushrooms","damage_taken":0,"max_hp_gain":0,"max_hp_loss":0,"event_name":"Mushrooms","floor":14,"gold_loss":0},{"damage_healed":0,"gold_gain":0,"player_choice":"Ignored","damage_taken":0,"max_hp_gain":0,"max_hp_loss":0,"event_name":"The Mausoleum","floor":19,"gold_loss":0},{"damage_healed":0,"gold_gain":0,"player_choice":"Read","damage_taken":0,"max_hp_gain":0,"max_hp_loss":0,"event_name":"The Library","floor":20,"gold_loss":0,"cards_obtained":["Self Repair"]},{"damage_healed":0,"gold_gain":0,"player_choice":"Shed Blood","damage_taken":25,"max_hp_gain":5,"max_hp_loss":0,"event_name":"Forgotten Altar","floor":22,"gold_loss":0}],"is_beta":false,"boss_relics":[{"not_picked":["Tiny House","Pandora\u0027s Box"],"picked":"Coffee Dripper"}],"items_purged_floors":[2,28],"is_endless":false,"potions_floor_spawned":[1,7,8,14,16,21,30],"killed_by":"Automaton","ascension_level":20}