{"gold_per_floor":[110,35,54,6,6,6,32,32,32,32,44,63,98,98,98,202,202,215,233,233,233,233],"floor_reached":22,"playtime":829,"items_purged":["Defend_G"],"score":242,"play_id":"bd8ca42d-ae59-4215-9873-2c9dc70ba4e7","local_time":"20190201203512","is_ascension_mode":false,"campfire_choices":[{"floor":6,"key":"RECALL"},{"data":"Neutralize","floor":8,"key":"SMITH"},{"data":"Footwork","floor":10,"key":"SMITH"},{"floor":15,"key":"REST"}],"neow_cost":"NONE","seed_source_timestamp":155398660611400,"circlet_count":0,"master_deck":["Defend_G","Defend_G","Defend_G","Defend_G","Strike_G","Strike_G","Strike_G","Strike_G","Survivor+1","Neutralize+1","Footwork+1","Infinite Blades+1","Venomology","Deadly Poison","Footwork","Catalyst","Glass Knife","Backflip"],"relics":["Ring of the Snake","NeowsBlessing","Pear","Gremlin Horn","Calipers","Lizard Tail"],"potions_floor_usage":[13,16],"damage_taken":[{"damage":0,"enemies":"Cultist","floor":1,"turns":1},{"damage":0,"enemies":"Jaw Worm","floor":3,"turns":1},{"damage":0,"enemies":"Lagavulin","floor":7,"turns":1},{"damage":0,"enemies":"Small Slimes","floor":11,"turns":4},{"damage":8,"enemies":"Red Slaver","floor":12,"turns":4},{"damage":8,"enemies":"3 Sentries","floor":13,"turns":9},{"damage":22,"enemies":"Hexaghost","floor":16,"turns":11},{"damage":20,"enemies":"Chosen","floor":18,"turns":7},{"damage":39,"enemies":"Spheric Guardian","floor":19,"turns":8},{"damage":0,"enemies":"Chosen and Byrds","floor":22,"turns":1}],"seed_played":"2656679013797032250","potions_obtained":[{"floor":7,"key":"Explosive Potion"},{"floor":12,"key":"Dexterity Potion"},{"floor":14,"key":"LiquidBronze"},{"floor":16,"key":"Explosive Potion"}],"is_trial":false,"path_per_floor":["M","$","M","$","?","R","E","R","T","R","M","M","E","?","R","B",null,"M","M","?","?","M"],"character_chosen":"THE_SILENT","items_purchased":["Fire Potion"],"campfire_rested":1,"item_purchase_floors":[4],"current_hp_per_floor":[70,70,70,70,56,56,66,66,66,66,66,58,50,50,74,52,80,60,21,6,6,6],"gold":233,"neow_bonus":"THREE_ENEMY_KILL","is_prod":false,"is_daily":false,"chose_seed":false,"campfire_upgraded":2,"win_rate":0,"timestamp":1549071312,"path_taken":["M","$","?","$","?","R","E","R","T","R","M","M","E","?","R","BOSS","M","M","?","?","?"],"build_version":"2019-01-23","purchased_purges":1,"victory":false,"max_hp_per_floor":[70,70,70,70,70,70,80,80,80,80,80,80,80,80,80,80,80,80,80,85,85,85],"card_choices":[{"not_picked":["Poisoned Stab","Cloak And Dagger"],"picked":"Footwork","floor":1},{"not_picked":["Riddle With Holes","Slice"],"picked":"Infinite Blades","floor":3},{"not_picked":["Outmaneuver","Slice"],"picked":"Venomology","floor":7},{"not_picked":["PiercingWail","Skewer"],"picked":"Deadly Poison","floor":11},{"not_picked":["Leg Sweep","Expertise"],"picked":"Footwork","floor":12},{"not_picked":["Distraction","PiercingWail"],"picked":"Catalyst","floor":13},{"not_picked":["Doppelganger","Malaise"],"picked":"Glass Knife","floor":16},{"not_picked":["Cloak And Dagger","Distraction"],"picked":"Backflip","floor":18},{"not_picked":["Expertise+1","Prepared","Outmaneuver"],"picked":"SKIP","floor":19}],"player_experience":259881,"relics_obtained":[{"floor":7,"key":"Pear"},{"floor":9,"key":"Gremlin Horn"},{"floor":13,"key":"Calipers"}],"event_choices":[{"damage_healed":0,"gold_gain":0,"player_choice":"Entered Light","damage_taken":14,"max_hp_gain":0,"max_hp_loss":0,"event_name":"Shining Light","floor":5,"gold_loss":0,"cards_upgraded":["Survivor","Infinite Blades"]},{"damage_healed":0,"gold_gain":0,"player_choice":"Got Potions","damage_taken":0,"max_hp_gain":0,"max_hp_loss":0,"event_name":"Lab","floor":14,"gold_loss":0},{"damage_healed":0,"gold_gain":0,"player_choice":"Shed Blood","damage_taken":20,"max_hp_gain":5,"max_hp_loss":0,"event_name":"Forgotten Altar","floor":20,"gold_loss":0},{"cards_removed":["Strike_G"],"damage_healed":0,"gold_gain":0,"player_choice":"Purged","damage_taken":0,"max_hp_gain":0,"max_hp_loss":0,"event_name":"Purifier","floor":21,"gold_loss":0}],"is_beta":false,"boss_relics":[{"not_picked":["Fusion Hammer","Calling Bell"],"picked":"Lizard Tail"}],"items_purged_floors":[2],"is_endless":false,"potions_floor_spawned":[7,12,16,18],"killed_by":"Chosen and Byrds","ascension_level":0}