{"path_per_floor":["M","M","M","M","M","R","E","R","T","$","?","M","E","M","R","B",null,"M","?","M"],"character_chosen":"IRONCLAD","items_purchased":[],"gold_per_floor":[110,121,140,155,165,165,191,191,191,191,266,281,312,323,323,418,448,468,468,479],"floor_reached":21,"campfire_rested":3,"playtime":1247,"current_hp_per_floor":[70,59,59,56,44,68,47,71,71,71,60,60,32,32,56,17,85,58,58,47],"items_purged":[],"gold":479,"score":193,"play_id":"7e523fc0-4772-4950-8e1b-3ec9bdd54547","is_prod":false,"is_daily":false,"is_ascension_mode":false,"campfire_upgraded":0,"path_taken":["M","M","M","M","?","R","E","R","T","?","?","M","E","M","R","BOSS","M","?","?","M"],"build_version":"2018-02-08-PROD1","purchased_purges":0,"victory":false,"master_deck":["Strike_R+1","Strike_R+1","Strike_R+1","Strike_R+1","Strike_R+1","Defend_R+1","Defend_R+1","Defend_R+1","Defend_R+1","Bash","Cleave","Thunderclap","Inflame","Heavy Blade","Headbutt","Seeing Red","Shrug It Off","Demon Form","Clash","Feed","Pummel","Uppercut","Intimidate+1"],"max_hp_per_floor":[80,80,80,80,80,80,80,80,80,80,80,80,80,80,80,80,85,85,85,88],"relics":["Question Card","Bronze Scales","Shovel","Peace Pipe","Tiny House"],"card_choices":[{"not_picked":["Rampage","Perfected Strike","Clash"],"picked":"Cleave"},{"not_picked":["Body Slam","Cleave","Reckless Charge"],"picked":"Thunderclap"},{"not_picked":["Sever Soul","Twin Strike","Juggernaut"],"picked":"Inflame"},{"not_picked":["Shrug It Off","Cleave","Blood for Blood"],"picked":"Heavy Blade"},{"not_picked":["Shrug It Off","Cleave","Infernal Blade"],"picked":"Headbutt"},{"not_picked":["Anger","Iron Wave","Headbutt"],"picked":"Seeing Red"},{"not_picked":["Thunderclap","Bloodletting","Corruption"],"picked":"Shrug It Off"},{"not_picked":["Dual Wield","Wild Strike","Bloodletting"],"picked":"Demon Form"},{"not_picked":["Heavy Blade","Thunderclap","Shrug It Off"],"picked":"Clash"},{"not_picked":["Juggernaut","Bludgeon","Double Tap"],"picked":"Feed"},{"not_picked":["Combust","Infernal Blade","Perfected Strike"],"picked":"Pummel"},{"not_picked":["Sword Boomerang","Wild Strike","Headbutt"],"picked":"Uppercut"},{"not_picked":["Burning Pact","Uppercut","Heavy Blade"],"picked":"Intimidate"}],"player_experience":53628,"potions_floor_usage":[12,14,16,20,20],"damage_taken":[{"damage":10,"enemies":"Blue Slaver","floor":1,"turns":7},{"damage":11,"enemies":"Jaw Worm","floor":2,"turns":2},{"damage":0,"enemies":"Small Slimes","floor":3,"turns":3},{"damage":3,"enemies":"2 Fungi Beasts","floor":4,"turns":4},{"damage":12,"enemies":"3 Louse","floor":5,"turns":3},{"damage":21,"enemies":"Lagavulin","floor":7,"turns":6},{"damage":0,"enemies":"Gremlin Gang","floor":12,"turns":2},{"damage":28,"enemies":"Gremlin Nob","floor":13,"turns":4},{"damage":0,"enemies":"Exordium Thugs","floor":14,"turns":3},{"damage":39,"enemies":"Hexaghost","floor":16,"turns":7},{"damage":27,"enemies":"Chosen","floor":18,"turns":4},{"damage":14,"enemies":"Spheric Guardian","floor":20,"turns":4},{"damage":51,"enemies":"Cultist and Chosen","floor":21,"turns":4}],"event_choices":[{"event_name":"World of Goop","player_choice":"Gather Gold","floor":11,"damage_taken":0},{"event_name":"Back to Basics","player_choice":"Simplicity","floor":19,"damage_taken":0}],"boss_relics":[{"not_picked":["Sozu","Snecko Eye"],"picked":"Tiny House"}],"potions_floor_spawned":[5,13,14,16,20],"seed_played":"1557519949448224111","killed_by":"Cultist and Chosen","ascension_level":0,"is_trial":false}