{"gold_per_floor":[118,137,137,137,137,173,202,202,227,262,337,337,360,374,374,472,472,496,496,521,117,117,117,160,181,208,234,273,273,273,291,291,291],"floor_reached":33,"playtime":1608,"items_purged":["Strike_B"],"score":582,"play_id":"6a58ee06-08c1-453b-a531-6c179e431dad","local_time":"20190612234613","is_ascension_mode":true,"campfire_choices":[{"floor":8,"key":"REST"},{"data":"Reinforced Body","floor":12,"key":"SMITH"},{"data":"Dualcast","floor":15,"key":"SMITH"},{"data":"Electrodynamics","floor":23,"key":"SMITH"},{"floor":29,"key":"REST"},{"data":"Hologram","floor":32,"key":"SMITH"}],"neow_cost":"NONE","seed_source_timestamp":30273260468232,"circlet_count":0,"master_deck":["AscendersBane","Strike_B","Strike_B","Strike_B","Defend_B","Defend_B","Defend_B","Defend_B","Zap+1","Dualcast+1","Sweeping Beam+1","Cold Snap","Reinforced Body+1","Compile Driver","Hologram+1","Hologram","Ball Lightning","Electrodynamics+1","Glacier","Compile Driver","Dark Shackles","Dark Shackles","FTL+1"],"relics":["Cracked Core","Golden Idol","Pantograph","Odd Mushroom","PreservedInsect","Centennial Puzzle","Busted Crown","ClockworkSouvenir","Nunchaku","Anchor","Matryoshka"],"potions_floor_usage":[6,7,16,16,24,33],"damage_taken":[{"damage":0,"enemies":"2 Louse","floor":1,"turns":2},{"damage":7,"enemies":"Jaw Worm","floor":2,"turns":3},{"damage":17,"enemies":"Lagavulin","floor":6,"turns":6},{"damage":12,"enemies":"The Mushroom Lair","floor":7,"turns":3},{"damage":13,"enemies":"3 Sentries","floor":10,"turns":5},{"damage":5,"enemies":"Small Slimes","floor":13,"turns":2},{"damage":1,"enemies":"2 Fungi Beasts","floor":14,"turns":2},{"damage":41,"enemies":"Hexaghost","floor":16,"turns":10},{"damage":0,"enemies":"Chosen","floor":18,"turns":3},{"damage":0,"enemies":"3 Byrds","floor":20,"turns":2},{"damage":2,"enemies":"Book of Stabbing","floor":24,"turns":5},{"damage":4,"enemies":"3 Cultists","floor":25,"turns":3},{"damage":7,"enemies":"Slavers","floor":28,"turns":2},{"damage":5,"enemies":"Shelled Parasite and Fungi","floor":31,"turns":4},{"damage":97,"enemies":"Collector","floor":33,"turns":15}],"seed_played":"-5910793903389313642","potions_obtained":[{"floor":1,"key":"AttackPotion"},{"floor":6,"key":"FearPotion"},{"floor":13,"key":"GamblersBrew"},{"floor":14,"key":"Block Potion"},{"floor":16,"key":"Dexterity Potion"},{"floor":20,"key":"SkillPotion"}],"is_trial":false,"path_per_floor":["M","M","?","?","?","E","?","R","T","E","?","R","M","M","R","B",null,"M","?","M","$","?","R","E","M","T","T","E","R","?","M","R","B"],"character_chosen":"DEFECT","items_purchased":["ClockworkSouvenir","Dark Shackles"],"campfire_rested":2,"item_purchase_floors":[21,21],"current_hp_per_floor":[64,57,57,57,57,40,28,47,47,34,23,23,18,17,17,1,48,48,48,48,48,48,48,46,42,42,42,35,54,54,49,49,0],"gold":291,"neow_bonus":"UPGRADE_CARD","is_prod":false,"is_daily":false,"chose_seed":false,"campfire_upgraded":4,"win_rate":0,"timestamp":1560375973,"path_taken":["M","M","?","?","?","E","?","R","T","E","?","R","M","?","R","BOSS","M","?","M","$","?","R","E","?","T","?","E","R","?","M","R","BOSS"],"build_version":"2019-01-23","purchased_purges":1,"victory":false,"max_hp_per_floor":[71,71,71,64,64,64,64,64,64,64,64,64,64,64,64,64,64,64,64,64,64,64,64,64,64,64,64,64,64,64,64,64,64],"card_choices":[{"not_picked":["Scrape","Consume"],"picked":"Sweeping Beam","floor":1},{"not_picked":["Conserve Battery","Undo"],"picked":"Cold Snap","floor":2},{"not_picked":["Loop","Hello World"],"picked":"Reinforced Body","floor":6},{"not_picked":["Go for the Eyes","Fusion"],"picked":"Compile Driver","floor":7},{"not_picked":["Conserve Battery","Hello World"],"picked":"Hologram","floor":10},{"not_picked":["Scrape","Reinforced Body"],"picked":"Hologram","floor":13},{"not_picked":["Stack","Compile Driver"],"picked":"Ball Lightning","floor":14},{"not_picked":["Reboot","All For One"],"picked":"Electrodynamics","floor":16},{"not_picked":["Auto Shields"],"picked":"SKIP","floor":18},{"not_picked":[],"picked":"Compile Driver","floor":20},{"not_picked":["Ball Lightning"],"picked":"SKIP","floor":24},{"not_picked":["Conserve Battery"],"picked":"SKIP","floor":25},{"not_picked":[],"picked":"FTL+1","floor":28},{"not_picked":["Redo"],"picked":"SKIP","floor":31}],"player_experience":1346516,"relics_obtained":[{"floor":6,"key":"Pantograph"},{"floor":7,"key":"Odd Mushroom"},{"floor":9,"key":"PreservedInsect"},{"floor":10,"key":"Centennial Puzzle"},{"floor":24,"key":"Nunchaku"},{"floor":27,"key":"Anchor"},{"floor":28,"key":"Matryoshka"}],"event_choices":[{"damage_healed":0,"gold_gain":0,"player_choice":"Ignored","damage_taken":0,"max_hp_gain":0,"max_hp_loss":0,"event_name":"Liars Game","floor":3,"gold_loss":0},{"damage_healed":0,"gold_gain":0,"player_choice":"Lose Max HP","damage_taken":0,"relics_obtained":["Golden Idol"],"max_hp_gain":0,"max_hp_loss":7,"event_name":"Golden Idol","floor":4,"gold_loss":0},{"damage_healed":0,"gold_gain":0,"player_choice":"Grow","damage_taken":0,"max_hp_gain":0,"max_hp_loss":0,"event_name":"Living Wall","floor":5,"gold_loss":0,"cards_upgraded":["Sweeping Beam"]},{"damage_healed":0,"gold_gain":0,"player_choice":"Fought Mushrooms","damage_taken":0,"max_hp_gain":0,"max_hp_loss":0,"event_name":"Mushrooms","floor":7,"gold_loss":0},{"damage_healed":0,"gold_gain":75,"player_choice":"Gather Gold","damage_taken":11,"max_hp_gain":0,"max_hp_loss":0,"event_name":"World of Goop","floor":11,"gold_loss":0},{"damage_healed":0,"gold_gain":0,"player_choice":"Read","damage_taken":0,"max_hp_gain":0,"max_hp_loss":0,"event_name":"The Library","floor":19,"gold_loss":0,"cards_obtained":["Glacier"]},{"damage_healed":0,"gold_gain":0,"player_choice":"Copied","damage_taken":0,"max_hp_gain":0,"max_hp_loss":0,"event_name":"Duplicator","floor":22,"gold_loss":0,"cards_obtained":["Dark Shackles"]},{"damage_healed":0,"gold_gain":0,"player_choice":"Ignored","damage_taken":0,"max_hp_gain":0,"max_hp_loss":0,"event_name":"The Mausoleum","floor":30,"gold_loss":0}],"is_beta":false,"boss_relics":[{"not_picked":["Black Star","Astrolabe"],"picked":"Busted Crown"}],"items_purged_floors":[21],"is_endless":false,"potions_floor_spawned":[1,6,13,14,16,20],"killed_by":"Collector","ascension_level":20}