{"gold_per_floor":[115,40,40,40,54,54,54,81,81,97,123,136,156,238,238,340,340,351,324,324,324,30,30,61,71,71,71,82,93,93,110,110,213,213,229,244,244,244,264,264,91,102,171,171,191,207,207,223,223,223,223,223,122,148,148],"floor_reached":55,"playtime":2805,"items_purged":["Strike_R","Defend_R"],"score":726,"play_id":"48321605-896f-458d-9570-b43baefbcce4","local_time":"20190328120602","is_ascension_mode":false,"campfire_choices":[{"data":"Defend_R","floor":6,"key":"SMITH"},{"data":"Bash","floor":15,"key":"SMITH"},{"floor":23,"key":"RECALL"},{"data":"Rage","floor":32,"key":"SMITH"},{"data":"Heavy Blade","floor":40,"key":"SMITH"},{"data":"Demon Form","floor":44,"key":"SMITH"},{"data":"Flame Barrier","floor":47,"key":"SMITH"},{"data":"Rampage","floor":49,"key":"SMITH"},{"data":"Carnage","floor":52,"key":"SMITH"}],"neow_cost":"NONE","seed_source_timestamp":350636753510647,"circlet_count":0,"master_deck":["Defend_R+1","Defend_R+1","Bash+1","Carnage+1","Inflame","Clash","Demon Form+1","Flame Barrier+1","Inflame","Necronomicurse","Bite","Bite","Bite","Bite","Bite","Rampage+1","Heavy Blade+1","Rage+1","Fire Breathing+1","Fire Breathing+1","Fire Breathing+1","Fire Breathing+1","Spot Weakness+1"],"relics":["Burning Blood","Happy Flower","FossilizedHelix","Singing Bowl","Turnip","Meat on the Bone","Black Star","Necronomicon","Frozen Egg 2","Red Skull","Self Forming Clay","Lizard Tail","Gambling Chip","Gremlin Horn","Lantern","Blue Candle"],"potions_floor_usage":[7,8,11,24,28,33,39,45,50,54,54],"damage_taken":[{"damage":5,"enemies":"2 Louse","floor":1,"turns":3},{"damage":1,"enemies":"Jaw Worm","floor":5,"turns":6},{"damage":43,"enemies":"Gremlin Nob","floor":8,"turns":6},{"damage":0,"enemies":"Cultist","floor":10,"turns":3},{"damage":20,"enemies":"3 Sentries","floor":11,"turns":7},{"damage":0,"enemies":"Blue Slaver","floor":12,"turns":2},{"damage":0,"enemies":"Red Slaver","floor":13,"turns":4},{"damage":37,"enemies":"Hexaghost","floor":16,"turns":7},{"damage":0,"enemies":"Chosen","floor":18,"turns":4},{"damage":21,"enemies":"2 Thieves","floor":19,"turns":5},{"damage":40,"enemies":"Slavers","floor":24,"turns":6},{"damage":8,"enemies":"Snecko","floor":25,"turns":4},{"damage":20,"enemies":"Centurion and Healer","floor":28,"turns":5},{"damage":16,"enemies":"3 Cultists","floor":29,"turns":5},{"damage":0,"enemies":"Snake Plant","floor":31,"turns":3},{"damage":61,"enemies":"Collector","floor":33,"turns":7},{"damage":48,"enemies":"3 Darklings","floor":35,"turns":6},{"damage":13,"enemies":"Orb Walker","floor":36,"turns":3},{"damage":40,"enemies":"Sphere and 2 Shapes","floor":39,"turns":8},{"damage":0,"enemies":"3 Darklings","floor":42,"turns":5},{"damage":18,"enemies":"Spire Growth","floor":45,"turns":4},{"damage":0,"enemies":"Transient","floor":46,"turns":5},{"damage":12,"enemies":"4 Shapes","floor":48,"turns":5},{"damage":138,"enemies":"Time Eater","floor":50,"turns":11},{"damage":75,"enemies":"Shield and Spear","floor":54,"turns":6},{"damage":32,"enemies":"The Heart","floor":55,"turns":5}],"seed_played":"-8473743932540834692","potions_obtained":[{"floor":7,"key":"Fruit Juice"},{"floor":7,"key":"Weak Potion"},{"floor":7,"key":"FairyPotion"},{"floor":8,"key":"FairyPotion"},{"floor":10,"key":"Strength Potion"},{"floor":16,"key":"Weak Potion"},{"floor":18,"key":"Regen Potion"},{"floor":25,"key":"LiquidBronze"},{"floor":29,"key":"Strength Potion"},{"floor":36,"key":"Block Potion"},{"floor":42,"key":"Swift Potion"},{"floor":45,"key":"Poison Potion"}],"is_trial":false,"path_per_floor":["M","$","?","?","M","R","?","E","T","M","E","M","M","T","R","B",null,"M","M","?","?","$","R","E","M","T","$","M","M","?","M","R","B",null,"M","M","?","?","M","R","$","M","T","R","M","M","R","M","R","B",null,"R","$","E","B"],"character_chosen":"IRONCLAD","items_purchased":["Frozen Egg 2","Rampage","Fire Breathing+1","Swift Potion","Swift Potion"],"campfire_rested":0,"item_purchase_floors":[22,22,41,53,53],"current_hp_per_floor":[80,80,80,80,80,80,85,48,48,56,42,48,56,56,56,37,89,89,74,58,58,58,58,54,60,60,60,52,48,48,60,60,37,70,46,53,53,53,47,47,47,57,57,57,49,67,67,67,67,22,78,78,78,27,0],"gold":148,"neow_bonus":"RANDOM_COMMON_RELIC","is_prod":false,"is_daily":false,"chose_seed":false,"campfire_upgraded":8,"win_rate":0,"timestamp":1553785562,"path_taken":["M","$","?","?","?","R","?","E","T","M","E","?","M","?","R","BOSS","M","M","?","?","$","R","E","M","T","?","?","M","?","M","R","BOSS","M","M","?","?","M","R","$","?","T","R","M","M","R","M","R","BOSS","R","$","E","BOSS"],"build_version":"2019-01-23","purchased_purges":2,"victory":false,"max_hp_per_floor":[80,80,80,80,80,80,85,85,85,87,87,87,89,89,89,89,89,89,89,89,62,62,62,64,66,66,66,66,66,66,68,68,70,70,70,72,72,72,74,74,74,76,76,76,78,78,78,78,78,78,78,78,78,78,78],"card_choices":[{"not_picked":["True Grit","Pommel Strike","Wild Strike"],"picked":"SKIP","floor":1},{"not_picked":["Entrench","Thunderclap","Iron Wave"],"picked":"SKIP","floor":5},{"not_picked":["Pommel Strike","Body Slam"],"picked":"Carnage","floor":8},{"not_picked":["Clash","Havoc","Sword Boomerang"],"picked":"Singing Bowl","floor":10},{"not_picked":["Rupture","Reaper"],"picked":"Inflame","floor":11},{"not_picked":["Headbutt","Combust"],"picked":"Clash","floor":12},{"not_picked":["True Grit","Wild Strike","Anger"],"picked":"Singing Bowl","floor":13},{"not_picked":["Feed","Bludgeon"],"picked":"Demon Form","floor":16},{"not_picked":["Evolve","Twin Strike"],"picked":"Flame Barrier","floor":18},{"not_picked":["Headbutt+1","Corruption"],"picked":"Inflame","floor":19},{"not_picked":["True Grit","Clothesline","Reckless Charge"],"picked":"Singing Bowl","floor":24},{"not_picked":["Corruption+1","Thunderclap","Searing Blow"],"picked":"Singing Bowl","floor":25},{"not_picked":["Combust+1","Spot Weakness"],"picked":"Heavy Blade","floor":28},{"not_picked":["Thunderclap","Shockwave"],"picked":"Rage","floor":29},{"not_picked":["Body Slam","Iron Wave","Shockwave"],"picked":"Singing Bowl","floor":31},{"not_picked":["Exhume","Demon Form+1","Feed"],"picked":"Singing Bowl","floor":33},{"not_picked":["Armaments","Havoc"],"picked":"Fire Breathing+1","floor":35},{"not_picked":["Carnage","Infernal Blade","Body Slam"],"picked":"Singing Bowl","floor":36},{"not_picked":["Headbutt+1","True Grit+1","Power Through+1"],"picked":"Singing Bowl","floor":39},{"not_picked":["Body Slam","True Grit+1","Sentinel"],"picked":"Singing Bowl","floor":42},{"not_picked":["Armaments","Pommel Strike+1","Rampage+1"],"picked":"Singing Bowl","floor":45},{"not_picked":["Dark Embrace+1","Wild Strike"],"picked":"Fire Breathing+1","floor":46},{"not_picked":["Pommel Strike+1","Iron Wave"],"picked":"Fire Breathing+1","floor":48},{"not_picked":["Flex","Heavy Blade"],"picked":"Spot Weakness+1","floor":54}],"player_experience":546174,"relics_obtained":[{"floor":8,"key":"FossilizedHelix"},{"floor":9,"key":"Singing Bowl"},{"floor":11,"key":"Turnip"},{"floor":14,"key":"Meat on the Bone"},{"floor":20,"key":"Necronomicon"},{"floor":24,"key":"Red Skull"},{"floor":24,"key":"Self Forming Clay"},{"floor":43,"key":"Gremlin Horn"},{"floor":54,"key":"Lantern"},{"floor":54,"key":"Blue Candle"}],"event_choices":[{"damage_healed":0,"gold_gain":0,"player_choice":"Leave","damage_taken":0,"max_hp_gain":0,"max_hp_loss":0,"event_name":"The Cleric","floor":3,"gold_loss":0},{"damage_healed":0,"gold_gain":0,"player_choice":"Forge","damage_taken":0,"max_hp_gain":0,"max_hp_loss":0,"event_name":"Accursed Blacksmith","floor":4,"gold_loss":0,"cards_upgraded":["Defend_R"]},{"damage_healed":0,"gold_gain":0,"player_choice":"Got Potions","damage_taken":0,"max_hp_gain":0,"max_hp_loss":0,"event_name":"Lab","floor":7,"gold_loss":0},{"damage_healed":0,"gold_gain":0,"player_choice":"Obtained Book","damage_taken":16,"max_hp_gain":0,"max_hp_loss":0,"event_name":"Cursed Tome","floor":20,"gold_loss":0},{"damage_healed":0,"gold_gain":0,"player_choice":"Became a vampire","damage_taken":0,"max_hp_gain":0,"max_hp_loss":27,"event_name":"Vampires","floor":21,"gold_loss":0,"cards_obtained":["Bite","Bite","Bite","Bite","Bite"]},{"cards_removed":["Defend_R"],"damage_healed":0,"gold_gain":0,"player_choice":"Elegance","damage_taken":0,"max_hp_gain":0,"max_hp_loss":0,"event_name":"Back to Basics","floor":30,"gold_loss":0},{"damage_healed":0,"gold_gain":0,"player_choice":"Ignored","damage_taken":0,"max_hp_gain":0,"max_hp_loss":0,"event_name":"Mysterious Sphere","floor":37,"gold_loss":0},{"damage_healed":0,"gold_gain":0,"player_choice":"Gave Potion","damage_taken":0,"relics_obtained":["Gambling Chip"],"max_hp_gain":0,"max_hp_loss":0,"event_name":"WeMeetAgain","floor":38,"gold_loss":0}],"is_beta":false,"boss_relics":[{"not_picked":["Calling Bell","Coffee Dripper"],"picked":"Black Star"},{"not_picked":["Astrolabe","Pandora\u0027s Box"],"picked":"Lizard Tail"}],"items_purged_floors":[2,41],"is_endless":false,"potions_floor_spawned":[8,10,16,18,25,29,31,36,42,45],"killed_by":"The Heart","ascension_level":0}