{"gold_per_floor":[112,112,132,132,144,144,174,174,174,225,250,284,32,62,62,139,139,152,132,132,145,245,245,15,15,40,40,52,63,63,98,98,169,169,186,186,186,235,235,235,262,276,324,8,33,33,33,53,53,53,53,53,53,3,3],"floor_reached":55,"playtime":4097,"items_purged":["Strike_R","Wild Strike+1","Combust+1"],"score":1880,"play_id":"6fa4c25d-ca71-4175-9f83-59a0fa4d8755","local_time":"20181122160043","is_ascension_mode":true,"campfire_choices":[{"data":"Flame Barrier","floor":6.0,"key":"SMITH"},{"data":"Combust","floor":8.0,"key":"SMITH"},{"data":"True Grit","floor":15.0,"key":"SMITH"},{"data":"Inflame","floor":23.0,"key":"SMITH"},{"data":"Sword Boomerang","floor":27.0,"key":"SMITH"},{"data":"Limit Break","floor":30.0,"key":"SMITH"},{"data":"Pommel Strike","floor":32.0,"key":"SMITH"},{"data":"Clothesline","floor":40,"key":"SMITH"},{"data":"True Grit","floor":46,"key":"SMITH"},{"data":"Disarm","floor":47,"key":"SMITH"},{"floor":49,"key":"RECALL"},{"data":"Feel No Pain","floor":53,"key":"SMITH"}],"neow_cost":"NONE","seed_source_timestamp":8642928712846,"circlet_count":0,"master_deck":["AscendersBane","Defend_R","Defend_R","Defend_R+1","Defend_R","Bash+1","Metallicize","Flame Barrier+1","Spot Weakness+1","Pommel Strike+1","Spot Weakness","Clothesline+1","Limit Break+1","True Grit+1","Reaper","Inflame+1","Thunderclap","Sword Boomerang+1","Havoc+1","Reaper","Dropkick+1","Juggernaut+1","True Grit+1","Disarm+1","Shrug It Off","Feel No Pain+1"],"special_seed":0,"relics":["Burning Blood","Champion Belt","WingedGreaves","Gremlin Horn","Blood Vial","Regal Pillow","Coffee Dripper","Pocketwatch","Mummified Hand","Red Skull","War Paint","Astrolabe","Du-Vu Doll","Darkstone Periapt","Orichalcum","Bag of Preparation","Smiling Mask"],"potions_floor_usage":[45,55,55],"damage_taken":[{"damage":9.0,"enemies":"Jaw Worm","floor":1.0,"turns":5.0},{"damage":6.0,"enemies":"2 Louse","floor":3.0,"turns":4.0},{"damage":3.0,"enemies":"Small Slimes","floor":5.0,"turns":3.0},{"damage":19.0,"enemies":"3 Sentries","floor":7.0,"turns":6.0},{"damage":8.0,"enemies":"Lagavulin","floor":11.0,"turns":7.0},{"damage":8.0,"enemies":"Gremlin Nob","floor":12.0,"turns":3.0},{"damage":27.0,"enemies":"3 Sentries","floor":14.0,"turns":6.0},{"damage":22.0,"enemies":"Hexaghost","floor":16.0,"turns":9.0},{"damage":24.0,"enemies":"Chosen","floor":18.0,"turns":7.0},{"damage":21.0,"enemies":"2 Thieves","floor":21.0,"turns":4.0},{"damage":52.0,"enemies":"Colosseum Slavers","floor":22.0,"turns":5.0},{"damage":60.0,"enemies":"Colosseum Nobs","floor":22.0,"turns":6.0},{"damage":13.0,"enemies":"Centurion and Healer","floor":28.0,"turns":4.0},{"damage":15.0,"enemies":"Cultist and Chosen","floor":29.0,"turns":6.0},{"damage":26.0,"enemies":"Book of Stabbing","floor":31.0,"turns":3.0},{"damage":40.0,"enemies":"Automaton","floor":33.0,"turns":8.0},{"damage":27,"enemies":"3 Darklings","floor":35,"turns":3},{"damage":39,"enemies":"2 Orb Walkers","floor":38,"turns":3},{"damage":64,"enemies":"Nemesis","floor":41,"turns":7},{"damage":54,"enemies":"3 Shapes","floor":42,"turns":7},{"damage":12,"enemies":"Reptomancer","floor":45,"turns":5},{"damage":16,"enemies":"Sphere and 2 Shapes","floor":48,"turns":5},{"damage":49,"enemies":"Awakened One","floor":50,"turns":9},{"damage":112,"enemies":"Donu and Deca","floor":51,"turns":9},{"damage":104,"enemies":"Shield and Spear","floor":55,"turns":5}],"seed_played":"80672581565587492","potions_obtained":[{"floor":3.0,"key":"Energy Potion"},{"floor":7.0,"key":"SteroidPotion"},{"floor":11.0,"key":"Block Potion"},{"floor":16.0,"key":"Strength Potion"},{"floor":19.0,"key":"FearPotion"},{"floor":22.0,"key":"BloodPotion"},{"floor":29.0,"key":"SteroidPotion"},{"floor":33.0,"key":"SteroidPotion"},{"floor":35,"key":"Dexterity Potion"},{"floor":45,"key":"BloodPotion"}],"is_trial":false,"path_per_floor":["M","?","M","?","M","R","E","R","T","?","E","E","$","E","R","B",null,"M","?","$","M","?","R","$","?","T","R","M","M","R","E","R","B",null,"M","?","?","?","?","R","E","M","T","$","E","R","R","M","R","B","B",null,"R","$","E"],"character_chosen":"IRONCLAD","items_purchased":["Limit Break","Red Skull","Sword Boomerang","Shrug It Off","Bag of Preparation"],"campfire_rested":0,"item_purchase_floors":[13,24,24,44,44],"current_hp_per_floor":[65,65,65,65,68,68,55,55,55,55,53,51,51,32,32,18,61,51,51,51,75,7,7,7,7,7,7,34,36,36,49,49,42,67,75,75,71,71,71,71,49,26,26,26,65,65,65,71,71,71,52,66,66,66,0],"gold":3,"neow_bonus":"TRANSFORM_CARD","is_prod":false,"is_daily":false,"chose_seed":false,"campfire_upgraded":11,"win_rate":0,"timestamp":1542898843,"path_taken":["M","?","M","?","M","R","E","R","T","?","E","E","$","E","R","BOSS","M","?","$","?","?","R","$","?","T","R","M","M","R","E","R","BOSS","M","?","?","?","?","R","E","?","T","?","E","R","R","M","R","BOSS","BOSS","R","$","E"],"build_version":"2018-11-15","purchased_purges":3,"victory":false,"max_hp_per_floor":[75,75,75,75,75,75,75,75,75,75,75,75,75,75,75,75,75,75,75,75,75,75,75,75,75,75,75,75,75,75,75,75,75,75,75,75,71,71,71,71,71,71,71,71,71,71,71,71,71,71,71,71,71,71,71],"card_choices":[{"not_picked":["Sword Boomerang","Twin Strike"],"picked":"Flame Barrier","floor":1.0},{"not_picked":["Bloodletting","Dropkick"],"picked":"Combust","floor":3.0},{"not_picked":["Sentinel","Flame Barrier"],"picked":"Spot Weakness","floor":5.0},{"not_picked":["Power Through","Bloodletting"],"picked":"Pommel Strike","floor":7.0},{"not_picked":["Armaments","Dual Wield"],"picked":"Spot Weakness","floor":11.0},{"not_picked":["Cleave","Inflame"],"picked":"Clothesline","floor":12.0},{"not_picked":["Pummel","Havoc"],"picked":"True Grit","floor":14.0},{"not_picked":["Berserk","Barricade"],"picked":"Reaper","floor":16.0},{"not_picked":["Warcry","Flex","Blood for Blood"],"picked":"SKIP","floor":18.0},{"not_picked":["Wild Strike+1","Clothesline"],"picked":"Inflame","floor":21.0},{"not_picked":["Second Wind+1","Hemokinesis"],"picked":"Thunderclap","floor":22.0},{"not_picked":["Warcry","Reckless Charge"],"picked":"Havoc+1","floor":28.0},{"not_picked":["Cleave","Clash","Burning Pact"],"picked":"SKIP","floor":29.0},{"not_picked":["Infernal Blade","Twin Strike","Rage"],"picked":"SKIP","floor":31.0},{"not_picked":["Brutality","Exhume"],"picked":"Reaper","floor":33.0},{"not_picked":["Warcry","Reckless Charge+1","Dropkick"],"picked":"SKIP","floor":35},{"not_picked":["Cleave","Pommel Strike"],"picked":"True Grit","floor":41},{"not_picked":["Body Slam","Power Through"],"picked":"Disarm","floor":42},{"not_picked":["Evolve+1","Sentinel"],"picked":"Feel No Pain","floor":45},{"not_picked":["Perfected Strike","Seeing Red","Wild Strike"],"picked":"SKIP","floor":48}],"player_experience":596481,"relics_obtained":[{"floor":7.0,"key":"Champion Belt"},{"floor":9.0,"key":"WingedGreaves"},{"floor":11.0,"key":"Gremlin Horn"},{"floor":12.0,"key":"Blood Vial"},{"floor":14.0,"key":"Regal Pillow"},{"floor":22.0,"key":"Pocketwatch"},{"floor":22.0,"key":"Mummified Hand"},{"floor":31.0,"key":"War Paint"},{"floor":38,"key":"Du-Vu Doll"},{"floor":41,"key":"Darkstone Periapt"},{"floor":43,"key":"Orichalcum"},{"floor":45,"key":"Smiling Mask"}],"event_choices":[{"damage_healed":0.0,"max_hp_gain":0.0,"max_hp_loss":0.0,"gold_gain":0.0,"event_name":"Living Wall","player_choice":"Grow","floor":2.0,"gold_loss":0.0,"damage_taken":0.0,"cards_upgraded":["Bash"]},{"damage_healed":0.0,"max_hp_gain":0.0,"max_hp_loss":0.0,"gold_gain":0.0,"event_name":"Liars Game","player_choice":"Ignored","floor":4.0,"gold_loss":0.0,"damage_taken":0.0},{"damage_healed":0.0,"max_hp_gain":0.0,"max_hp_loss":0.0,"gold_gain":51.0,"event_name":"Golden Wing","player_choice":"Gained Gold","floor":10.0,"gold_loss":0.0,"damage_taken":0.0},{"damage_healed":0.0,"max_hp_gain":0.0,"max_hp_loss":0.0,"gold_gain":0.0,"event_name":"The Woman in Blue","player_choice":"Bought 1 Potion","floor":19.0,"gold_loss":0.0,"damage_taken":0.0},{"damage_healed":0.0,"max_hp_gain":0.0,"max_hp_loss":0.0,"gold_gain":0.0,"event_name":"Colosseum","player_choice":"Fight","floor":22.0,"gold_loss":0.0,"damage_taken":0.0},{"damage_healed":0.0,"max_hp_gain":0.0,"max_hp_loss":0.0,"gold_gain":0.0,"event_name":"Colosseum","player_choice":"Fought Nobs","floor":22.0,"gold_loss":0.0,"damage_taken":0.0},{"damage_healed":0.0,"max_hp_gain":0.0,"max_hp_loss":0.0,"gold_gain":0.0,"event_name":"Beggar","player_choice":"Ignored","floor":25.0,"gold_loss":0.0,"damage_taken":0.0},{"damage_healed":0,"gold_gain":0,"player_choice":"Memory 1","damage_taken":0,"max_hp_gain":0,"max_hp_loss":0,"event_name":"SensoryStone","floor":36,"gold_loss":0},{"damage_healed":0,"gold_gain":0,"player_choice":"Max HP","damage_taken":0,"max_hp_gain":0,"max_hp_loss":4,"event_name":"Winding Halls","floor":37,"gold_loss":0},{"damage_healed":0,"gold_gain":0,"player_choice":"Fight","damage_taken":0,"max_hp_gain":0,"max_hp_loss":0,"event_name":"Mysterious Sphere","floor":38,"gold_loss":0},{"damage_healed":0,"gold_gain":0,"player_choice":"Ignored","damage_taken":0,"max_hp_gain":0,"max_hp_loss":0,"event_name":"Tomb of Lord Red Mask","floor":39,"gold_loss":0}],"is_beta":false,"boss_relics":[{"not_picked":["Eternal Feather","Empty Cage"],"picked":"Coffee Dripper"},{"not_picked":["Runic Dome","Orrery"],"picked":"Astrolabe"}],"items_purged_floors":[13,44,54],"is_endless":false,"potions_floor_spawned":[3,7,11,16,22,29,33,35,45],"killed_by":"Shield and Spear","ascension_level":20}