{"gold_per_floor":[16,16,16,26,51,51,70,99,99,124,124,134,134,149,149,223,223,238,238,107,207,226,254,273,273,299,333,343,371,212,237,237,314,314,324,344,358,403,403,403,403],"floor_reached":41,"playtime":3105,"items_purged":["Dropkick","Bite"],"score":958,"play_id":"ddc52ead-015b-4667-a236-6fbe660b32ee","local_time":"20181223150640","is_ascension_mode":true,"campfire_choices":[{"data":"Bash","floor":6,"key":"SMITH"},{"data":"Thunderclap","floor":11,"key":"SMITH"},{"data":"Armaments","floor":13,"key":"SMITH"},{"floor":15,"key":"REST"},{"data":"Fiend Fire","floor":25,"key":"SMITH"},{"data":"Bite","floor":32,"key":"PURGE"},{"floor":40,"key":"RECALL"}],"neow_cost":"NO_GOLD","seed_source_timestamp":7678597703544,"circlet_count":0,"master_deck":["AscendersBane","Defend_R","Defend_R","Defend_R","Defend_R","Bash+1","Reaper","Pommel Strike","Thunderclap+1","Offering","Armaments+1","Fiend Fire+1","Bite","Bite","Bite","Battle Trance","Clothesline"],"relics":["Burning Blood","Regal Pillow","Bag of Preparation","Letter Opener","Busted Crown","Calipers","Bottled Flame","Peace Pipe","Orichalcum","Meat on the Bone","Blue Candle","Vajra","Fusion Hammer","WingedGreaves"],"potions_floor_usage":[8,10,16,21,31,41,41],"damage_taken":[{"damage":8,"enemies":"Small Slimes","floor":1,"turns":5},{"damage":6,"enemies":"Jaw Worm","floor":4,"turns":5},{"damage":4,"enemies":"2 Louse","floor":7,"turns":4},{"damage":24,"enemies":"Gremlin Nob","floor":8,"turns":4},{"damage":39,"enemies":"Lagavulin","floor":10,"turns":5},{"damage":9,"enemies":"2 Fungi Beasts","floor":12,"turns":4},{"damage":11,"enemies":"Blue Slaver","floor":14,"turns":5},{"damage":64,"enemies":"Slime Boss","floor":16,"turns":10},{"damage":18,"enemies":"Shell Parasite","floor":18,"turns":5},{"damage":19,"enemies":"Colosseum Slavers","floor":21,"turns":4},{"damage":24,"enemies":"Colosseum Nobs","floor":21,"turns":4},{"damage":13,"enemies":"3 Byrds","floor":22,"turns":4},{"damage":37,"enemies":"Slavers","floor":23,"turns":5},{"damage":6,"enemies":"Shelled Parasite and Fungi","floor":24,"turns":1},{"damage":47,"enemies":"Book of Stabbing","floor":27,"turns":3},{"damage":6,"enemies":"Centurion and Healer","floor":28,"turns":2},{"damage":32,"enemies":"Slavers","floor":29,"turns":6},{"damage":20,"enemies":"Gremlin Leader","floor":31,"turns":2},{"damage":64,"enemies":"Collector","floor":33,"turns":4},{"damage":14,"enemies":"3 Darklings","floor":35,"turns":4},{"damage":0,"enemies":"Orb Walker","floor":36,"turns":2},{"damage":12,"enemies":"Sphere and 2 Shapes","floor":37,"turns":7},{"damage":19,"enemies":"2 Orb Walkers","floor":38,"turns":3},{"damage":119,"enemies":"Giant Head","floor":41,"turns":8}],"seed_played":"5790824250498525746","potions_obtained":[{"floor":1,"key":"PowerPotion"},{"floor":4,"key":"Weak Potion"},{"floor":14,"key":"GamblersBrew"},{"floor":18,"key":"Dexterity Potion"},{"floor":21,"key":"FearPotion"},{"floor":27,"key":"SteroidPotion"},{"floor":33,"key":"EssenceOfSteel"}],"is_trial":false,"path_per_floor":["M","?","?","M","T","R","M","E","T","E","R","M","R","M","R","B",null,"M","?","$","?","M","E","M","R","T","E","M","E","$","E","R","B",null,"M","M","M","?","?","R","E"],"character_chosen":"IRONCLAD","items_purchased":["Block Potion","Clothesline"],"campfire_rested":1,"item_purchase_floors":[20,30],"current_hp_per_floor":[70,70,52,54,54,54,62,52,52,21,21,20,20,17,54,10,59,55,55,55,66,75,65,71,71,71,35,54,52,52,52,52,29,64,75,75,75,66,66,66,0],"gold":403,"neow_bonus":"THREE_RARE_CARDS","is_prod":false,"is_daily":false,"chose_seed":false,"campfire_upgraded":4,"win_rate":0,"timestamp":1545574000,"path_taken":["M","?","?","M","?","R","M","E","T","E","R","M","R","M","R","BOSS","M","?","$","?","M","E","M","R","T","E","M","E","$","E","R","BOSS","M","M","M","?","?","R","E"],"build_version":"2018-12-20","purchased_purges":2,"victory":false,"max_hp_per_floor":[75,75,75,75,75,75,75,75,75,75,75,75,75,75,75,75,75,75,75,75,75,75,75,75,75,75,75,75,75,75,75,75,75,75,75,75,75,75,75,75,75],"card_choices":[{"not_picked":["Berserk","Barricade"],"picked":"Reaper","floor":0},{"not_picked":["Body Slam","Power Through"],"picked":"Dropkick","floor":1},{"not_picked":["Sever Soul","Burning Pact"],"picked":"Pommel Strike","floor":4},{"not_picked":["Shrug It Off","Clash"],"picked":"Pommel Strike","floor":7},{"not_picked":["Body Slam","Havoc"],"picked":"Thunderclap","floor":8},{"not_picked":["Armaments","Twin Strike"],"picked":"Offering","floor":10},{"not_picked":["Blood for Blood","Fire Breathing"],"picked":"Armaments","floor":12},{"not_picked":["Rage","Infernal Blade","Twin Strike"],"picked":"SKIP","floor":14},{"not_picked":["Limit Break","Exhume"],"picked":"Fiend Fire","floor":16},{"not_picked":["Anger"],"picked":"SKIP","floor":18},{"not_picked":[],"picked":"Battle Trance","floor":21},{"not_picked":["Wild Strike"],"picked":"SKIP","floor":22},{"not_picked":["Wild Strike"],"picked":"SKIP","floor":22},{"not_picked":["Wild Strike"],"picked":"SKIP","floor":22},{"not_picked":["Thunderclap+1"],"picked":"SKIP","floor":23},{"not_picked":["Sword Boomerang"],"picked":"SKIP","floor":24},{"not_picked":["Body Slam"],"picked":"SKIP","floor":27},{"not_picked":["Heavy Blade"],"picked":"SKIP","floor":28},{"not_picked":["Cleave+1"],"picked":"SKIP","floor":29},{"not_picked":["Warcry"],"picked":"SKIP","floor":31},{"not_picked":["Rupture"],"picked":"SKIP","floor":35},{"not_picked":["Sword Boomerang"],"picked":"SKIP","floor":36},{"not_picked":["Anger"],"picked":"SKIP","floor":37}],"player_experience":679015,"relics_obtained":[{"floor":5,"key":"Regal Pillow"},{"floor":8,"key":"Bag of Preparation"},{"floor":10,"key":"Letter Opener"},{"floor":21,"key":"Calipers"},{"floor":21,"key":"Bottled Flame"},{"floor":23,"key":"Peace Pipe"},{"floor":26,"key":"Orichalcum"},{"floor":27,"key":"Meat on the Bone"},{"floor":29,"key":"Blue Candle"},{"floor":31,"key":"Vajra"},{"floor":38,"key":"WingedGreaves"}],"event_choices":[{"damage_healed":0,"gold_gain":0,"player_choice":"Leave","damage_taken":0,"max_hp_gain":0,"max_hp_loss":0,"event_name":"The Cleric","floor":2,"gold_loss":0},{"damage_healed":0,"gold_gain":0,"player_choice":"Success","damage_taken":18,"relics_obtained":["Blood Vial"],"max_hp_gain":0,"max_hp_loss":0,"event_name":"Scrap Ooze","floor":3,"gold_loss":0},{"damage_healed":0,"gold_gain":0,"player_choice":"Became a vampire (Vial)","damage_taken":0,"max_hp_gain":0,"max_hp_loss":0,"event_name":"Vampires","floor":19,"relics_lost":["Blood Vial"],"gold_loss":0,"cards_obtained":["Bite","Bite","Bite","Bite","Bite"]},{"damage_healed":0,"gold_gain":0,"player_choice":"Fight","damage_taken":0,"max_hp_gain":0,"max_hp_loss":0,"event_name":"Colosseum","floor":21,"gold_loss":0},{"damage_healed":0,"gold_gain":0,"player_choice":"Fought Nobs","damage_taken":0,"max_hp_gain":0,"max_hp_loss":0,"event_name":"Colosseum","floor":21,"gold_loss":0},{"damage_healed":0,"gold_gain":0,"player_choice":"Fight","damage_taken":0,"max_hp_gain":0,"max_hp_loss":0,"event_name":"Mysterious Sphere","floor":38,"gold_loss":0},{"cards_removed":["Pommel Strike"],"damage_healed":0,"gold_gain":0,"player_choice":"Removed Attack","damage_taken":0,"max_hp_gain":0,"max_hp_loss":0,"event_name":"Falling","floor":39,"gold_loss":0}],"is_beta":false,"boss_relics":[{"not_picked":["Pandora\u0027s Box","Lizard Tail"],"picked":"Busted Crown"},{"not_picked":["Empty Cage","Tiny House"],"picked":"Fusion Hammer"}],"items_purged_floors":[20,30],"is_endless":false,"potions_floor_spawned":[1,4,14,18,21,21,27,29,33,36],"killed_by":"Giant Head","ascension_level":20}