{"gold_per_floor":[112,112,132,151,151,151,176,196,196,221,221,250,265,282,282,383,383,396,396,414,414,432,432,68,68,93,110,110],"floor_reached":28,"playtime":1586,"items_purged":["Defend_B"],"score":267,"play_id":"d2cb1fd8-5cdc-4b50-9dd6-c587cfd85585","local_time":"20181010083217","is_ascension_mode":true,"campfire_choices":[{"data":"Zap","floor":6,"key":"SMITH"},{"floor":11,"key":"REST"},{"floor":15,"key":"REST"},{"floor":23,"key":"REST"},{"data":"Consume","floor":25,"key":"SMITH"}],"neow_cost":"NONE","seed_source_timestamp":255948252383998,"circlet_count":0,"master_deck":["Strike_B","Strike_B","Defend_B","Zap+1","Dualcast","Rainbow","Storm","Electrodynamics","Leap","Loop","Force Field","Steam","Capacitor","Sunder","Redo","Consume+1","Conserve Battery","Reboot","Doom and Gloom","Ghostly","Ghostly","Ghostly","Ghostly","Ghostly","Leap"],"relics":["Cracked Core","Pear","Shuriken","Sundial","Bag of Marbles","Empty Cage","Gambling Chip","Vajra"],"potions_floor_usage":[16,16,18,20,27,28],"damage_taken":[{"damage":0,"enemies":"Small Slimes","floor":1,"turns":3},{"damage":0,"enemies":"Cultist","floor":3,"turns":2},{"damage":2,"enemies":"2 Louse","floor":4,"turns":2},{"damage":14,"enemies":"Gremlin Nob","floor":7,"turns":3},{"damage":0,"enemies":"Red Slaver","floor":8,"turns":4},{"damage":20,"enemies":"3 Sentries","floor":10,"turns":5},{"damage":11,"enemies":"3 Sentries","floor":12,"turns":3},{"damage":7,"enemies":"2 Fungi Beasts","floor":13,"turns":3},{"damage":7,"enemies":"Exordium Thugs","floor":14,"turns":3},{"damage":34,"enemies":"Hexaghost","floor":16,"turns":9},{"damage":7,"enemies":"Spheric Guardian","floor":18,"turns":4},{"damage":18,"enemies":"2 Thieves","floor":20,"turns":3},{"damage":17,"enemies":"Centurion and Healer","floor":22,"turns":7},{"damage":24,"enemies":"Snake Plant","floor":27,"turns":5},{"damage":16,"enemies":"Snecko","floor":28,"turns":3}],"seed_played":"-259021944097584993","potions_obtained":[{"floor":1,"key":"SteroidPotion"},{"floor":10,"key":"SpeedPotion"},{"floor":10,"key":"AttackPotion"},{"floor":14,"key":"PowerPotion"},{"floor":16,"key":"SkillPotion"},{"floor":18,"key":"FearPotion"},{"floor":27,"key":"Weak Potion"}],"is_trial":false,"path_per_floor":["M","?","M","M","?","R","E","M","T","?","R","E","M","M","R","B",null,"M","?","M","?","M","R","$","R","T","M"],"character_chosen":"DEFECT","items_purchased":["Gambling Chip"],"campfire_rested":3,"item_purchase_floors":[24],"current_hp_per_floor":[75,75,75,73,66,66,62,62,62,42,67,56,49,42,67,33,85,78,78,60,42,25,37,37,37,37,13,0],"gold":110,"neow_bonus":"ONE_RANDOM_RARE_CARD","is_prod":false,"is_daily":false,"chose_seed":false,"campfire_upgraded":2,"win_rate":0,"timestamp":1539171137,"path_taken":["M","?","?","M","?","R","E","M","T","?","R","E","?","M","R","BOSS","M","?","M","?","?","R","$","R","T","?","M"],"build_version":"2018-10-04v2","purchased_purges":1,"victory":false,"max_hp_per_floor":[75,75,75,75,75,75,85,85,85,85,85,85,85,85,85,85,85,85,85,85,42,42,42,42,42,42,42,42],"card_choices":[{"not_picked":["Compile Driver","Streamline"],"picked":"Storm","floor":1},{"not_picked":["Steam Power","Coolheaded"],"picked":"Loop","floor":3},{"not_picked":["Stack","Glacier"],"picked":"Force Field","floor":4},{"not_picked":["Blizzard","Multi-Cast"],"picked":"Steam","floor":7},{"not_picked":["Steam Power","Cold Snap"],"picked":"Capacitor","floor":8},{"not_picked":["Steam Power","Sweeping Beam"],"picked":"Sunder","floor":10},{"not_picked":["Reboot","Sweeping Beam"],"picked":"Redo","floor":12},{"not_picked":["Steam","Undo"],"picked":"Consume","floor":13},{"not_picked":["Rebound","Steam"],"picked":"Conserve Battery","floor":14},{"not_picked":["Biased Cognition","Fission"],"picked":"Reboot","floor":16},{"not_picked":["Streamline","Hologram"],"picked":"Doom and Gloom","floor":18},{"not_picked":["Go for the Eyes","Thunder Strike","Sunder"],"picked":"SKIP","floor":20},{"not_picked":["Gash+1","Compile Driver"],"picked":"Leap","floor":22},{"not_picked":["White Noise","Doom and Gloom+1","Steam"],"picked":"SKIP","floor":27}],"player_experience":318992,"relics_obtained":[{"floor":7,"key":"Pear"},{"floor":9,"key":"Shuriken"},{"floor":10,"key":"Sundial"},{"floor":12,"key":"Bag of Marbles"},{"floor":26,"key":"Vajra"}],"event_choices":[{"event_name":"Match and Keep!","player_choice":"2 cards matched","floor":2,"damage_taken":0},{"event_name":"Golden Wing","player_choice":"Card Removal","floor":5,"damage_taken":0},{"event_name":"Dead Adventurer","player_choice":"Searched \u00272\u0027 times","floor":10,"damage_taken":0},{"event_name":"Back to Basics","player_choice":"Elegance","floor":19,"damage_taken":0},{"event_name":"Ghosts","player_choice":"Became a Ghost","floor":21,"damage_taken":0}],"is_beta":false,"boss_relics":[{"not_picked":["Snecko Eye","Cursed Key"],"picked":"Empty Cage"}],"items_purged_floors":[24],"is_endless":false,"potions_floor_spawned":[1,10,10,12,14,16,18,27],"killed_by":"Snecko","ascension_level":1}