{"gold_per_floor":[111,111,124,138,60,93,93,108,131,131,144,144,177,187,187,285,285,302,302],"floor_reached":19,"playtime":979,"items_purged":[],"score":179,"play_id":"4400813e-8956-4eb0-8c1e-445b804ccabe","local_time":"20190311135043","is_ascension_mode":false,"campfire_choices":[{"data":"Noxious Fumes","floor":7,"key":"SMITH"},{"floor":10,"key":"RECALL"},{"data":"Catalyst","floor":12,"key":"SMITH"},{"data":"Dagger Spray","floor":15,"key":"SMITH"}],"neow_cost":"NONE","seed_source_timestamp":9261193318585,"circlet_count":0,"master_deck":["Defend_G","Defend_G","Defend_G","Defend_G","Defend_G","Strike_G","Strike_G","Strike_G+1","Strike_G","Strike_G","Survivor","Neutralize+1","Escape Plan+1","Dagger Spray+1","Noxious Fumes+1","Catalyst+1","Deadly Poison","Die Die Die"],"relics":["Ring of the Serpent","Whetstone","Vajra","Juzu Bracelet"],"potions_floor_usage":[6,16,16,19],"damage_taken":[{"damage":2,"enemies":"Small Slimes","floor":1,"turns":4},{"damage":0,"enemies":"Cultist","floor":3,"turns":4},{"damage":0,"enemies":"Jaw Worm","floor":4,"turns":4},{"damage":3,"enemies":"Gremlin Nob","floor":6,"turns":5},{"damage":2,"enemies":"3 Louse","floor":8,"turns":3},{"damage":4,"enemies":"Red Slaver","floor":11,"turns":4},{"damage":10,"enemies":"Lagavulin","floor":13,"turns":8},{"damage":0,"enemies":"Gremlin Gang","floor":14,"turns":3},{"damage":33,"enemies":"Slime Boss","floor":16,"turns":9},{"damage":7,"enemies":"Shell Parasite","floor":18,"turns":4},{"damage":37,"enemies":"Colosseum Slavers","floor":19,"turns":4},{"damage":26,"enemies":"Colosseum Nobs","floor":19,"turns":4}],"seed_played":"-4613552620224022284","potions_obtained":[{"floor":1,"key":"Regen Potion"},{"floor":4,"key":"GhostInAJar"},{"floor":6,"key":"Ancient Potion"},{"floor":14,"key":"Dexterity Potion"}],"is_trial":false,"path_per_floor":["M","?","M","M","$","E","R","M","T","R","M","R","E","M","R","B",null,"M","?"],"character_chosen":"THE_SILENT","items_purchased":["Noxious Fumes"],"campfire_rested":0,"item_purchase_floors":[5],"current_hp_per_floor":[68,68,68,68,68,65,65,63,63,63,59,59,49,49,49,31,70,63,0],"gold":302,"neow_bonus":"RANDOM_COMMON_RELIC","is_prod":false,"is_daily":false,"chose_seed":false,"campfire_upgraded":3,"win_rate":0,"timestamp":1552323043,"path_taken":["M","?","M","M","$","E","R","?","T","R","M","R","E","M","R","BOSS","M","?"],"build_version":"2019-01-23","purchased_purges":0,"victory":false,"max_hp_per_floor":[70,70,70,70,70,70,70,70,70,70,70,70,70,70,70,70,70,70,70],"card_choices":[{"not_picked":["Finisher","Setup"],"picked":"Escape Plan","floor":1},{"not_picked":["Bane","Outmaneuver","Dodge and Roll"],"picked":"SKIP","floor":3},{"not_picked":["Outmaneuver","Choke"],"picked":"Dagger Spray","floor":4},{"not_picked":["Cloak And Dagger","Wraith Form v2","Outmaneuver"],"picked":"SKIP","floor":6},{"not_picked":["Terror","Distraction","Skewer"],"picked":"SKIP","floor":8},{"not_picked":["Deadly Poison","Prepared"],"picked":"Catalyst","floor":11},{"not_picked":["Reflex","Dodge and Roll"],"picked":"Deadly Poison","floor":13},{"not_picked":["Dagger Throw","Blade Dance","Acrobatics"],"picked":"SKIP","floor":14},{"not_picked":["Phantasmal Killer","After Image"],"picked":"Die Die Die","floor":16},{"not_picked":["Bane","Deflect","Acrobatics"],"picked":"SKIP","floor":18}],"player_experience":489256,"relics_obtained":[{"floor":6,"key":"Vajra"},{"floor":13,"key":"Juzu Bracelet"}],"event_choices":[{"damage_healed":0,"gold_gain":0,"player_choice":"Upgraded","damage_taken":0,"max_hp_gain":0,"max_hp_loss":0,"event_name":"Upgrade Shrine","floor":2,"gold_loss":0,"cards_upgraded":["Escape Plan"]},{"damage_healed":0,"gold_gain":0,"player_choice":"Fight","damage_taken":0,"max_hp_gain":0,"max_hp_loss":0,"event_name":"Colosseum","floor":19,"gold_loss":0},{"damage_healed":0,"gold_gain":0,"player_choice":"Fought Nobs","damage_taken":0,"max_hp_gain":0,"max_hp_loss":0,"event_name":"Colosseum","floor":19,"gold_loss":0}],"is_beta":false,"boss_relics":[{"not_picked":["Pandora\u0027s Box","Black Star"],"picked":"Ring of the Serpent"}],"items_purged_floors":[],"is_endless":false,"potions_floor_spawned":[1,4,6,14,19],"killed_by":"Colosseum Nobs","ascension_level":0}