{"gold_per_floor":[112,123,143,143,155,186,186,216,216,216,242,261,278,353,353,353],"floor_reached":16,"playtime":732,"items_purged":[],"score":244,"play_id":"e7353e8e-5997-42d6-8e76-36e7ff4e339d","local_time":"20181208133652","is_ascension_mode":true,"campfire_choices":[{"data":"Hyperbeam","floor":7.0,"key":"SMITH"},{"floor":10.0,"key":"REST"},{"floor":15,"key":"REST"}],"neow_cost":"NONE","seed_source_timestamp":6276293021708,"circlet_count":0,"master_deck":["AscendersBane","Strike_B","Strike_B","Strike_B","Strike_B","Defend_B","Defend_B","Defend_B","Defend_B","Zap","Dualcast","Hyperbeam+1","Compile Driver","Ball Lightning","Cold Snap","Ball Lightning","Defragment","Doom and Gloom","FTL","Glacier","Steam"],"special_seed":0,"relics":["Cracked Core","Oddly Smooth Stone","Potion Belt","Question Card","Calipers"],"potions_floor_usage":[],"damage_taken":[{"damage":0.0,"enemies":"Cultist","floor":1.0,"turns":2.0},{"damage":2.0,"enemies":"2 Louse","floor":2.0,"turns":3.0},{"damage":7.0,"enemies":"Jaw Worm","floor":3.0,"turns":2.0},{"damage":0.0,"enemies":"Gremlin Gang","floor":5.0,"turns":2.0},{"damage":8.0,"enemies":"3 Sentries","floor":6.0,"turns":4.0},{"damage":16.0,"enemies":"Lagavulin","floor":8.0,"turns":6.0},{"damage":14.0,"enemies":"3 Sentries","floor":11.0,"turns":3.0},{"damage":22,"enemies":"Large Slime","floor":12,"turns":5},{"damage":0,"enemies":"3 Louse","floor":13,"turns":1},{"damage":28,"enemies":"Hexaghost","floor":16,"turns":11}],"seed_played":"8625594095504037316","potions_obtained":[{"floor":3.0,"key":"Explosive Potion"},{"floor":5.0,"key":"PowerPotion"},{"floor":8.0,"key":"Dexterity Potion"},{"floor":11.0,"key":"EssenceOfSteel"}],"is_trial":false,"path_per_floor":["M","M","M","?","M","E","R","E","T","R","E","M","M","?","R","B"],"character_chosen":"DEFECT","items_purchased":[],"campfire_rested":2,"item_purchase_floors":[],"current_hp_per_floor":[64,62,55,55,55,47,47,31,31,52,38,16,16,5,26,0],"gold":353,"neow_bonus":"ONE_RANDOM_RARE_CARD","is_prod":false,"is_daily":false,"chose_seed":false,"campfire_upgraded":1,"win_rate":0,"timestamp":1544272612,"path_taken":["M","?","M","?","?","E","R","E","T","R","E","M","M","?","R","BOSS"],"build_version":"2018-12-06","purchased_purges":0,"victory":false,"max_hp_per_floor":[71,71,71,71,71,71,71,71,71,71,71,71,71,71,71,71],"card_choices":[{"not_picked":["Stack","Self Repair","Double Energy"],"picked":"SKIP","floor":1.0},{"not_picked":["Leap","Undo"],"picked":"Compile Driver","floor":2.0},{"not_picked":["Blizzard","Barrage"],"picked":"Ball Lightning","floor":3.0},{"not_picked":["Compile Driver","Coolheaded"],"picked":"Ball Lightning","floor":5.0},{"not_picked":["Barrage","Hologram"],"picked":"Defragment","floor":6.0},{"not_picked":["Steam","Redo"],"picked":"Doom and Gloom","floor":8.0},{"not_picked":["Barrage","Melter","Streamline"],"picked":"FTL","floor":11.0},{"not_picked":["Ball Lightning","Undo","Loop"],"picked":"Glacier","floor":12},{"not_picked":["Leap","Storm","Force Field"],"picked":"Steam","floor":13}],"player_experience":631193,"relics_obtained":[{"floor":6.0,"key":"Oddly Smooth Stone"},{"floor":8.0,"key":"Potion Belt"},{"floor":9.0,"key":"Question Card"},{"floor":11.0,"key":"Calipers"}],"event_choices":[{"damage_healed":0.0,"max_hp_gain":0.0,"max_hp_loss":0.0,"gold_gain":0.0,"event_name":"Match and Keep!","player_choice":"1 cards matched","floor":4.0,"gold_loss":0.0,"damage_taken":0.0,"cards_obtained":["Cold Snap"]},{"damage_healed":0,"gold_gain":75,"player_choice":"Gather Gold","damage_taken":11,"max_hp_gain":0,"max_hp_loss":0,"event_name":"World of Goop","floor":14,"gold_loss":0}],"is_beta":false,"boss_relics":[],"items_purged_floors":[],"is_endless":false,"potions_floor_spawned":[3,5,8,11],"killed_by":"Hexaghost","ascension_level":20}