{"gold_per_floor":[112,112,14,33,33,33,61,71,98,98,132,151,151,185,185,263,263,275,190,204,218,237,237,248,248,248,279,119,145,162,174,174,174],"floor_reached":33,"playtime":3359,"items_purged":["Injury"],"score":624,"play_id":"ff2c03c4-4984-428f-b4b5-783e1ee86720","local_time":"20190304144927","is_ascension_mode":true,"campfire_choices":[{"data":"Neutralize","floor":6,"key":"SMITH"},{"floor":10,"key":"REST"},{"floor":15,"key":"REST"},{"data":"Malaise","floor":23,"key":"SMITH"},{"data":"Footwork","floor":25,"key":"SMITH"},{"floor":32,"key":"REST"}],"neow_cost":"NONE","seed_source_timestamp":5843689375128,"circlet_count":0,"master_deck":["AscendersBane","Defend_G","Defend_G","Defend_G","Defend_G+1","Defend_G+1","Strike_G","Strike_G+1","Strike_G","Strike_G","Strike_G","Survivor+1","Neutralize+1","Dagger Spray+1","Footwork+1","Dagger Throw","Terror","Backflip","Malaise+1","Leg Sweep+1","Poisoned Stab","PiercingWail+1","Cloak And Dagger","Crippling Poison","Bane+1","Crippling Poison"],"relics":["Ring of the Snake","NeowsBlessing","War Paint","Bottled Flame","Bag of Preparation","Boot","Pantograph","Cursed Key","Strawberry","Bottled Tornado","Red Mask","Lantern"],"potions_floor_usage":[11,16,16,24,29,33,33],"damage_taken":[{"damage":0,"enemies":"Cultist","floor":1,"turns":1},{"damage":0,"enemies":"Jaw Worm","floor":4,"turns":1},{"damage":0,"enemies":"Lagavulin","floor":7,"turns":1},{"damage":0,"enemies":"2 Louse","floor":8,"turns":2},{"damage":13,"enemies":"3 Sentries","floor":11,"turns":10},{"damage":4,"enemies":"Large Slime","floor":12,"turns":4},{"damage":23,"enemies":"Gremlin Nob","floor":14,"turns":4},{"damage":45,"enemies":"Slime Boss","floor":16,"turns":11},{"damage":12,"enemies":"3 Byrds","floor":18,"turns":3},{"damage":1,"enemies":"Spheric Guardian","floor":20,"turns":6},{"damage":0,"enemies":"Snake Plant","floor":21,"turns":7},{"damage":0,"enemies":"Centurion and Healer","floor":22,"turns":10},{"damage":0,"enemies":"Shelled Parasite and Fungi","floor":24,"turns":7},{"damage":24,"enemies":"Masked Bandits","floor":27,"turns":5},{"damage":27,"enemies":"Gremlin Leader","floor":29,"turns":7},{"damage":0,"enemies":"Snecko","floor":30,"turns":6},{"damage":0,"enemies":"Centurion and Healer","floor":31,"turns":6},{"damage":61,"enemies":"Champ","floor":33,"turns":18}],"seed_played":"-5250729434998673903","potions_obtained":[{"floor":4,"key":"EssenceOfSteel"},{"floor":11,"key":"EssenceOfSteel"},{"floor":22,"key":"Regen Potion"},{"floor":27,"key":"SkillPotion"},{"floor":29,"key":"EssenceOfSteel"}],"is_trial":false,"path_per_floor":["M","?","$","M","?","R","E","M","T","R","E","M","?","E","R","B",null,"M","?","M","M","M","R","M","R","T","?","$","E","M","M","R","B"],"character_chosen":"THE_SILENT","items_purchased":["Footwork","Strength Potion","GhostInAJar"],"campfire_rested":3,"item_purchase_floors":[3,3,28],"current_hp_per_floor":[59,54,54,54,34,34,34,34,34,53,40,36,36,13,32,12,53,41,48,47,47,47,47,62,62,62,38,38,11,11,11,32,0],"gold":174,"neow_bonus":"THREE_ENEMY_KILL","is_prod":false,"is_daily":false,"chose_seed":false,"campfire_upgraded":3,"win_rate":0,"timestamp":1551707367,"path_taken":["M","?","$","M","?","R","E","M","T","R","E","M","?","E","R","BOSS","M","?","M","M","M","R","M","R","T","?","$","E","M","M","R","BOSS"],"build_version":"2019-01-23","purchased_purges":1,"victory":false,"max_hp_per_floor":[66,66,66,66,66,66,66,66,66,66,66,66,66,66,66,66,66,66,73,73,73,73,73,73,73,73,73,73,73,73,73,73,73],"card_choices":[{"not_picked":["Dagger Throw","Heel Hook"],"picked":"Dagger Spray","floor":1},{"not_picked":["Escape Plan","Flying Knee"],"picked":"Dagger Throw","floor":4},{"not_picked":["Bullet Time","Expertise","Unload"],"picked":"SKIP","floor":7},{"not_picked":["Bane","Finisher","Endless Agony"],"picked":"SKIP","floor":8},{"not_picked":["Deadly Poison","Underhanded Strike"],"picked":"Terror","floor":11},{"not_picked":["Eviscerate","Sucker Punch"],"picked":"Backflip","floor":12},{"not_picked":["Expertise","Prepared","Deadly Poison"],"picked":"SKIP","floor":14},{"not_picked":["Venomology","Phantasmal Killer"],"picked":"Malaise","floor":16},{"not_picked":["Sucker Punch","Blade Dance","Choke"],"picked":"SKIP","floor":18},{"not_picked":["All Out Attack+1","Concentrate"],"picked":"Leg Sweep+1","floor":20},{"not_picked":["Dagger Throw","Finisher"],"picked":"Poisoned Stab","floor":21},{"not_picked":["Dagger Throw","Dagger Spray+1"],"picked":"PiercingWail+1","floor":22},{"not_picked":["Sucker Punch","Bane"],"picked":"Cloak And Dagger","floor":24},{"not_picked":["Setup","Flying Knee"],"picked":"Crippling Poison","floor":27},{"not_picked":["Blade Dance","Bullet Time","Endless Agony"],"picked":"SKIP","floor":29},{"not_picked":["Masterful Stab+1","Endless Agony"],"picked":"Bane+1","floor":30},{"not_picked":["Finisher","Dagger Spray"],"picked":"Crippling Poison","floor":31}],"player_experience":999982,"relics_obtained":[{"floor":7,"key":"Bottled Flame"},{"floor":9,"key":"Bag of Preparation"},{"floor":11,"key":"Boot"},{"floor":14,"key":"Pantograph"},{"floor":26,"key":"Bottled Tornado"},{"floor":27,"key":"Red Mask"},{"floor":29,"key":"Lantern"}],"event_choices":[{"damage_healed":0,"gold_gain":0,"player_choice":"Success","damage_taken":5,"relics_obtained":["War Paint"],"max_hp_gain":0,"max_hp_loss":0,"event_name":"Scrap Ooze","floor":2,"gold_loss":0},{"damage_healed":0,"gold_gain":0,"player_choice":"Entered Light","damage_taken":20,"max_hp_gain":0,"max_hp_loss":0,"event_name":"Shining Light","floor":5,"gold_loss":0,"cards_upgraded":["Defend_G","Strike_G"]},{"damage_healed":0,"gold_gain":0,"player_choice":"Grow","damage_taken":0,"max_hp_gain":0,"max_hp_loss":0,"event_name":"Living Wall","floor":13,"gold_loss":0,"cards_upgraded":["Dagger Spray"]},{"damage_healed":0,"gold_gain":0,"player_choice":"Obtained Relic","damage_taken":0,"relics_obtained":["Strawberry"],"max_hp_gain":0,"max_hp_loss":0,"event_name":"Addict","floor":19,"gold_loss":85},{"damage_healed":0,"gold_gain":0,"player_choice":"Fought Bandits","damage_taken":0,"max_hp_gain":0,"max_hp_loss":0,"event_name":"Masked Bandits","floor":27,"gold_loss":0}],"is_beta":false,"boss_relics":[{"not_picked":["HoveringKite","Tiny House"],"picked":"Cursed Key"}],"items_purged_floors":[28],"is_endless":false,"potions_floor_spawned":[4,7,8,11,22,27,29],"killed_by":"Champ","ascension_level":20}