{"gold_per_floor":[110,32,92,242,2,27,27,61,61,61,72,105,25,75,75,153,153,171,171,182,49,449,449,476,456,504,529,529,559,573,592,592,592],"floor_reached":33,"playtime":1565,"items_purged":["Doubt","Strike_R"],"score":909,"play_id":"d8c33be0-b299-452b-a9a1-42c1000f00c3","local_time":"20190617181311","is_ascension_mode":true,"campfire_choices":[{"data":"Whirlwind","floor":7,"key":"SMITH"},{"data":"Bash","floor":10,"key":"SMITH"},{"data":"Inflame","floor":15,"key":"SMITH"},{"data":"Inflame","floor":23,"key":"SMITH"},{"data":"Armaments","floor":28,"key":"SMITH"},{"data":"Feel No Pain","floor":32,"key":"SMITH"}],"neow_cost":"NONE","seed_source_timestamp":18672200147354,"circlet_count":0,"master_deck":["AscendersBane","Strike_R","Strike_R","Strike_R","Strike_R","Defend_R","Defend_R","Defend_R","Defend_R","Bash+1","Clothesline","Feel No Pain+1","Whirlwind+1","True Grit","Inflame+1","Battle Trance","Corruption","Offering","Inflame+1","Havoc+1","True Grit+1","Armaments+1","Barricade","Shrug It Off","Flame Barrier"],"relics":["Burning Blood","NeowsBlessing","Membership Card","Ancient Tea Set","Question Card","Mercury Hourglass","Magic Flower","Eternal Feather","Orichalcum","Old Coin","Meat on the Bone","PreservedInsect","Pear","Darkstone Periapt"],"potions_floor_usage":[12,16,22,24,33],"damage_taken":[{"damage":0,"enemies":"Jaw Worm","floor":1,"turns":1},{"damage":0,"enemies":"Gremlin Nob","floor":6,"turns":1},{"damage":0,"enemies":"3 Sentries","floor":8,"turns":1},{"damage":0,"enemies":"2 Louse","floor":11,"turns":1},{"damage":32,"enemies":"Gremlin Nob","floor":12,"turns":4},{"damage":0,"enemies":"Slime Boss","floor":16,"turns":4},{"damage":25,"enemies":"2 Thieves","floor":18,"turns":3},{"damage":23,"enemies":"Chosen","floor":20,"turns":4},{"damage":8,"enemies":"Colosseum Slavers","floor":22,"turns":3},{"damage":22,"enemies":"Colosseum Nobs","floor":22,"turns":4},{"damage":6,"enemies":"Gremlin Leader","floor":24,"turns":5},{"damage":19,"enemies":"Slavers","floor":27,"turns":2},{"damage":26,"enemies":"Gremlin Leader","floor":29,"turns":5},{"damage":17,"enemies":"Snecko","floor":30,"turns":5},{"damage":32,"enemies":"Shelled Parasite and Fungi","floor":31,"turns":8},{"damage":77,"enemies":"Champ","floor":33,"turns":24}],"seed_played":"7465148707809980511","potions_obtained":[{"floor":6,"key":"LiquidBronze"},{"floor":8,"key":"SteroidPotion"},{"floor":16,"key":"Explosive Potion"},{"floor":18,"key":"Fire Potion"},{"floor":24,"key":"Ancient Potion"},{"floor":25,"key":"Dexterity Potion"}],"is_trial":false,"path_per_floor":["M","$","?","?","$","E","R","E","T","R","M","E","$","?","R","B",null,"M","?","M","$","?","R","E","?","T","E","R","E","M","M","R","B"],"character_chosen":"IRONCLAD","items_purchased":["Feel No Pain","Membership Card","PowerPotion","Corruption","Orichalcum"],"campfire_rested":0,"item_purchase_floors":[2,5,5,13,21],"current_hp_per_floor":[74,74,74,74,74,75,75,75,75,75,75,49,49,49,49,58,71,55,55,41,41,29,41,62,62,62,62,74,57,67,62,77,0],"gold":592,"neow_bonus":"THREE_ENEMY_KILL","is_prod":false,"is_daily":false,"chose_seed":false,"campfire_upgraded":6,"win_rate":0,"timestamp":1560787991,"path_taken":["M","$","?","?","$","E","R","E","T","R","M","E","?","?","R","BOSS","M","?","M","$","?","R","E","?","T","E","R","E","M","M","R","BOSS"],"build_version":"2019-01-23","purchased_purges":2,"victory":false,"max_hp_per_floor":[75,75,75,75,75,75,75,75,75,75,75,75,75,75,75,75,75,75,75,75,75,75,75,75,75,75,85,85,85,85,85,85,85],"card_choices":[{"not_picked":["Armaments","Headbutt"],"picked":"Clothesline","floor":1},{"not_picked":["Sentinel","Twin Strike"],"picked":"Whirlwind","floor":6},{"not_picked":["Warcry","Dual Wield"],"picked":"True Grit","floor":8},{"not_picked":["Pummel","Thunderclap","Second Wind"],"picked":"Inflame","floor":11},{"not_picked":["Blood for Blood","Juggernaut","Thunderclap"],"picked":"Battle Trance","floor":12},{"not_picked":["Immolate","Double Tap","Dark Embrace"],"picked":"Offering","floor":16},{"not_picked":["Dual Wield","Warcry","Evolve"],"picked":"Inflame","floor":18},{"not_picked":["Second Wind","Sword Boomerang","Perfected Strike+1"],"picked":"Havoc+1","floor":20},{"not_picked":["Burning Pact","Cleave","Twin Strike"],"picked":"True Grit+1","floor":22},{"not_picked":["Blood for Blood","Reckless Charge","Corruption"],"picked":"Armaments","floor":24},{"not_picked":["Clash","Thunderclap","Bludgeon"],"picked":"Barricade","floor":27},{"not_picked":["Body Slam","Perfected Strike","Flex"],"picked":"Shrug It Off","floor":29},{"not_picked":["Searing Blow","Flex","Anger+1","Twin Strike"],"picked":"SKIP","floor":30},{"not_picked":["Rage","Pommel Strike","Feed"],"picked":"Flame Barrier","floor":31}],"player_experience":1388742,"relics_obtained":[{"floor":6,"key":"Ancient Tea Set"},{"floor":8,"key":"Question Card"},{"floor":9,"key":"Mercury Hourglass"},{"floor":12,"key":"Magic Flower"},{"floor":22,"key":"Old Coin"},{"floor":22,"key":"Meat on the Bone"},{"floor":24,"key":"PreservedInsect"},{"floor":27,"key":"Pear"},{"floor":29,"key":"Darkstone Periapt"}],"event_choices":[{"damage_healed":0,"gold_gain":60,"player_choice":"Gained Gold","damage_taken":0,"max_hp_gain":0,"max_hp_loss":0,"event_name":"Golden Wing","floor":3,"gold_loss":0},{"damage_healed":0,"gold_gain":150,"player_choice":"AGREE","damage_taken":0,"max_hp_gain":0,"max_hp_loss":0,"event_name":"Liars Game","floor":4,"gold_loss":0,"cards_obtained":["Doubt"]},{"damage_healed":0,"gold_gain":50,"player_choice":"Pray","damage_taken":0,"max_hp_gain":0,"max_hp_loss":0,"event_name":"Golden Shrine","floor":14,"gold_loss":0},{"damage_healed":0,"gold_gain":0,"player_choice":"Ignored","damage_taken":0,"max_hp_gain":0,"max_hp_loss":0,"event_name":"N\u0027loth","floor":19,"gold_loss":0},{"damage_healed":0,"gold_gain":0,"player_choice":"Fight","damage_taken":0,"max_hp_gain":0,"max_hp_loss":0,"event_name":"Colosseum","floor":22,"gold_loss":0},{"damage_healed":0,"gold_gain":0,"player_choice":"Fought Nobs","damage_taken":0,"max_hp_gain":0,"max_hp_loss":0,"event_name":"Colosseum","floor":22,"gold_loss":0},{"damage_healed":0,"gold_gain":0,"player_choice":"Bought 1 Potion","damage_taken":0,"max_hp_gain":0,"max_hp_loss":0,"event_name":"The Woman in Blue","floor":25,"gold_loss":0}],"is_beta":false,"boss_relics":[{"not_picked":["Ectoplasm","Calling Bell"],"picked":"Eternal Feather"}],"items_purged_floors":[13,21],"is_endless":false,"potions_floor_spawned":[6,8,16,18,24,29,30],"killed_by":"Champ","ascension_level":20}