{"gold_per_floor":[117,135,100,100,14,14,48,48,48,73,90,107,126,158,158,233,233,173,173,0,0,0,0,0,0,0,0,0,0,0,0,0,0],"floor_reached":33,"playtime":1506,"items_purged":[],"score":828,"play_id":"f97b067e-8e50-482e-af81-9e335d5bd36c","local_time":"20190123224404","is_ascension_mode":true,"campfire_choices":[{"data":"Barrage","floor":6,"key":"SMITH"},{"data":"Zap","floor":8,"key":"SMITH"},{"floor":15,"key":"REST"},{"floor":27,"key":"REST"},{"floor":32,"key":"REST"}],"neow_cost":"NONE","seed_source_timestamp":34203490033588,"circlet_count":0,"master_deck":["AscendersBane","Strike_B","Strike_B","Strike_B+1","Defend_B","Defend_B","Defend_B","Defend_B","Zap+1","Dualcast","Glacier","Barrage+1","Ball Lightning","Conserve Battery","Cold Snap+1","Core Surge","Electrodynamics","Double Energy","Conserve Battery","Genetic Algorithm","Conserve Battery","Hologram+1","FTL+1"],"relics":["Cracked Core","Ancient Tea Set","Dream Catcher","Unceasing Top","Mummified Hand","Pocketwatch","Ectoplasm","PreservedInsect","Gremlin Horn","Darkstone Periapt","Enchiridion","Potion Belt","Whetstone"],"potions_floor_usage":[7,14,14,18,31,33,33],"damage_taken":[{"damage":1,"enemies":"Cultist","floor":1,"turns":3},{"damage":16,"enemies":"Small Slimes","floor":2,"turns":4},{"damage":27,"enemies":"3 Sentries","floor":7,"turns":9},{"damage":25,"enemies":"Gremlin Nob","floor":10,"turns":4},{"damage":0,"enemies":"2 Louse","floor":11,"turns":2},{"damage":8,"enemies":"Large Slime","floor":12,"turns":4},{"damage":8,"enemies":"Blue Slaver","floor":13,"turns":2},{"damage":0,"enemies":"3 Sentries","floor":14,"turns":3},{"damage":1,"enemies":"The Guardian","floor":16,"turns":12},{"damage":5,"enemies":"2 Thieves","floor":18,"turns":3},{"damage":0,"enemies":"Chosen","floor":19,"turns":3},{"damage":10,"enemies":"Slavers","floor":23,"turns":2},{"damage":0,"enemies":"Gremlin Leader","floor":25,"turns":3},{"damage":15,"enemies":"Slavers","floor":29,"turns":2},{"damage":0,"enemies":"Gremlin Leader","floor":31,"turns":3},{"damage":59,"enemies":"Collector","floor":33,"turns":7}],"seed_played":"6649724264238332740","potions_obtained":[{"floor":10,"key":"GamblersBrew"},{"floor":11,"key":"PowerPotion"},{"floor":13,"key":"Energy Potion"},{"floor":14,"key":"Swift Potion"},{"floor":19,"key":"Swift Potion"},{"floor":25,"key":"Dexterity Potion"},{"floor":30,"key":"FearPotion"},{"floor":30,"key":"Block Potion"}],"is_trial":false,"path_per_floor":["M","M","?","?","$","R","E","R","T","E","M","M","M","E","R","B",null,"M","M","$","?","?","E","$","E","T","R","?","E","?","E","R","B"],"character_chosen":"DEFECT","items_purchased":["Regen Potion","PreservedInsect"],"campfire_rested":3,"item_purchase_floors":[5,20],"current_hp_per_floor":[63,47,64,64,64,64,50,50,50,25,25,17,9,9,30,29,61,56,56,56,56,56,46,46,46,46,67,46,31,31,31,52,0],"gold":0,"neow_bonus":"RANDOM_COMMON_RELIC","is_prod":false,"is_daily":false,"chose_seed":false,"campfire_upgraded":2,"win_rate":0,"timestamp":1548279844,"path_taken":["M","M","?","?","$","R","E","R","T","E","M","?","M","E","R","BOSS","M","?","?","?","?","E","?","E","T","R","?","E","?","E","R","BOSS"],"build_version":"2019-01-23","purchased_purges":0,"victory":false,"max_hp_per_floor":[71,71,71,71,71,71,71,71,71,71,71,71,71,71,71,71,71,71,71,71,71,71,71,71,71,71,71,71,71,71,71,71,71],"card_choices":[{"not_picked":["Go for the Eyes","Beam Cell"],"picked":"Glacier","floor":1},{"not_picked":["Steam","Blizzard"],"picked":"Barrage","floor":2},{"not_picked":["Doom and Gloom","Coolheaded"],"picked":"Ball Lightning","floor":7},{"not_picked":["Fission","Compile Driver"],"picked":"Conserve Battery","floor":10},{"not_picked":["Tempest","Undo"],"picked":"Cold Snap","floor":11},{"not_picked":["Coolheaded","Redo","All For One"],"picked":"SKIP","floor":12},{"not_picked":["Go for the Eyes","Rebound","Barrage"],"picked":"SKIP","floor":13},{"not_picked":["Aggregate","Reprogram","Redo"],"picked":"SKIP","floor":14},{"not_picked":["Steam","Coolheaded"],"picked":"Core Surge","floor":15},{"not_picked":["Reboot","Amplify"],"picked":"Electrodynamics","floor":16},{"not_picked":["Streamline","FTL"],"picked":"Double Energy","floor":18},{"not_picked":["Cold Snap","Blizzard","Streamline"],"picked":"SKIP","floor":19},{"not_picked":["Gash","Compile Driver"],"picked":"Conserve Battery","floor":23},{"not_picked":["Barrage","Rip and Tear"],"picked":"Genetic Algorithm","floor":25},{"not_picked":["Gash","Steam"],"picked":"Conserve Battery","floor":27},{"not_picked":["Hyperbeam","Leap"],"picked":"Hologram+1","floor":29},{"not_picked":["Beam Cell","Hyperbeam","Streamline"],"picked":"SKIP","floor":31},{"not_picked":["Beam Cell","Hyperbeam","Streamline"],"picked":"SKIP","floor":31},{"not_picked":["Rip and Tear","Darkness"],"picked":"FTL+1","floor":32}],"player_experience":762519,"relics_obtained":[{"floor":7,"key":"Dream Catcher"},{"floor":9,"key":"Unceasing Top"},{"floor":10,"key":"Mummified Hand"},{"floor":14,"key":"Pocketwatch"},{"floor":23,"key":"Gremlin Horn"},{"floor":25,"key":"Darkstone Periapt"},{"floor":28,"key":"Enchiridion"},{"floor":29,"key":"Potion Belt"},{"floor":31,"key":"Whetstone"}],"event_choices":[{"damage_healed":17,"gold_gain":0,"player_choice":"Healed","damage_taken":0,"max_hp_gain":0,"max_hp_loss":0,"event_name":"The Cleric","floor":3,"gold_loss":35},{"cards_removed":["Strike_B"],"damage_healed":0,"gold_gain":0,"player_choice":"Card Removal","damage_taken":0,"max_hp_gain":0,"max_hp_loss":0,"event_name":"Wheel of Change","floor":4,"gold_loss":0},{"damage_healed":0,"gold_gain":0,"player_choice":"Ignored","damage_taken":0,"max_hp_gain":0,"max_hp_loss":0,"event_name":"The Mausoleum","floor":21,"gold_loss":0},{"damage_healed":0,"gold_gain":0,"player_choice":"Ignored","damage_taken":0,"max_hp_gain":0,"max_hp_loss":0,"event_name":"Beggar","floor":22,"gold_loss":0},{"damage_healed":0,"gold_gain":0,"player_choice":"Obtained Book","damage_taken":21,"max_hp_gain":0,"max_hp_loss":0,"event_name":"Cursed Tome","floor":28,"gold_loss":0},{"damage_healed":0,"gold_gain":0,"player_choice":"Got Potions","damage_taken":0,"max_hp_gain":0,"max_hp_loss":0,"event_name":"Lab","floor":30,"gold_loss":0}],"is_beta":false,"boss_relics":[{"not_picked":["Runic Pyramid","Calling Bell"],"picked":"Ectoplasm"}],"items_purged_floors":[],"is_endless":false,"potions_floor_spawned":[10,11,12,13,14,19,25],"killed_by":"Collector","ascension_level":20}