{"gold_per_floor":[113,113,130,62,72,72,107,107,107,138,103,103,103,28,28,130,130,150,17,17,34,34,34,51,51,51,67,82,95,194,194,194,293,293,306,24,44,27,40,40,40,40,40,40,40,59,59,72,72,72],"floor_reached":50,"playtime":1933,"items_purged":["Regret"],"score":563,"play_id":"7399cbfc-b69e-4168-ad8b-4c9413728bbd","local_time":"20190218120017","is_ascension_mode":true,"campfire_choices":[{"data":"Body Slam","floor":6,"key":"SMITH"},{"data":"Bash","floor":8,"key":"SMITH"},{"data":"Defend_R","floor":12,"key":"SMITH"},{"data":"Intimidate","floor":15,"key":"SMITH"},{"data":"Bandage Up","floor":23,"key":"SMITH"},{"data":"Flex","floor":25,"key":"SMITH"},{"floor":32,"key":"REST"},{"floor":40,"key":"REST"},{"floor":45,"key":"RECALL"},{"floor":47,"key":"REST"},{"floor":49,"key":"REST"}],"neow_cost":"NONE","seed_source_timestamp":166473807293605,"circlet_count":0,"master_deck":["Strike_R+1","Strike_R+1","Strike_R+1","Strike_R+1","Strike_R+1","Defend_R+1","Defend_R+1","Defend_R+1","Defend_R+1","Bash+1","Intimidate+1","Body Slam+1","Demon Form+1","Bandage Up+1","Flex+1","Pummel+1","Shame","Flex+1","Iron Wave+1","Immolate","Headbutt","Metallicize+1","Disarm+1","Impatience","Blind","The Bomb","Fire Breathing+1","Sword Boomerang"],"relics":["Burning Blood","Whetstone","Frozen Egg 2","Lantern","Paper Frog","Bag of Marbles","Art of War","Matryoshka","Philosopher\u0027s Stone","Blue Candle","Omamori","Letter Opener","Fusion Hammer","Membership Card","Oddly Smooth Stone","Bronze Scales","Gremlin Horn"],"potions_floor_usage":[10,16,27,33,39,41,46,48,48,48],"damage_taken":[{"damage":8,"enemies":"Jaw Worm","floor":1,"turns":4},{"damage":3,"enemies":"Small Slimes","floor":3,"turns":4},{"damage":1,"enemies":"Cultist","floor":5,"turns":3},{"damage":32,"enemies":"Lagavulin","floor":7,"turns":8},{"damage":2,"enemies":"Gremlin Nob","floor":10,"turns":3},{"damage":65,"enemies":"Hexaghost","floor":16,"turns":11},{"damage":4,"enemies":"2 Thieves","floor":18,"turns":4},{"damage":18,"enemies":"Spheric Guardian","floor":21,"turns":5},{"damage":11,"enemies":"Snake Plant","floor":24,"turns":3},{"damage":22,"enemies":"Centurion and Healer","floor":27,"turns":7},{"damage":1,"enemies":"Snecko","floor":28,"turns":2},{"damage":12,"enemies":"Snake Plant","floor":29,"turns":4},{"damage":81,"enemies":"Champ","floor":33,"turns":8},{"damage":27,"enemies":"3 Darklings","floor":35,"turns":5},{"damage":0,"enemies":"Orb Walker","floor":37,"turns":3},{"damage":7,"enemies":"Spire Growth","floor":39,"turns":4},{"damage":0,"enemies":"Writhing Mass","floor":41,"turns":1},{"damage":26,"enemies":"Transient","floor":46,"turns":5},{"damage":37,"enemies":"Jaw Worm Horde","floor":48,"turns":3},{"damage":86,"enemies":"Donu and Deca","floor":50,"turns":4}],"seed_played":"-4296229696528853523","potions_obtained":[{"floor":7,"key":"PowerPotion"},{"floor":10,"key":"EssenceOfSteel"},{"floor":16,"key":"Strength Potion"},{"floor":29,"key":"Weak Potion"},{"floor":33,"key":"SmokeBomb"},{"floor":35,"key":"Fire Potion"},{"floor":39,"key":"EntropicBrew"}],"is_trial":false,"path_per_floor":["M","?","M","?","M","R","E","R","T","E","?","R","?","$","R","B",null,"M","$","?","M","?","R","M","R","T","M","M","M","?","?","R","B",null,"M","$","M","$","M","R","M","?","T","?","R","M","R","M","R","B"],"character_chosen":"IRONCLAD","items_purchased":["Bandage Up","Flex","Membership Card","Oddly Smooth Stone","Headbutt","Metallicize+1"],"campfire_rested":4,"item_purchase_floors":[19,19,36,36,36,38],"current_hp_per_floor":[78,75,78,78,80,80,54,54,54,58,78,78,78,78,78,19,65,67,67,67,59,59,59,60,60,60,50,61,61,61,61,80,11,63,48,48,60,60,65,80,80,70,70,80,80,64,80,64,80,0],"gold":72,"neow_bonus":"RANDOM_COMMON_RELIC","is_prod":false,"is_daily":false,"chose_seed":false,"campfire_upgraded":6,"win_rate":0,"timestamp":1550505617,"path_taken":["M","?","M","?","?","R","E","R","T","E","?","R","?","$","R","BOSS","M","$","?","M","?","R","M","R","T","M","M","M","?","?","R","BOSS","M","$","M","$","M","R","M","?","T","?","R","M","R","M","R","BOSS"],"build_version":"2019-01-23","purchased_purges":1,"victory":false,"max_hp_per_floor":[80,80,80,80,80,80,80,80,80,80,80,80,80,80,80,80,80,80,80,80,80,80,80,80,80,80,80,80,80,80,80,80,80,80,80,80,80,80,80,80,80,80,80,80,80,80,80,80,80,80],"card_choices":[{"not_picked":["Wild Strike","Warcry"],"picked":"Intimidate","floor":1},{"not_picked":["Thunderclap","Cleave"],"picked":"Body Slam","floor":3},{"not_picked":["Hemokinesis","Headbutt","Feel No Pain+1"],"picked":"SKIP","floor":5},{"not_picked":["Brutality+1","Sword Boomerang","Shrug It Off"],"picked":"SKIP","floor":7},{"not_picked":["Shrug It Off","Sword Boomerang","Havoc"],"picked":"SKIP","floor":10},{"not_picked":["Bludgeon","Feed"],"picked":"Demon Form+1","floor":16},{"not_picked":["Evolve+1","Perfected Strike","True Grit"],"picked":"SKIP","floor":18},{"not_picked":["Corruption+1","Cleave"],"picked":"Pummel+1","floor":21},{"not_picked":["Cleave+1","Blood for Blood"],"picked":"Flex+1","floor":24},{"not_picked":["True Grit+1","Dual Wield"],"picked":"Iron Wave+1","floor":27},{"not_picked":["Twin Strike","Headbutt","Reaper"],"picked":"SKIP","floor":28},{"not_picked":["Havoc","Twin Strike","Body Slam+1"],"picked":"SKIP","floor":29},{"not_picked":["Brutality+1","Impervious"],"picked":"Immolate","floor":33},{"not_picked":["Thunderclap+1","Reckless Charge","Armaments"],"picked":"SKIP","floor":35},{"not_picked":["Armaments+1","Iron Wave","Cleave"],"picked":"SKIP","floor":37},{"not_picked":["Anger+1","Havoc"],"picked":"Disarm+1","floor":39},{"not_picked":["Enlightenment","Metamorphosis"],"picked":"Impatience","floor":42},{"not_picked":["Bandage Up","Dramatic Entrance"],"picked":"Blind","floor":42},{"not_picked":["Discovery","Purity"],"picked":"The Bomb","floor":42},{"not_picked":["Body Slam","Searing Blow+1"],"picked":"Fire Breathing+1","floor":46},{"not_picked":["Carnage","Perfected Strike"],"picked":"Sword Boomerang","floor":48}],"player_experience":445440,"relics_obtained":[{"floor":7,"key":"Paper Frog"},{"floor":9,"key":"Bag of Marbles"},{"floor":10,"key":"Art of War"},{"floor":26,"key":"Omamori"},{"floor":26,"key":"Letter Opener"},{"floor":43,"key":"Bronze Scales"},{"floor":43,"key":"Gremlin Horn"}],"event_choices":[{"damage_healed":0,"gold_gain":0,"player_choice":"Success","damage_taken":3,"relics_obtained":["Frozen Egg 2"],"max_hp_gain":0,"max_hp_loss":0,"event_name":"Scrap Ooze","floor":2,"gold_loss":0},{"damage_healed":0,"gold_gain":0,"player_choice":"Paid Gold","damage_taken":0,"relics_obtained":["Lantern"],"max_hp_gain":0,"max_hp_loss":0,"event_name":"WeMeetAgain","floor":4,"gold_loss":68},{"damage_healed":20,"gold_gain":0,"player_choice":"Healed","damage_taken":0,"max_hp_gain":0,"max_hp_loss":0,"event_name":"The Cleric","floor":11,"gold_loss":35},{"damage_healed":0,"gold_gain":0,"player_choice":"Box","damage_taken":0,"relics_obtained":["Matryoshka"],"max_hp_gain":0,"max_hp_loss":0,"event_name":"Big Fish","floor":13,"gold_loss":0,"cards_obtained":["Regret"]},{"damage_healed":0,"gold_gain":0,"player_choice":"Simplicity","damage_taken":0,"max_hp_gain":0,"max_hp_loss":0,"event_name":"Back to Basics","floor":20,"gold_loss":0,"cards_upgraded":["Strike_R","Strike_R","Strike_R","Defend_R","Defend_R","Defend_R"]},{"damage_healed":0,"gold_gain":0,"player_choice":"Stole Relic","damage_taken":0,"relics_obtained":["Blue Candle"],"max_hp_gain":0,"max_hp_loss":0,"event_name":"Addict","floor":22,"gold_loss":0,"cards_obtained":["Shame"]},{"damage_healed":0,"gold_gain":99,"player_choice":"Stole From Cult","damage_taken":0,"max_hp_gain":0,"max_hp_loss":0,"event_name":"Nest","floor":30,"gold_loss":0},{"damage_healed":0,"gold_gain":0,"player_choice":"Ignored","damage_taken":0,"max_hp_gain":0,"max_hp_loss":0,"event_name":"Ghosts","floor":31,"gold_loss":0},{"damage_healed":0,"gold_gain":0,"player_choice":"Memory 3","damage_taken":10,"max_hp_gain":0,"max_hp_loss":0,"event_name":"SensoryStone","floor":42,"gold_loss":0},{"damage_healed":20,"gold_gain":0,"player_choice":"Writhe","damage_taken":0,"max_hp_gain":0,"max_hp_loss":0,"event_name":"Winding Halls","floor":44,"gold_loss":0,"cards_obtained":["Writhe"]}],"is_beta":false,"boss_relics":[{"not_picked":["Runic Pyramid","Velvet Choker"],"picked":"Philosopher\u0027s Stone"},{"not_picked":["Empty Cage","Runic Cube"],"picked":"Fusion Hammer"}],"items_purged_floors":[14],"is_endless":false,"potions_floor_spawned":[7,10,16,29,33,35,39,41],"killed_by":"Donu and Deca","ascension_level":5}