{"gold_per_floor":[212,224,299,33,33,33,60,60,85,101,101,120,155,205,205,278,278,288,213,224,224,18,18,48,48,101,114,126,151,167,195,195,267,267,279,279,294,294,312,338,338,366,413,428,428,447,29,40,40,40,40,40,40,40,67,67],"floor_reached":57,"playtime":5717,"items_purged":["Strike_R","Normality"],"score":2710,"play_id":"c4ac2989-3a68-4a20-9e16-dc5d6c42a209","local_time":"20190523184503","is_ascension_mode":true,"campfire_choices":[{"data":"Bash","floor":6.0,"key":"SMITH"},{"data":"Clothesline","floor":8.0,"key":"SMITH"},{"data":"Power Through","floor":11.0,"key":"SMITH"},{"floor":15.0,"key":"REST"},{"floor":23.0,"key":"REST"},{"floor":25.0,"key":"REST"},{"data":"Evolve","floor":32.0,"key":"SMITH"},{"floor":41.0,"key":"RECALL"},{"data":"Feel No Pain","floor":49.0,"key":"SMITH"},{"data":"Inflame","floor":53.0,"key":"SMITH"}],"neow_cost":"NONE","seed_source_timestamp":17845930056198,"circlet_count":0,"master_deck":["AscendersBane","Strike_R","Defend_R","Defend_R","Defend_R","Defend_R","Bash+1","Headbutt","Clothesline+1","Pommel Strike","Power Through+1","Pommel Strike","Feed","Thunderclap","Sever Soul","Evolve+1","Shrug It Off","Corruption+1","Clumsy","Feel No Pain+1","Battle Trance","Barricade","Shrug It Off+1","Infernal Blade","Fiend Fire+1","Feel No Pain+1","True Grit+1","Heavy Blade+1","Pommel Strike+1","Bludgeon+1","Inflame+1"],"special_seed":0,"relics":["Burning Blood","Mummified Hand","Incense Burner","Blood Vial","Letter Opener","Cursed Key","Bronze Scales","Pantograph","Molten Egg 2","Lizard Tail","Thread and Needle","Vajra","Anchor","OrangePellets","Pear"],"potions_floor_usage":[56],"damage_taken":[{"damage":7.0,"enemies":"Small Slimes","floor":1.0,"turns":5.0},{"damage":7.0,"enemies":"Cultist","floor":2.0,"turns":4.0},{"damage":26.0,"enemies":"Gremlin Nob","floor":7.0,"turns":4.0},{"damage":8.0,"enemies":"2 Louse","floor":10.0,"turns":3.0},{"damage":6.0,"enemies":"Exordium Thugs","floor":12.0,"turns":9.0},{"damage":9.0,"enemies":"Lagavulin","floor":13.0,"turns":8.0},{"damage":23.0,"enemies":"Slime Boss","floor":16.0,"turns":8.0},{"damage":22.0,"enemies":"3 Byrds","floor":18.0,"turns":10.0},{"damage":31.0,"enemies":"Spheric Guardian","floor":20.0,"turns":9.0},{"damage":20.0,"enemies":"Slavers","floor":24.0,"turns":6.0},{"damage":0.0,"enemies":"Snake Plant","floor":27.0,"turns":3.0},{"damage":13.0,"enemies":"Shelled Parasite and Fungi","floor":28.0,"turns":8.0},{"damage":42.0,"enemies":"Gremlin Leader","floor":29.0,"turns":6.0},{"damage":2.0,"enemies":"Centurion and Healer","floor":30.0,"turns":8.0},{"damage":21.0,"enemies":"Book of Stabbing","floor":31.0,"turns":5.0},{"damage":39.0,"enemies":"Collector","floor":33.0,"turns":10.0},{"damage":10.0,"enemies":"Orb Walker","floor":35.0,"turns":4.0},{"damage":0.0,"enemies":"3 Shapes","floor":37.0,"turns":6.0},{"damage":0.0,"enemies":"Transient","floor":39.0,"turns":6.0},{"damage":22.0,"enemies":"Nemesis","floor":40.0,"turns":7.0},{"damage":46.0,"enemies":"Reptomancer","floor":42.0,"turns":7.0},{"damage":8.0,"enemies":"Jaw Worm Horde","floor":44.0,"turns":6.0},{"damage":0.0,"enemies":"Maw","floor":46.0,"turns":9.0},{"damage":0.0,"enemies":"4 Shapes","floor":48.0,"turns":7.0},{"damage":80.0,"enemies":"Awakened One","floor":50.0,"turns":21.0},{"damage":9.0,"enemies":"Time Eater","floor":51.0,"turns":12.0},{"damage":34,"enemies":"Shield and Spear","floor":55,"turns":9},{"damage":60,"enemies":"The Heart","floor":56,"turns":11}],"seed_played":"-3021297106977123429","potions_obtained":[{"floor":1.0,"key":"PowerPotion"},{"floor":2.0,"key":"Fire Potion"},{"floor":7.0,"key":"Ancient Potion"},{"floor":12.0,"key":"LiquidBronze"},{"floor":20.0,"key":"SteroidPotion"},{"floor":29.0,"key":"PowerPotion"},{"floor":31.0,"key":"SteroidPotion"},{"floor":33.0,"key":"SneckoOil"},{"floor":35.0,"key":"Dexterity Potion"},{"floor":39.0,"key":"Swift Potion"},{"floor":48.0,"key":"Regen Potion"},{"floor":55,"key":"Block Potion"}],"is_trial":false,"path_per_floor":["M","M","?","$","?","R","E","R","T","M","R","M","E","?","R","B",null,"M","?","M","?","$","R","E","R","T","M","M","E","M","E","R","B",null,"M","?","M","?","M","E","R","E","T","M","?","M","$","M","R","B","B",null,"R","$","E","B",null],"character_chosen":"IRONCLAD","items_purchased":["Mummified Hand","Evolve","Shrug It Off","OrangePellets","Inflame","Dexterity Potion"],"campfire_rested":3,"item_purchase_floors":[4,22,22,47,47,47],"current_hp_per_floor":[67,66,55,55,55,55,35,35,35,35,35,37,36,36,58,43,67,56,56,33,33,33,56,47,71,71,82,80,46,55,45,45,39,80,81,81,92,92,94,81,81,43,43,46,46,57,57,68,68,39,66,101,101,101,85,58],"gold":67,"neow_bonus":"HUNDRED_GOLD","is_prod":false,"is_daily":false,"chose_seed":false,"campfire_upgraded":6,"win_rate":0,"timestamp":1558629903,"path_taken":["M","M","?","$","?","R","E","R","T","?","R","M","E","?","R","BOSS","M","?","M","?","$","R","E","R","T","M","M","E","M","E","R","BOSS","M","?","M","?","M","E","R","E","T","M","?","M","$","M","R","BOSS","BOSS","R","$","E","BOSS"],"build_version":"2019-01-23","purchased_purges":2,"victory":true,"max_hp_per_floor":[75,75,75,75,75,75,75,75,75,75,75,75,75,75,75,75,75,78,78,78,78,78,78,81,81,81,84,87,87,90,93,93,93,93,96,96,99,94,94,97,97,97,97,100,100,103,103,106,106,109,112,112,112,112,122,122],"card_choices":[{"not_picked":["Corruption","Body Slam"],"picked":"Headbutt","floor":1.0},{"not_picked":["Exhume","Rage"],"picked":"Clothesline","floor":2.0},{"not_picked":["Headbutt","Heavy Blade"],"picked":"Pommel Strike","floor":7.0},{"not_picked":["Twin Strike","Infernal Blade"],"picked":"Power Through","floor":10.0},{"not_picked":["Pummel","Dropkick"],"picked":"Pommel Strike","floor":12.0},{"not_picked":["Dual Wield","Hemokinesis","Clothesline"],"picked":"SKIP","floor":13.0},{"not_picked":["Impervious","Limit Break"],"picked":"Feed","floor":16.0},{"not_picked":["Iron Wave","Dropkick","Clothesline"],"picked":"SKIP","floor":18.0},{"not_picked":["Warcry","Clothesline"],"picked":"Thunderclap","floor":20.0},{"not_picked":["Bloodletting","Sever Soul"],"picked":"Corruption+1","floor":24.0},{"not_picked":["Warcry","Body Slam"],"picked":"Feel No Pain+1","floor":27.0},{"not_picked":["Double Tap","Body Slam"],"picked":"Battle Trance","floor":28.0},{"not_picked":["Shrug It Off","Body Slam"],"picked":"Barricade","floor":29.0},{"not_picked":["Cleave","Rampage"],"picked":"Shrug It Off+1","floor":30.0},{"not_picked":["Cleave","Dropkick"],"picked":"Infernal Blade","floor":31.0},{"not_picked":["Barricade","Brutality"],"picked":"Fiend Fire+1","floor":33.0},{"not_picked":["Clothesline+1","Clash+1"],"picked":"Feel No Pain","floor":35.0},{"not_picked":["Hemokinesis+1","Carnage+1"],"picked":"True Grit+1","floor":37.0},{"not_picked":["Perfected Strike+1","Combust"],"picked":"Heavy Blade+1","floor":39.0},{"not_picked":["Cleave+1","Sword Boomerang+1","Clothesline+1"],"picked":"SKIP","floor":40.0},{"not_picked":["Headbutt+1","Flex"],"picked":"Pommel Strike+1","floor":42.0},{"not_picked":["Clash+1","Carnage+1","Iron Wave+1"],"picked":"SKIP","floor":44.0},{"not_picked":["Sword Boomerang+1","Body Slam+1"],"picked":"Bludgeon+1","floor":46.0},{"not_picked":["Dropkick+1","Seeing Red","Thunderclap+1"],"picked":"SKIP","floor":48.0},{"not_picked":["Feed+1","Blood for Blood+1","Iron Wave+1"],"picked":"SKIP","floor":55}],"player_experience":1243860,"relics_obtained":[{"floor":7.0,"key":"Incense Burner"},{"floor":9.0,"key":"Blood Vial"},{"floor":13.0,"key":"Letter Opener"},{"floor":24.0,"key":"Bronze Scales"},{"floor":29.0,"key":"Pantograph"},{"floor":31.0,"key":"Molten Egg 2"},{"floor":40.0,"key":"Thread and Needle"},{"floor":42.0,"key":"Vajra"},{"floor":43.0,"key":"Anchor"},{"floor":55,"key":"Pear"}],"event_choices":[{"damage_healed":0.0,"max_hp_gain":0.0,"max_hp_loss":0.0,"gold_gain":75.0,"event_name":"World of Goop","player_choice":"Gather Gold","floor":3.0,"gold_loss":0.0,"damage_taken":11.0},{"cards_removed":["Strike_R"],"damage_healed":0.0,"max_hp_gain":0.0,"max_hp_loss":0.0,"gold_gain":0.0,"event_name":"Bonfire Elementals","player_choice":"Offered Basic","floor":5.0,"gold_loss":0.0,"damage_taken":0.0},{"damage_healed":0.0,"max_hp_gain":0.0,"max_hp_loss":0.0,"gold_gain":50.0,"event_name":"Golden Shrine","player_choice":"Pray","floor":14.0,"gold_loss":0.0,"damage_taken":0.0},{"cards_removed":["Strike_R"],"damage_healed":0.0,"max_hp_gain":0.0,"max_hp_loss":0.0,"gold_gain":0.0,"event_name":"Beggar","player_choice":"Gave Gold","floor":19.0,"gold_loss":75.0,"damage_taken":0.0},{"damage_healed":0.0,"max_hp_gain":0.0,"max_hp_loss":0.0,"gold_gain":0.0,"cards_transformed":["Strike_R"],"event_name":"Transmorgrifier","player_choice":"Transformed","floor":21.0,"gold_loss":0.0,"damage_taken":0.0,"cards_obtained":["Sever Soul"]},{"damage_healed":0.0,"max_hp_gain":0.0,"max_hp_loss":0.0,"gold_gain":0.0,"event_name":"Tomb of Lord Red Mask","player_choice":"Ignored","floor":36.0,"gold_loss":0.0,"damage_taken":0.0},{"damage_healed":0.0,"max_hp_gain":0.0,"max_hp_loss":5.0,"gold_gain":0.0,"event_name":"Winding Halls","player_choice":"Max HP","floor":38.0,"gold_loss":0.0,"damage_taken":0.0},{"damage_healed":0.0,"max_hp_gain":0.0,"max_hp_loss":0.0,"gold_gain":0.0,"event_name":"The Moai Head","player_choice":"Ignored","floor":45.0,"gold_loss":0.0,"damage_taken":0.0}],"is_beta":false,"boss_relics":[{"not_picked":["Runic Dome","Black Star"],"picked":"Cursed Key"},{"not_picked":["Velvet Choker","Coffee Dripper"],"picked":"Lizard Tail"}],"items_purged_floors":[22,47],"is_endless":false,"potions_floor_spawned":[1,2,7,12,20,29,31,33,35,39,48,55],"ascension_level":20}