{"path_per_floor":["M","?","?","M","M","R","M","?","T","$","T","E","M","?","R","B",null,"M","?","?","?","M"],"character_chosen":"IRONCLAD","items_purchased":["Spot Weakness","Limit Break"],"gold_per_floor":[114,189,159,174,192,192,211,311,311,81,105,132,147,147,147,242,242,255,255,255,255,271],"floor_reached":23,"campfire_rested":2,"playtime":1344,"current_hp_per_floor":[40,29,29,35,40,64,62,62,62,62,62,46,52,52,76,43,80,45,45,29,29,16],"items_purged":[],"gold":271,"score":189,"play_id":"d63d2fe0-6f5c-402f-8175-682c2742cbfa","is_prod":false,"is_daily":false,"is_ascension_mode":false,"campfire_upgraded":0,"path_taken":["M","?","?","M","?","R","M","?","T","$","?","E","?","?","R","BOSS","M","?","?","?","M","M"],"build_version":"2018-02-12-PROD1","purchased_purges":0,"victory":false,"master_deck":["Strike_R","Strike_R","Strike_R","Strike_R","Strike_R+1","Defend_R","Defend_R","Defend_R","Defend_R","Bash","Armaments","Headbutt+1","Dropkick","Sentinel","Spot Weakness","Limit Break","Thunderclap","Whirlwind","Limit Break","Shrug It Off","Decay","Cleave"],"max_hp_per_floor":[80,80,80,80,80,80,80,80,80,80,80,80,80,80,80,80,80,80,80,80,80,80],"relics":["Burning Blood","Ice Cream","Pen Nib","Vajra","Whetstone","White Beast Statue","Nilry\u0027s Codex"],"card_choices":[{"not_picked":["Blood for Blood","Clothesline"],"picked":"Armaments"},{"not_picked":["Immolate","Flex"],"picked":"Headbutt"},{"not_picked":["Flex","Thunderclap"],"picked":"Dropkick"},{"not_picked":["Warcry","Clothesline"],"picked":"Sentinel"},{"not_picked":["Pommel Strike","Rupture"],"picked":"Thunderclap"},{"not_picked":["Cleave","Infernal Blade"],"picked":"Whirlwind"},{"not_picked":["Juggernaut","Berserk"],"picked":"Limit Break"},{"not_picked":["Flex","Iron Wave"],"picked":"Shrug It Off"},{"not_picked":["Fire Breathing","Sentinel"],"picked":"Cleave"}],"player_experience":65154,"potions_floor_usage":[4,7,13,22,22,22,23],"damage_taken":[{"damage":6,"enemies":"2 Louse","floor":1,"turns":3},{"damage":0,"enemies":"Small Slimes","floor":4,"turns":3},{"damage":1,"enemies":"Cultist","floor":5,"turns":3},{"damage":8,"enemies":"3 Louse","floor":7,"turns":3},{"damage":22,"enemies":"3 Sentries","floor":12,"turns":7},{"damage":0,"enemies":"Lots of Slimes","floor":13,"turns":2},{"damage":39,"enemies":"The Guardian","floor":16,"turns":8},{"damage":41,"enemies":"Shell Parasite","floor":18,"turns":8},{"damage":19,"enemies":"Spheric Guardian","floor":22,"turns":4},{"damage":29,"enemies":"Centurion and Healer","floor":23,"turns":4}],"event_choices":[{"event_name":"World of Goop","player_choice":"Gather Gold","floor":2,"damage_taken":0},{"event_name":"The Woman in Blue","player_choice":"Bought 2 Potions","floor":3,"damage_taken":0},{"event_name":"Golden Shrine","player_choice":"Pray","floor":8,"damage_taken":0},{"event_name":"Liars Game","player_choice":"disagreed","floor":14,"damage_taken":0},{"event_name":"The Lab","player_choice":"Got Potions","floor":19,"damage_taken":0},{"event_name":"Cursed Tome","player_choice":"Obtained Book","floor":20,"damage_taken":0},{"event_name":"Forgotten Altar","player_choice":"Smashed Altar","floor":21,"damage_taken":0}],"boss_relics":[{"not_picked":["Calling Bell","Cursed Key"],"picked":"White Beast Statue"}],"potions_floor_spawned":[1,5,12,18,22],"seed_played":"48404328771628715","killed_by":"Centurion and Healer","ascension_level":0,"is_trial":false}