{"gold_per_floor":[219,239,239,255,33,65,165,176,176,176,204,214,389,446,446,544,544,554,479,492,492,509,544,559,559,585,605,605,619,619,631,631,631],"floor_reached":33,"playtime":2477,"items_purged":[],"score":314,"play_id":"439fdb65-881b-4c46-9ebe-4ffe368849e1","local_time":"20190401130724","is_ascension_mode":false,"campfire_choices":[{"data":"Rage","floor":10,"key":"SMITH"},{"floor":15,"key":"REST"},{"floor":25,"key":"REST"},{"floor":30,"key":"REST"},{"data":"Panache","floor":32,"key":"SMITH"}],"neow_cost":"NONE","seed_source_timestamp":700245438240602,"circlet_count":0,"master_deck":["Strike_R","Strike_R","Strike_R","Strike_R","Defend_R","Defend_R","Defend_R","Bash","Battle Trance","Rage+1","Anger","Panache+1","Clash","Iron Wave","Warcry","Impervious","Spot Weakness+1","Flame Barrier","Armaments+1","Infernal Blade"],"relics":["Burning Blood","Lantern","Gremlin Horn","Shovel","Tiny Chest","Empty Cage","Nunchaku","Vajra"],"potions_floor_usage":[6,14,14,16,16,18,22,23,24,33],"damage_taken":[{"damage":3,"enemies":"Small Slimes","floor":1,"turns":3},{"damage":1,"enemies":"Cultist","floor":2,"turns":4},{"damage":0,"enemies":"2 Louse","floor":4,"turns":4},{"damage":36,"enemies":"3 Sentries","floor":6,"turns":9},{"damage":5,"enemies":"Exordium Thugs","floor":8,"turns":3},{"damage":0,"enemies":"Lagavulin","floor":11,"turns":4},{"damage":0,"enemies":"Looter","floor":12,"turns":2},{"damage":35,"enemies":"3 Sentries","floor":14,"turns":10},{"damage":17,"enemies":"Slime Boss","floor":16,"turns":10},{"damage":41,"enemies":"Chosen","floor":18,"turns":10},{"damage":10,"enemies":"2 Thieves","floor":20,"turns":3},{"damage":16,"enemies":"Chosen and Byrds","floor":22,"turns":5},{"damage":20,"enemies":"Slavers","floor":23,"turns":7},{"damage":14,"enemies":"Centurion and Healer","floor":24,"turns":6},{"damage":0,"enemies":"Cultist and Chosen","floor":27,"turns":6},{"damage":15,"enemies":"Shelled Parasite and Fungi","floor":29,"turns":6},{"damage":6,"enemies":"Snake Plant","floor":31,"turns":4},{"damage":65,"enemies":"Champ","floor":33,"turns":13}],"seed_played":"3582328350165538012","potions_obtained":[{"floor":1,"key":"Weak Potion"},{"floor":3,"key":"GamblersBrew"},{"floor":3,"key":"BloodPotion"},{"floor":12,"key":"GamblersBrew"},{"floor":14,"key":"Swift Potion"},{"floor":16,"key":"GamblersBrew"},{"floor":18,"key":"BloodPotion"},{"floor":22,"key":"FearPotion"},{"floor":23,"key":"EssenceOfSteel"},{"floor":31,"key":"SkillPotion"}],"is_trial":false,"path_per_floor":["M","M","?","M","$","E","?","M","T","R","E","M","?","E","R","B",null,"M","?","M","?","M","E","M","R","T","M","T","M","R","M","R","B"],"character_chosen":"IRONCLAD","items_purchased":["Anger","Panache"],"campfire_rested":3,"item_purchase_floors":[5,5],"current_hp_per_floor":[80,80,80,80,80,50,50,51,51,51,57,63,63,42,66,55,80,45,45,41,41,39,25,17,41,41,47,47,38,62,62,62,0],"gold":631,"neow_bonus":"HUNDRED_GOLD","is_prod":false,"is_daily":false,"chose_seed":false,"campfire_upgraded":2,"win_rate":0,"timestamp":1554134844,"path_taken":["M","M","?","?","$","E","?","M","T","R","E","?","?","E","R","BOSS","M","?","M","?","M","E","M","R","T","?","?","M","R","?","R","BOSS"],"build_version":"2019-01-23","purchased_purges":0,"victory":false,"max_hp_per_floor":[80,80,80,80,80,80,80,80,80,80,80,80,80,80,80,80,80,80,80,80,80,80,80,80,80,80,80,80,80,80,80,80,80],"card_choices":[{"not_picked":["Pommel Strike","Shockwave"],"picked":"Battle Trance","floor":1},{"not_picked":["Cleave","Thunderclap"],"picked":"Rage","floor":2},{"not_picked":["Headbutt","Twin Strike","Sword Boomerang"],"picked":"SKIP","floor":4},{"not_picked":["Second Wind","Seeing Red","Bloodletting"],"picked":"SKIP","floor":6},{"not_picked":["Fiend Fire","Intimidate"],"picked":"Clash","floor":8},{"not_picked":["Sever Soul","Dual Wield","Combust"],"picked":"SKIP","floor":11},{"not_picked":["Headbutt","Body Slam"],"picked":"Iron Wave","floor":12},{"not_picked":["Shockwave","Armaments"],"picked":"Warcry","floor":14},{"not_picked":["Bludgeon","Offering"],"picked":"Impervious","floor":16},{"not_picked":["Cleave","Twin Strike"],"picked":"Spot Weakness+1","floor":18},{"not_picked":["Pommel Strike","Thunderclap","True Grit"],"picked":"SKIP","floor":20},{"not_picked":["Clothesline+1","Flex"],"picked":"Flame Barrier","floor":22},{"not_picked":["Cleave","Shockwave"],"picked":"Armaments+1","floor":23},{"not_picked":["Wild Strike","Havoc","Searing Blow"],"picked":"SKIP","floor":24},{"not_picked":["True Grit+1","Thunderclap","Sever Soul"],"picked":"SKIP","floor":27},{"not_picked":["Heavy Blade","Battle Trance"],"picked":"Infernal Blade","floor":29},{"not_picked":["Berserk","Heavy Blade+1","Perfected Strike"],"picked":"SKIP","floor":31}],"player_experience":567665,"relics_obtained":[{"floor":6,"key":"Lantern"},{"floor":9,"key":"Gremlin Horn"},{"floor":11,"key":"Shovel"},{"floor":14,"key":"Tiny Chest"},{"floor":23,"key":"Nunchaku"},{"floor":26,"key":"Vajra"}],"event_choices":[{"damage_healed":0,"gold_gain":0,"player_choice":"Got Potions","damage_taken":0,"max_hp_gain":0,"max_hp_loss":0,"event_name":"Lab","floor":3,"gold_loss":0},{"damage_healed":0,"gold_gain":100,"player_choice":"Gold","damage_taken":0,"max_hp_gain":0,"max_hp_loss":0,"event_name":"Wheel of Change","floor":7,"gold_loss":0},{"damage_healed":0,"gold_gain":175,"player_choice":"AGREE","damage_taken":0,"max_hp_gain":0,"max_hp_loss":0,"event_name":"Liars Game","floor":13,"gold_loss":0,"cards_obtained":["Doubt"]},{"cards_removed":["Defend_R"],"damage_healed":0,"gold_gain":0,"player_choice":"Gave Gold","damage_taken":0,"max_hp_gain":0,"max_hp_loss":0,"event_name":"Beggar","floor":19,"gold_loss":75},{"damage_healed":0,"gold_gain":0,"player_choice":"Ignored","damage_taken":0,"max_hp_gain":0,"max_hp_loss":0,"event_name":"NoteForYourself","floor":21,"gold_loss":0}],"is_beta":false,"boss_relics":[{"not_picked":["Coffee Dripper","Sozu"],"picked":"Empty Cage"}],"items_purged_floors":[],"is_endless":false,"potions_floor_spawned":[1,4,12,14,16,18,22,23,31],"killed_by":"Champ","ascension_level":0}