{"gold_per_floor":[112,29,104,118,138,138,165,165,191,226,236,236,271,321,321,321],"floor_reached":16,"playtime":737,"items_purged":[],"score":236,"play_id":"28c61c61-1f90-4507-a43b-9c02b5dc7209","local_time":"20190409215746","is_ascension_mode":true,"campfire_choices":[{"data":"Noxious Fumes","floor":6,"key":"SMITH"},{"floor":8,"key":"REST"},{"floor":12,"key":"REST"},{"floor":15,"key":"REST"}],"neow_cost":"NONE","seed_source_timestamp":32619276117509,"circlet_count":0,"master_deck":["AscendersBane","Defend_G","Defend_G","Defend_G","Defend_G","Defend_G","Strike_G","Strike_G","Strike_G","Strike_G","Strike_G","Survivor","Neutralize","Flying Knee","Noxious Fumes+1","Crippling Poison","Footwork","Adrenaline","Dodge and Roll"],"relics":["Ring of the Snake","Juzu Bracelet","Ancient Tea Set","Potion Belt","Orichalcum","Bag of Marbles"],"potions_floor_usage":[7,13,16],"damage_taken":[{"damage":3,"enemies":"2 Louse","floor":1,"turns":3},{"damage":0,"enemies":"Jaw Worm","floor":4,"turns":5},{"damage":1,"enemies":"Cultist","floor":5,"turns":5},{"damage":27,"enemies":"Gremlin Nob","floor":7,"turns":5},{"damage":17,"enemies":"3 Sentries","floor":10,"turns":7},{"damage":8,"enemies":"Exordium Thugs","floor":11,"turns":10},{"damage":26,"enemies":"Gremlin Nob","floor":13,"turns":5},{"damage":31,"enemies":"Slime Boss","floor":16,"turns":8}],"seed_played":"-1988774086380203980","potions_obtained":[{"floor":4,"key":"GhostInAJar"},{"floor":10,"key":"GhostInAJar"},{"floor":13,"key":"Weak Potion"}],"is_trial":false,"path_per_floor":["M","$","?","M","M","R","E","R","T","E","M","R","E","?","R","B"],"character_chosen":"THE_SILENT","items_purchased":["Noxious Fumes"],"campfire_rested":3,"item_purchase_floors":[2],"current_hp_per_floor":[56,56,45,45,44,44,17,36,36,19,11,30,4,4,23,0],"gold":321,"neow_bonus":"RANDOM_COMMON_RELIC","is_prod":false,"is_daily":false,"chose_seed":false,"campfire_upgraded":1,"win_rate":0,"timestamp":1554839866,"path_taken":["M","$","?","M","M","R","E","R","T","E","M","R","E","?","R","BOSS"],"build_version":"2019-01-23","purchased_purges":0,"victory":false,"max_hp_per_floor":[66,66,66,66,66,66,66,66,66,66,66,66,66,66,66,66],"card_choices":[{"not_picked":["Dodge and Roll","Concentrate"],"picked":"Flying Knee","floor":1},{"not_picked":["Dodge and Roll","Expertise"],"picked":"Crippling Poison","floor":4},{"not_picked":["Cloak And Dagger","Outmaneuver"],"picked":"Footwork","floor":5},{"not_picked":["Dash","Infinite Blades"],"picked":"Adrenaline","floor":7},{"not_picked":["Outmaneuver","Burst","Caltrops"],"picked":"SKIP","floor":10},{"not_picked":["Outmaneuver","Burst","Caltrops"],"picked":"SKIP","floor":10},{"not_picked":["Accuracy","Underhanded Strike"],"picked":"Dodge and Roll","floor":11},{"not_picked":["Acrobatics","Sucker Punch","Flying Knee"],"picked":"SKIP","floor":13}],"player_experience":1098725,"relics_obtained":[{"floor":7,"key":"Ancient Tea Set"},{"floor":9,"key":"Potion Belt"},{"floor":10,"key":"Orichalcum"},{"floor":13,"key":"Bag of Marbles"}],"event_choices":[{"damage_healed":0,"gold_gain":75,"player_choice":"Gather Gold","damage_taken":11,"max_hp_gain":0,"max_hp_loss":0,"event_name":"World of Goop","floor":3,"gold_loss":0},{"damage_healed":0,"gold_gain":50,"player_choice":"Pray","damage_taken":0,"max_hp_gain":0,"max_hp_loss":0,"event_name":"Golden Shrine","floor":14,"gold_loss":0}],"is_beta":false,"boss_relics":[],"items_purged_floors":[],"is_endless":false,"potions_floor_spawned":[4,10,13],"killed_by":"Slime Boss","ascension_level":20}