{"gold_per_floor":[119,132,151,171,171,171,205,205,230,230,43,72,72,85,85,159,159,174,10,10,28,28,28,61,61,61,88,138,171,185,198,198,198],"floor_reached":33,"playtime":1920,"items_purged":["Strike_R","Strike_R"],"score":626,"play_id":"1b652b0a-0591-4889-8e82-e5c2ad357566","local_time":"20181230211805","is_ascension_mode":true,"campfire_choices":[{"data":"Bash","floor":6,"key":"SMITH"},{"data":"Wild Strike","floor":8,"key":"SMITH"},{"data":"Armaments","floor":10,"key":"SMITH"},{"data":"Shockwave","floor":13,"key":"SMITH"},{"data":"Battle Trance","floor":15,"key":"SMITH"},{"floor":23,"key":"REST"},{"floor":25,"key":"REST"},{"floor":32,"key":"REST"}],"neow_cost":"NONE","seed_source_timestamp":29465228845244,"circlet_count":0,"master_deck":["AscendersBane","Strike_R","Strike_R+1","Defend_R","Defend_R","Defend_R+1","Defend_R+1","Bash+1","Anger","Armaments+1","Iron Wave+1","Wild Strike+1","Battle Trance+1","Shockwave+1","Disarm","Limit Break","Seeing Red+1","Inflame","Whirlwind","Disarm","Headbutt","Whirlwind+1","Shrug It Off"],"relics":["Burning Blood","War Paint","Whetstone","Smiling Mask","PreservedInsect","Runic Pyramid","Peace Pipe","Frozen Egg 2","The Courier","Kunai"],"potions_floor_usage":[7,16,27,31,33],"damage_taken":[{"damage":3,"enemies":"Cultist","floor":1,"turns":4},{"damage":2,"enemies":"Jaw Worm","floor":2,"turns":4},{"damage":7,"enemies":"Small Slimes","floor":3,"turns":4},{"damage":8,"enemies":"Blue Slaver","floor":4,"turns":4},{"damage":19,"enemies":"Lagavulin","floor":7,"turns":6},{"damage":4,"enemies":"3 Sentries","floor":12,"turns":9},{"damage":1,"enemies":"Looter","floor":14,"turns":3},{"damage":40,"enemies":"Slime Boss","floor":16,"turns":11},{"damage":14,"enemies":"Shell Parasite","floor":18,"turns":7},{"damage":28,"enemies":"Spheric Guardian","floor":21,"turns":6},{"damage":8,"enemies":"Book of Stabbing","floor":24,"turns":5},{"damage":13,"enemies":"Gremlin Leader","floor":27,"turns":4},{"damage":38,"enemies":"Book of Stabbing","floor":29,"turns":6},{"damage":6,"enemies":"Cultist and Chosen","floor":30,"turns":5},{"damage":2,"enemies":"Snecko","floor":31,"turns":6},{"damage":59,"enemies":"Collector","floor":33,"turns":8}],"seed_played":"1883299361892853508","potions_obtained":[{"floor":2,"key":"GamblersBrew"},{"floor":3,"key":"SteroidPotion"},{"floor":21,"key":"BloodPotion"},{"floor":24,"key":"SkillPotion"},{"floor":30,"key":"SteroidPotion"}],"is_trial":false,"path_per_floor":["M","M","M","M","?","R","E","R","T","R","$","E","R","M","R","B",null,"M","$","?","M","?","R","E","R","T","E","?","E","M","M","R","B"],"character_chosen":"IRONCLAD","items_purchased":["Battle Trance","SteroidPotion","Inflame","Whirlwind"],"campfire_rested":3,"item_purchase_floors":[11,11,19,19],"current_hp_per_floor":[71,75,74,72,65,65,52,52,52,52,52,54,54,59,59,25,63,55,55,55,33,12,36,34,58,58,51,51,19,19,23,47,0],"gold":198,"neow_bonus":"RANDOM_COMMON_RELIC","is_prod":false,"is_daily":false,"chose_seed":false,"campfire_upgraded":5,"win_rate":0,"timestamp":1546201085,"path_taken":["M","M","?","?","?","R","E","R","T","R","$","E","R","M","R","BOSS","M","$","?","?","?","R","E","R","T","E","?","E","M","M","R","BOSS"],"build_version":"2018-12-20","purchased_purges":2,"victory":false,"max_hp_per_floor":[75,75,75,75,75,75,75,75,75,75,75,75,75,75,75,75,75,75,75,75,75,80,80,80,80,80,80,80,80,80,80,80,80],"card_choices":[{"not_picked":["True Grit","Body Slam","Power Through"],"picked":"SKIP","floor":1},{"not_picked":["Cleave","Headbutt"],"picked":"Anger","floor":2},{"not_picked":["Warcry","Rupture"],"picked":"Armaments","floor":3},{"not_picked":["Flex","Shrug It Off"],"picked":"Iron Wave","floor":4},{"not_picked":["Dropkick","Intimidate"],"picked":"Wild Strike","floor":7},{"not_picked":["Ghostly Armor","Burning Pact"],"picked":"Shockwave","floor":12},{"not_picked":["Ghostly Armor","Combust"],"picked":"Disarm","floor":14},{"not_picked":["Dark Embrace","Impervious"],"picked":"Limit Break","floor":16},{"not_picked":["True Grit","Anger"],"picked":"Seeing Red+1","floor":18},{"not_picked":["Armaments","Whirlwind"],"picked":"Headbutt","floor":21},{"not_picked":["Burning Pact","Wild Strike"],"picked":"Whirlwind+1","floor":24},{"not_picked":["Bludgeon","Carnage"],"picked":"Shrug It Off","floor":27},{"not_picked":["Pummel","Cleave","Berserk+1"],"picked":"SKIP","floor":29},{"not_picked":["Clash","Reckless Charge","Infernal Blade"],"picked":"SKIP","floor":30},{"not_picked":["Armaments+1","Burning Pact","Anger"],"picked":"SKIP","floor":31}],"player_experience":707968,"relics_obtained":[{"floor":7,"key":"Whetstone"},{"floor":9,"key":"Smiling Mask"},{"floor":12,"key":"PreservedInsect"},{"floor":24,"key":"Peace Pipe"},{"floor":26,"key":"Frozen Egg 2"},{"floor":27,"key":"The Courier"},{"floor":29,"key":"Kunai"}],"event_choices":[{"cards_removed":["Strike_R"],"damage_healed":0,"gold_gain":0,"player_choice":"Card Removal","damage_taken":7,"max_hp_gain":0,"max_hp_loss":0,"event_name":"Golden Wing","floor":5,"gold_loss":0},{"damage_healed":0,"gold_gain":0,"player_choice":"Copied","damage_taken":0,"max_hp_gain":0,"max_hp_loss":0,"event_name":"Duplicator","floor":20,"gold_loss":0,"cards_obtained":["Disarm"]},{"damage_healed":0,"gold_gain":0,"player_choice":"Shed Blood","damage_taken":26,"max_hp_gain":5,"max_hp_loss":0,"event_name":"Forgotten Altar","floor":22,"gold_loss":0},{"damage_healed":0,"gold_gain":50,"player_choice":"Stole From Cult","damage_taken":0,"max_hp_gain":0,"max_hp_loss":0,"event_name":"Nest","floor":28,"gold_loss":0}],"is_beta":false,"boss_relics":[{"not_picked":["Calling Bell","Lizard Tail"],"picked":"Runic Pyramid"}],"items_purged_floors":[11,19],"is_endless":false,"potions_floor_spawned":[2,3,12,21,24,30],"killed_by":"Collector","ascension_level":20}