{"gold_per_floor":[114,127,146,126,126,160,160,160,160,175,175,208,51,69,69,69],"floor_reached":16,"playtime":684,"items_purged":[],"score":224,"play_id":"a9ffc12a-88a3-46b5-a55a-5595a7ff58b2","local_time":"20190324210357","is_ascension_mode":true,"campfire_choices":[{"data":"Zap","floor":8,"key":"SMITH"},{"floor":11,"key":"REST"},{"floor":15,"key":"REST"}],"neow_cost":"NONE","seed_source_timestamp":30766496504934,"circlet_count":0,"master_deck":["AscendersBane","Strike_B","Strike_B","Strike_B","Strike_B","Defend_B","Defend_B","Defend_B","Defend_B","Zap+1","Dualcast","Static Discharge","Go for the Eyes","Rip and Tear","Biased Cognition","Glacier"],"relics":["Cracked Core","Bag of Preparation","Gremlin Horn","Mango","Girya"],"potions_floor_usage":[5,6,12,16],"damage_taken":[{"damage":2,"enemies":"Jaw Worm","floor":1,"turns":4},{"damage":1,"enemies":"Cultist","floor":2,"turns":3},{"damage":6,"enemies":"2 Louse","floor":3,"turns":3},{"damage":0,"enemies":"Exordium Wildlife","floor":5,"turns":1},{"damage":14,"enemies":"Gremlin Nob","floor":6,"turns":4},{"damage":14,"enemies":"Exordium Thugs","floor":10,"turns":3},{"damage":25,"enemies":"3 Sentries","floor":12,"turns":4},{"damage":3,"enemies":"Looter","floor":14,"turns":2},{"damage":31,"enemies":"Hexaghost","floor":16,"turns":9}],"seed_played":"2448757372752761377","potions_obtained":[{"floor":1,"key":"Ancient Potion"},{"floor":4,"key":"SmokeBomb"},{"floor":6,"key":"FearPotion"},{"floor":10,"key":"Explosive Potion"}],"is_trial":false,"path_per_floor":["M","M","M","?","M","E","?","R","T","M","R","E","$","M","R","B"],"character_chosen":"DEFECT","items_purchased":["Biased Cognition"],"campfire_rested":2,"item_purchase_floors":[13],"current_hp_per_floor":[62,61,55,55,55,41,6,6,20,6,31,6,6,3,28,0],"gold":69,"neow_bonus":"RANDOM_COMMON_RELIC","is_prod":false,"is_daily":false,"chose_seed":false,"campfire_upgraded":1,"win_rate":0,"timestamp":1553457837,"path_taken":["M","M","M","?","?","E","?","R","T","M","R","E","?","M","R","BOSS"],"build_version":"2019-01-23","purchased_purges":0,"victory":false,"max_hp_per_floor":[71,71,71,71,71,71,71,71,85,85,85,85,85,85,85,85],"card_choices":[{"not_picked":["Barrage","Tempest"],"picked":"Static Discharge","floor":1},{"not_picked":["Aggregate","Recycle"],"picked":"Go for the Eyes","floor":2},{"not_picked":["Barrage","Loop"],"picked":"Rip and Tear","floor":3},{"not_picked":["Barrage","Loop","Darkness"],"picked":"SKIP","floor":6},{"not_picked":["Gash","Sunder","Beam Cell"],"picked":"SKIP","floor":10},{"not_picked":["Streamline","Double Energy","Recycle"],"picked":"SKIP","floor":12},{"not_picked":["Cold Snap","Echo Form"],"picked":"Glacier","floor":14}],"player_experience":1039839,"relics_obtained":[{"floor":6,"key":"Gremlin Horn"},{"floor":9,"key":"Mango"},{"floor":12,"key":"Girya"}],"event_choices":[{"damage_healed":0,"gold_gain":0,"player_choice":"Bought 1 Potion","damage_taken":0,"max_hp_gain":0,"max_hp_loss":0,"event_name":"The Woman in Blue","floor":4,"gold_loss":0},{"damage_healed":0,"gold_gain":0,"player_choice":"Fled","damage_taken":35,"max_hp_gain":0,"max_hp_loss":0,"event_name":"Scrap Ooze","floor":7,"gold_loss":0}],"is_beta":false,"boss_relics":[],"items_purged_floors":[],"is_endless":false,"potions_floor_spawned":[1,6,10],"killed_by":"Hexaghost","ascension_level":20}