{"gold_per_floor":[115,127,147,158,2,36,1,27,27,41,41,59,79,98,98,203,203,221,234,253,253,271,271,286,302,326,346,346,365,290,52,52,151,151,168,168,22,34,46,72,72,72,119,419,465,465,465,24,24,24],"floor_reached":50,"playtime":6022,"items_purged":["Writhe"],"score":738,"play_id":"c5b4a669-32e0-4859-8a9e-74ea67a0565c","local_time":"20180702014924","is_ascension_mode":false,"campfire_choices":[{"floor":15.0,"key":"REST"},{"floor":23.0,"key":"REST"},{"floor":28.0,"key":"REST"},{"floor":32.0,"key":"REST"},{"floor":41.0,"key":"REST"},{"floor":49,"key":"REST"}],"neow_cost":"","seed_source_timestamp":0,"circlet_count":0,"master_deck":["Defend_G","Defend_G","Defend_G","Defend_G","Defend_G","Strike_G","Strike_G","Strike_G","Survivor","Neutralize","Dagger Throw","Outmaneuver","All Out Attack","Deflect","Trip","Acrobatics","Dagger Spray","Noxious Fumes","Deflect+1","Prepared+1","Prepared+1","Unload","Underhanded Strike","Acrobatics+1","Malaise+1","Neutralize","All Out Attack","Corpse Explosion","Deadly Poison+1","Poisoned Stab","Predator","Bouncing Flask+1","Blade Dance+1","Die Die Die","Blur+1","Eviscerate","Catalyst+1","Reflex+1","Slice","Underhanded Strike+1","Flechettes","Blade Dance+1","Deep Breath+1","Blur+1","Panache"],"special_seed":0,"relics":["Ring of the Snake","Ninja Scroll","Torii","Toxic Egg 2","Shuriken","Fusion Hammer","Oddly Smooth Stone","Orrery","Lantern","Potion Belt","Incense Burner","Juzu Bracelet","Gambling Chip"],"potions_floor_usage":[45],"damage_taken":[{"damage":0.0,"enemies":"Cultist","floor":1.0,"turns":5.0},{"damage":4.0,"enemies":"Jaw Worm","floor":2.0,"turns":5.0},{"damage":2.0,"enemies":"Small Slimes","floor":3.0,"turns":5.0},{"damage":5.0,"enemies":"3 Louse","floor":4.0,"turns":2.0},{"damage":15.0,"enemies":"Lagavulin","floor":6.0,"turns":7.0},{"damage":34.0,"enemies":"Gremlin Nob","floor":8.0,"turns":5.0},{"damage":1.0,"enemies":"Looter","floor":10.0,"turns":3.0},{"damage":9.0,"enemies":"2 Fungi Beasts","floor":12.0,"turns":2.0},{"damage":0.0,"enemies":"Exordium Thugs","floor":13.0,"turns":3.0},{"damage":0.0,"enemies":"3 Louse","floor":14.0,"turns":2.0},{"damage":7.0,"enemies":"Slime Boss","floor":16.0,"turns":8.0},{"damage":0.0,"enemies":"3 Byrds","floor":18.0,"turns":3.0},{"damage":6.0,"enemies":"2 Thieves","floor":19.0,"turns":3.0},{"damage":15.0,"enemies":"Cultist and Chosen","floor":20.0,"turns":5.0},{"damage":19.0,"enemies":"Snake Plant","floor":22.0,"turns":5.0},{"damage":8.0,"enemies":"3 Cultists","floor":24.0,"turns":5.0},{"damage":2.0,"enemies":"Snecko","floor":25.0,"turns":6.0},{"damage":2.0,"enemies":"Cultist and Chosen","floor":27.0,"turns":6.0},{"damage":1.0,"enemies":"Snake Plant","floor":29.0,"turns":6.0},{"damage":39.0,"enemies":"Automaton","floor":33.0,"turns":8.0},{"damage":17.0,"enemies":"3 Darklings","floor":35.0,"turns":3.0},{"damage":0.0,"enemies":"Orb Walker","floor":38.0,"turns":2.0},{"damage":2.0,"enemies":"4 Shapes","floor":39.0,"turns":2.0},{"damage":20.0,"enemies":"Nemesis","floor":40.0,"turns":7.0},{"damage":0.0,"floor":42.0,"turns":4.0},{"damage":43,"floor":45,"turns":8},{"damage":71,"enemies":"Donu and Deca","floor":50,"turns":5}],"seed_played":"-1694761224800233671","potions_obtained":[{"floor":2.0,"key":"Poison Potion"},{"floor":6.0,"key":"EssenceOfSteel"},{"floor":8.0,"key":"Swift Potion"},{"floor":12.0,"key":"Block Potion"},{"floor":13.0,"key":"Fruit Juice"},{"floor":18.0,"key":"Ancient Potion"},{"floor":22.0,"key":"EssenceOfSteel"},{"floor":24.0,"key":"Swift Potion"},{"floor":27.0,"key":"Block Potion"},{"floor":29.0,"key":"Fruit Juice"},{"floor":35.0,"key":"Block Potion"},{"floor":36.0,"key":"Fire Potion"},{"floor":36.0,"key":"SmokeBomb"},{"floor":39.0,"key":"Energy Potion"},{"floor":42,"key":"AttackPotion"}],"is_trial":false,"path_per_floor":["M","M","M","M","$","E","?","E","T","M","?","M","M","M","R","B",null,"M","M","M","?","M","R","M","M","T","M","R","M","?","$","R","B",null,"M","?","$","M","M","E","R","M","T","?","?","?","?","$","R"],"character_chosen":"THE_SILENT","items_purchased":["Trip","Acrobatics","Poisoned Stab","Predator","Bouncing Flask+1","Blade Dance+1","Lantern","Deep Breath+1","Blur+1","Panache"],"campfire_rested":6,"item_purchase_floors":[],"current_hp_per_floor":[70,66,64,59,59,44,61,27,27,26,23,14,14,14,35,33,75,75,69,54,54,35,57,49,47,47,45,67,66,66,66,75,41,80,63,63,63,63,61,41,65,65,65,65,22,22,42,42,66,0],"gold":24,"neow_bonus":"","is_prod":false,"is_daily":false,"chose_seed":false,"campfire_upgraded":0,"win_rate":0.0,"timestamp":1530510564,"path_taken":["M","M","?","M","$","E","?","E","T","M","?","M","M","M","R","BOSS","M","M","M","?","M","R","M","M","T","M","R","M","?","$","R","BOSS","M","?","$","M","M","E","R","?","T","?","?","?","?","?","R","BOSS"],"build_version":"2018-06-28","purchased_purges":1,"victory":false,"max_hp_per_floor":[70,70,70,70,70,70,70,70,70,70,70,70,70,70,70,75,75,75,75,75,75,75,75,75,75,75,75,75,75,75,75,75,80,80,80,80,80,80,80,80,80,80,80,80,80,80,80,80,80,80],"card_choices":[{"not_picked":["Prepared","Dodge and Roll"],"picked":"Dagger Throw","floor":1.0},{"not_picked":["Masterful Stab","All Out Attack"],"picked":"Outmaneuver","floor":2.0},{"not_picked":["Leg Sweep","Dodge and Roll"],"picked":"All Out Attack","floor":3.0},{"not_picked":["Flying Knee","Calculated Gamble"],"picked":"Deflect","floor":4.0},{"not_picked":["Night Terror","Dodge and Roll"],"picked":"Dagger Spray","floor":6.0},{"not_picked":["Underhanded Strike","Leg Sweep"],"picked":"Noxious Fumes","floor":8.0},{"not_picked":["Bouncing Flask+1","Sucker Punch","Dagger Spray"],"picked":"SKIP","floor":10.0},{"not_picked":["Envenom","Dodge and Roll+1"],"picked":"Deflect+1","floor":12.0},{"not_picked":["Calculated Gamble+1","Masterful Stab"],"picked":"Prepared+1","floor":13.0},{"not_picked":["All Out Attack","Dagger Throw"],"picked":"Prepared+1","floor":14.0},{"not_picked":["Envenom","Adrenaline+1"],"picked":"Unload","floor":16.0},{"not_picked":["Flying Knee","Eviscerate"],"picked":"Underhanded Strike","floor":18.0},{"not_picked":["Finisher","Backflip+1"],"picked":"Acrobatics+1","floor":19.0},{"not_picked":["Dodge and Roll+1","Acrobatics+1"],"picked":"Malaise+1","floor":20.0},{"not_picked":["Outmaneuver+1","Well Laid Plans+1","Bane"],"picked":"SKIP","floor":22.0},{"not_picked":["Well Laid Plans+1","Sucker Punch","Bane"],"picked":"SKIP","floor":24.0},{"not_picked":["Deflect+1","Infinite Blades+1"],"picked":"All Out Attack","floor":25.0},{"not_picked":["Terror+1","Prepared+1"],"picked":"Corpse Explosion","floor":27.0},{"not_picked":["Malaise+1","Crippling Poison+1"],"picked":"Deadly Poison+1","floor":29.0},{"not_picked":["Tactician+1","Night Terror+1"],"picked":"Die Die Die","floor":33.0},{"not_picked":["Acrobatics+1","Dagger Throw"],"picked":"Blur+1","floor":34.0},{"not_picked":["Skewer","Dodge and Roll+1"],"picked":"Eviscerate","floor":34.0},{"not_picked":["Blur+1","Masterful Stab"],"picked":"Catalyst+1","floor":34.0},{"not_picked":["Acrobatics+1","Caltrops"],"picked":"Reflex+1","floor":34.0},{"not_picked":["Catalyst+1","Acrobatics+1"],"picked":"Slice","floor":34.0},{"not_picked":["Well Laid Plans","Bane"],"picked":"Underhanded Strike+1","floor":35.0},{"not_picked":["Backstab","Sucker Punch+1","Skewer+1"],"picked":"SKIP","floor":38.0},{"not_picked":["Bane","Leg Sweep+1"],"picked":"Flechettes","floor":39.0},{"not_picked":["Underhanded Strike+1","Deflect+1","Endless Agony"],"picked":"SKIP","floor":40.0},{"not_picked":["Bouncing Flask+1","Flying Knee"],"picked":"Blade Dance+1","floor":42}],"player_experience":69464,"relics_obtained":[{"floor":6.0,"key":"Ninja Scroll"},{"floor":8.0,"key":"Torii"},{"floor":9.0,"key":"Toxic Egg 2"},{"floor":26.0,"key":"Oddly Smooth Stone"},{"floor":40.0,"key":"Potion Belt"},{"floor":42,"key":"Incense Burner"},{"floor":43,"key":"Juzu Bracelet"},{"floor":45,"key":"Gambling Chip"}],"event_choices":[{"event_name":"The Cleric","player_choice":"Healed","floor":7.0,"damage_taken":0.0},{"event_name":"Scrap Ooze","player_choice":"success","floor":11.0,"damage_taken":3.0},{"event_name":"Duplicator","player_choice":"One dupe","floor":21.0,"damage_taken":0.0},{"event_name":"Beggar","player_choice":"Gave Gold","floor":30.0,"damage_taken":0.0},{"event_name":"The Lab","player_choice":"Got Potions","floor":36.0,"damage_taken":0.0},{"event_name":"MindBloom","player_choice":"Fight","floor":42.0,"damage_taken":0.0},{"event_name":"Wheel of Change","player_choice":"Gold","floor":44,"damage_taken":0},{"event_name":"Mysterious Sphere","player_choice":"Fight","floor":45,"damage_taken":0},{"event_name":"Tomb of Lord Red Mask","player_choice":"Ignored","floor":46,"damage_taken":0},{"event_name":"Winding Halls","player_choice":"Writhe","floor":47,"damage_taken":0}],"boss_relics":[{"not_picked":["Snecko Eye","Runic Dome"],"picked":"Fusion Hammer"},{"not_picked":["Philosopher\u0027s Stone","Sozu"],"picked":"Orrery"}],"items_purged_floors":[48],"is_endless":false,"potions_floor_spawned":[2,6,8,12,13,18,22,24,27,29,35,39,42],"killed_by":"Donu and Deca","ascension_level":0}