{"gold_per_floor":[111,122,139,139,12,12,56,70,70,70,91,115,115,136,136,266,266,284,284,114,128,143,143,167,186,186,205,205,205,219,250,250,345,345,365,440,11,28,48,48,75,75,75,124,124,152,152,164,164,164],"floor_reached":50,"playtime":6864,"items_purged":[],"score":684,"play_id":"8ad4e6fd-9547-4621-934e-769ac3390f67","local_time":"20180929030806","is_ascension_mode":true,"campfire_choices":[{"data":"Good Instincts","floor":6.0,"key":"SMITH"},{"floor":13.0,"key":"REST"},{"data":"Calculated Gamble","floor":15.0,"key":"SMITH"},{"data":"Forethought","floor":23.0,"key":"SMITH"},{"data":"Expertise","floor":28.0,"key":"SMITH"},{"data":"Neutralize","floor":32.0,"key":"SMITH"},{"data":"Thinking Ahead","floor":40,"key":"SMITH"},{"data":"Night Terror","floor":45,"key":"SMITH"},{"data":"Calculated Gamble","floor":49,"key":"SMITH"}],"neow_cost":"PERCENT_DAMAGE","seed_source_timestamp":49444617628724,"circlet_count":0,"master_deck":["Defend_G+1","Defend_G+1","Defend_G+1","Defend_G+1","Defend_G+1","Strike_G+1","Strike_G+1","Strike_G+1","Strike_G+1","Strike_G+1","Survivor","Neutralize+1","Calculated Gamble+1","Expertise+1","Deflect","Good Instincts+1","Acrobatics","Corpse Explosion","Noxious Fumes","Unload","Deflect","Footwork","Forethought+1","Tactician+1","Prepared","Footwork+1","Endless Agony+1","Calculated Gamble+1","Night Terror+1","Acrobatics+1","Good Instincts","Thinking Ahead+1","Riddle With Holes","Well Laid Plans+1","Metamorphosis","Predator","Flechettes+1"],"special_seed":0,"relics":["Ring of the Snake","Bloody Idol","Pear","Pocketwatch","Bird Faced Urn","Black Star","Ornamental Fan","Ice Cream","Mango","Omamori","Paper Crane","Bottled Flame","Pantograph","Snake Skull","PreservedInsect","Juzu Bracelet"],"potions_floor_usage":[41,46,50,50],"damage_taken":[{"damage":3.0,"enemies":"Cultist","floor":1.0,"turns":6.0},{"damage":7.0,"enemies":"2 Louse","floor":2.0,"turns":4.0},{"damage":1.0,"enemies":"Small Slimes","floor":3.0,"turns":4.0},{"damage":29.0,"enemies":"Gremlin Nob","floor":7.0,"turns":5.0},{"damage":4.0,"enemies":"Exordium Wildlife","floor":8.0,"turns":7.0},{"damage":0.0,"enemies":"Looter","floor":11.0,"turns":5.0},{"damage":2.0,"enemies":"3 Louse","floor":12.0,"turns":2.0},{"damage":17.0,"enemies":"Exordium Thugs","floor":14.0,"turns":5.0},{"damage":14.0,"enemies":"Hexaghost","floor":16.0,"turns":11.0},{"damage":8.0,"enemies":"3 Byrds","floor":18.0,"turns":4.0},{"damage":32.0,"enemies":"2 Thieves","floor":21.0,"turns":4.0},{"damage":2.0,"enemies":"Centurion and Healer","floor":22.0,"turns":8.0},{"damage":20.0,"enemies":"Sentry and Sphere","floor":24.0,"turns":6.0},{"damage":2.0,"enemies":"Snake Plant","floor":25.0,"turns":6.0},{"damage":3.0,"enemies":"Shelled Parasite and Fungi","floor":27.0,"turns":8.0},{"damage":27.0,"enemies":"Snecko","floor":30.0,"turns":6.0},{"damage":23.0,"enemies":"Book of Stabbing","floor":31.0,"turns":8.0},{"damage":25.0,"enemies":"Champ","floor":33.0,"turns":18.0},{"damage":0.0,"enemies":"Orb Walker","floor":35.0,"turns":6.0},{"damage":24,"enemies":"3 Shapes","floor":38,"turns":7},{"damage":23,"enemies":"Transient","floor":39,"turns":5},{"damage":68,"enemies":"Giant Head","floor":41,"turns":11},{"damage":0,"enemies":"Nemesis","floor":46,"turns":9},{"damage":34,"enemies":"4 Shapes","floor":48,"turns":8},{"damage":98,"enemies":"Awakened One","floor":50,"turns":5}],"seed_played":"-418606404561213299","potions_obtained":[{"floor":1.0,"key":"GamblersBrew"},{"floor":2.0,"key":"SkillPotion"},{"floor":8.0,"key":"Ancient Potion"},{"floor":12.0,"key":"SkillPotion"},{"floor":16.0,"key":"Regen Potion"},{"floor":21.0,"key":"PowerPotion"},{"floor":22.0,"key":"Regen Potion"},{"floor":24.0,"key":"Poison Potion"},{"floor":35.0,"key":"Poison Potion"},{"floor":41,"key":"GhostInAJar"},{"floor":46,"key":"AttackPotion"},{"floor":48,"key":"PowerPotion"}],"is_trial":false,"path_per_floor":["M","M","M","?","$","R","E","M","T","?","M","M","R","M","R","B",null,"M","?","$","M","M","R","M","M","T","M","R","?","M","E","R","B",null,"M","?","$","M","M","R","E","?","T","T","R","E","?","M","R"],"character_chosen":"THE_SILENT","items_purchased":["Good Instincts","Acrobatics","Footwork","Forethought","Good Instincts","Thinking Ahead","Omamori"],"campfire_rested":1,"item_purchase_floors":[5,5,20,20,37,37,37],"current_hp_per_floor":[57,50,49,49,49,49,30,26,26,26,26,24,50,35,35,23,88,80,80,80,50,52,52,46,48,48,51,51,51,35,52,52,38,102,102,92,92,79,65,65,8,8,8,13,13,26,89,62,62,0],"gold":164,"neow_bonus":"TWENTY_PERCENT_HP_BONUS","is_prod":false,"is_daily":false,"chose_seed":false,"campfire_upgraded":8,"win_rate":0,"timestamp":1538204886,"path_taken":["M","M","?","?","$","R","E","M","T","?","M","M","R","?","R","BOSS","M","?","$","M","?","R","M","M","T","M","R","?","M","E","R","BOSS","M","?","$","M","?","R","E","?","T","?","R","E","?","M","R","BOSS"],"build_version":"2018-09-27","purchased_purges":0,"victory":false,"max_hp_per_floor":[84,84,84,78,78,78,88,88,88,88,88,88,88,88,88,88,88,88,88,88,88,88,88,88,88,88,88,88,88,88,102,102,102,102,102,102,102,102,102,102,102,102,102,102,102,102,89,89,89,89],"card_choices":[{"not_picked":["Predator","Dagger Throw"],"picked":"Calculated Gamble","floor":1.0},{"not_picked":["Catalyst","Acrobatics"],"picked":"Expertise","floor":2.0},{"not_picked":["Prepared","Backflip"],"picked":"Deflect","floor":3.0},{"not_picked":["Bouncing Flask","Deadly Poison","Riddle With Holes"],"picked":"SKIP","floor":7.0},{"not_picked":["Bane","PiercingWail"],"picked":"Corpse Explosion","floor":8.0},{"not_picked":["Dagger Spray","Bane"],"picked":"Noxious Fumes","floor":11.0},{"not_picked":["Sucker Punch","Backstab","Underhanded Strike"],"picked":"SKIP","floor":12.0},{"not_picked":["Riddle With Holes","Quick Slash","Skewer"],"picked":"SKIP","floor":14.0},{"not_picked":["Phantasmal Killer","Grand Finale"],"picked":"Unload","floor":16.0},{"not_picked":["Deadly Poison","Poisoned Stab"],"picked":"Deflect","floor":18.0},{"not_picked":["Bane","Dodge and Roll"],"picked":"Tactician+1","floor":21.0},{"not_picked":["Quick Slash","Cloak And Dagger"],"picked":"Prepared","floor":22.0},{"not_picked":["Bane","Deflect","Poisoned Stab"],"picked":"SKIP","floor":24.0},{"not_picked":["Accuracy","Die Die Die"],"picked":"Footwork+1","floor":25.0},{"not_picked":["Dagger Throw","Deadly Poison"],"picked":"Endless Agony+1","floor":27.0},{"not_picked":["Concentrate","Slice"],"picked":"Calculated Gamble","floor":30.0},{"not_picked":["Bane","Caltrops","Corpse Explosion"],"picked":"SKIP","floor":31.0},{"not_picked":["Adrenaline","Grand Finale"],"picked":"Night Terror","floor":33.0},{"not_picked":["Prepared","Backstab"],"picked":"Acrobatics+1","floor":35.0},{"not_picked":["Dagger Spray","Slice","Blade Dance"],"picked":"SKIP","floor":38},{"not_picked":["Expertise+1","Sucker Punch+1"],"picked":"Riddle With Holes","floor":39},{"not_picked":["PiercingWail","Blade Dance+1"],"picked":"Well Laid Plans+1","floor":41},{"not_picked":["Secret Technique","Chrysalis"],"picked":"Metamorphosis","floor":42},{"not_picked":["Dodge and Roll","Noxious Fumes"],"picked":"Predator","floor":46},{"not_picked":["Blade Dance+1","Deadly Poison"],"picked":"Flechettes+1","floor":48}],"player_experience":683578,"relics_obtained":[{"floor":7.0,"key":"Pear"},{"floor":9.0,"key":"Pocketwatch"},{"floor":26.0,"key":"Ornamental Fan"},{"floor":31.0,"key":"Ice Cream"},{"floor":31.0,"key":"Mango"},{"floor":41,"key":"Paper Crane"},{"floor":41,"key":"Bottled Flame"},{"floor":43,"key":"Pantograph"},{"floor":44,"key":"Snake Skull"},{"floor":46,"key":"PreservedInsect"},{"floor":46,"key":"Juzu Bracelet"}],"event_choices":[{"event_name":"Golden Idol","player_choice":"Lose Max HP","floor":4.0,"damage_taken":0.0},{"event_name":"Dead Adventurer","player_choice":"Searched \u00271\u0027 times","floor":10.0,"damage_taken":0.0},{"event_name":"Back to Basics","player_choice":"Simplicity","floor":19.0,"damage_taken":0.0},{"event_name":"Forgotten Altar","player_choice":"Gave Idol","floor":29.0,"damage_taken":0.0},{"event_name":"FaceTrader","player_choice":"Touch","floor":36.0,"damage_taken":0.0},{"event_name":"SensoryStone","player_choice":"Memory 1","floor":42,"damage_taken":0},{"event_name":"The Moai Head","player_choice":"Heal","floor":47,"damage_taken":0}],"is_beta":false,"boss_relics":[{"not_picked":["Runic Pyramid","Fusion Hammer"],"picked":"Black Star"},{"not_picked":["Velvet Choker","Calling Bell","Coffee Dripper"]}],"items_purged_floors":[],"is_endless":false,"potions_floor_spawned":[1,2,8,12,16,21,22,24,35,41,46,48],"killed_by":"Awakened One","ascension_level":2}