{"gold_per_floor":[119,119,138,157,175,206,206,206,206,206,225,252,16,28,28,133,133,143,160,172,184,184],"floor_reached":22,"playtime":3363,"items_purged":[],"score":225,"play_id":"d0eec187-7e9a-431e-b092-cb5eef5d88c7","local_time":"20190223000025","is_ascension_mode":false,"campfire_choices":[{"floor":8,"key":"REST"},{"data":"Bash","floor":10,"key":"SMITH"},{"floor":15,"key":"REST"}],"neow_cost":"CURSE","seed_source_timestamp":898721719058595,"circlet_count":0,"master_deck":["Strike_R","Strike_R","Strike_R+1","Strike_R","Strike_R","Defend_R","Defend_R","Defend_R","Defend_R","Bash+1","Doubt","Combust+1","Rupture","Fire Breathing","Pommel Strike+1","Rupture","Armaments","Iron Wave","Thunderclap","Uppercut","Shrug It Off","Ghostly Armor","Feed","Twin Strike","Dual Wield","Blood for Blood","Carnage","Rampage","Bludgeon","Heavy Blade","Twin Strike","Entrench"],"relics":["Burning Blood","The Courier","Whetstone","Sundial","Torii","Membership Card","Orrery"],"potions_floor_usage":[12,14,16,20,22],"damage_taken":[{"damage":22,"enemies":"Cultist","floor":1,"turns":6},{"damage":1,"enemies":"Small Slimes","floor":3,"turns":4},{"damage":0,"enemies":"2 Louse","floor":4,"turns":2},{"damage":12,"enemies":"Looter","floor":5,"turns":4},{"damage":42,"enemies":"3 Sentries","floor":6,"turns":6},{"damage":11,"enemies":"Red Slaver","floor":11,"turns":3},{"damage":41,"enemies":"Lagavulin","floor":12,"turns":6},{"damage":1,"enemies":"2 Fungi Beasts","floor":14,"turns":4},{"damage":32,"enemies":"Hexaghost","floor":16,"turns":9},{"damage":22,"enemies":"Spheric Guardian","floor":18,"turns":5},{"damage":13,"enemies":"Chosen","floor":19,"turns":6},{"damage":40,"enemies":"Snake Plant","floor":20,"turns":6},{"damage":28,"enemies":"Centurion and Healer","floor":21,"turns":7},{"damage":21,"enemies":"Cultist and Chosen","floor":22,"turns":6}],"seed_played":"-1790225582897632560","potions_obtained":[{"floor":3,"key":"Ancient Potion"},{"floor":6,"key":"AttackPotion"},{"floor":12,"key":"Explosive Potion"},{"floor":14,"key":"EssenceOfSteel"},{"floor":18,"key":"Strength Potion"},{"floor":21,"key":"Explosive Potion"}],"is_trial":false,"path_per_floor":["T","M","M","?","M","M","M"],"character_chosen":"IRONCLAD","items_purchased":["Membership Card","Thunderclap","Uppercut","Shrug It Off","Block Potion"],"campfire_rested":2,"item_purchase_floors":[13,13,13,13,13],"current_hp_per_floor":[80,80,85,91,85,49,49,77,77,77,72,37,37,42,70,44,96,80,73,39,17,0],"gold":184,"neow_bonus":"TWENTY_PERCENT_HP_BONUS","is_prod":false,"is_daily":false,"chose_seed":false,"campfire_upgraded":1,"win_rate":0.0,"timestamp":1550854825,"path_taken":["M","?","?","?","M","E","?","R","T","R","M","E","$","M","R","BOSS","M","M","?","?","?"],"build_version":"2019-01-23","purchased_purges":0,"victory":false,"max_hp_per_floor":[96,96,96,96,96,96,96,96,96,96,96,96,96,96,96,96,96,96,96,96,96,96],"card_choices":[{"not_picked":["Rage","Pummel"],"picked":"Combust","floor":1},{"not_picked":["Pommel Strike","Twin Strike"],"picked":"Rupture","floor":3},{"not_picked":["Pommel Strike","True Grit"],"picked":"Fire Breathing","floor":4},{"not_picked":["Iron Wave","Rage"],"picked":"Pommel Strike","floor":5},{"not_picked":["Bloodletting","Whirlwind"],"picked":"Rupture","floor":6},{"not_picked":["Heavy Blade","Anger"],"picked":"Armaments","floor":11},{"not_picked":["Body Slam","Warcry"],"picked":"Iron Wave","floor":12},{"not_picked":["Metallicize","Flex"],"picked":"Ghostly Armor","floor":14},{"not_picked":["Brutality","Impervious"],"picked":"Feed","floor":16},{"not_picked":["Flex","Armaments"],"picked":"Twin Strike","floor":17},{"not_picked":["Cleave","Flex"],"picked":"Dual Wield","floor":17},{"not_picked":["Body Slam","Armaments"],"picked":"Blood for Blood","floor":17},{"not_picked":["Shrug It Off","Seeing Red"],"picked":"Carnage","floor":17},{"not_picked":["Inflame","Clash"],"picked":"Rampage","floor":17},{"not_picked":["Intimidate","Shrug It Off"],"picked":"Bludgeon","floor":18},{"not_picked":["Clothesline","Sword Boomerang"],"picked":"Heavy Blade","floor":19},{"not_picked":["Pummel","Iron Wave"],"picked":"Twin Strike","floor":20},{"not_picked":["Armaments","Iron Wave"],"picked":"Entrench","floor":21}],"player_experience":194305,"relics_obtained":[{"floor":2,"key":"The Courier"},{"floor":6,"key":"Whetstone"},{"floor":9,"key":"Sundial"},{"floor":12,"key":"Torii"}],"event_choices":[{"damage_healed":0,"gold_gain":0,"player_choice":"Upgraded","damage_taken":0,"max_hp_gain":0,"max_hp_loss":0,"event_name":"Upgrade Shrine","floor":7,"gold_loss":0,"cards_upgraded":["Combust"]}],"is_beta":false,"boss_relics":[{"not_picked":["Busted Crown","Cursed Key"],"picked":"Orrery"}],"items_purged_floors":[],"is_endless":false,"potions_floor_spawned":[3,6,12,14,18,21],"killed_by":"Cultist and Chosen","ascension_level":0}