{"gold_per_floor":[111,121,138,150,169,169,201,216,216,227,138,155,155,190,190,288,288,273,292,309,309,328,362,362,395,395,395,428,428,444,200,200,200],"floor_reached":33,"playtime":5632,"items_purged":["Strike_B"],"score":321,"play_id":"500eee2d-3ad9-4e81-a0e7-a41d12ae9a12","local_time":"20180725024116","is_ascension_mode":false,"campfire_choices":[{"data":"Leap","floor":6.0,"key":"SMITH"},{"data":"Hologram","floor":13.0,"key":"SMITH"},{"floor":15.0,"key":"REST"},{"floor":24,"key":"REST"},{"data":"Echo Form","floor":27,"key":"SMITH"},{"floor":29,"key":"REST"},{"data":"Scrape","floor":32,"key":"SMITH"}],"neow_cost":"NONE","seed_source_timestamp":0,"circlet_count":0,"master_deck":["Strike_B","Strike_B","Strike_B","Defend_B","Defend_B","Defend_B","Defend_B","Zap","Dualcast","BootSequence","Leap+1","Sweeping Beam","Turbo","Reboot","FTL","Madness","Hologram+1","Self Repair","Echo Form+1","White Noise","Rebound","Doom and Gloom","Recycle","Double Energy+1","Genetic Algorithm","Hologram","Scrape+1"],"special_seed":0,"relics":["FrozenCore","Mercury Hourglass","Nunchaku","Centennial Puzzle","Dead Branch","Dodecahedron","Bottled Flame","Sundial"],"potions_floor_usage":[22,22,23,28,33],"damage_taken":[{"damage":0.0,"enemies":"Small Slimes","floor":1.0,"turns":3.0},{"damage":1.0,"enemies":"Cultist","floor":2.0,"turns":3.0},{"damage":1.0,"enemies":"Jaw Worm","floor":3.0,"turns":3.0},{"damage":6.0,"enemies":"3 Louse","floor":4.0,"turns":4.0},{"damage":0.0,"enemies":"Lots of Slimes","floor":5.0,"turns":3.0},{"damage":3.0,"enemies":"3 Sentries","floor":7.0,"turns":5.0},{"damage":0.0,"enemies":"Blue Slaver","floor":8.0,"turns":2.0},{"damage":0.0,"enemies":"Exordium Thugs","floor":10.0,"turns":4.0},{"damage":3.0,"enemies":"Red Slaver","floor":12.0,"turns":2.0},{"damage":16.0,"enemies":"Gremlin Nob","floor":14.0,"turns":3.0},{"damage":34.0,"enemies":"The Guardian","floor":16.0,"turns":12.0},{"damage":9,"enemies":"2 Thieves","floor":18,"turns":4},{"damage":10,"enemies":"Chosen","floor":19,"turns":5},{"damage":17,"enemies":"Snake Plant","floor":20,"turns":7},{"damage":23,"enemies":"Centurion and Healer","floor":22,"turns":7},{"damage":32,"enemies":"Slavers","floor":23,"turns":5},{"damage":24,"enemies":"Gremlin Leader","floor":25,"turns":7},{"damage":26,"enemies":"Slavers","floor":28,"turns":7},{"damage":1,"enemies":"Snecko","floor":30,"turns":5},{"damage":81,"enemies":"Automaton","floor":33,"turns":10}],"seed_played":"-134059496608860571","potions_obtained":[{"floor":2.0,"key":"SkillPotion"},{"floor":5.0,"key":"SmokeBomb"},{"floor":8.0,"key":"Swift Potion"},{"floor":10.0,"key":"AttackPotion"},{"floor":21,"key":"Swift Potion"},{"floor":21,"key":"Energy Potion"},{"floor":22,"key":"AttackPotion"},{"floor":23,"key":"GamblersBrew"}],"is_trial":false,"path_per_floor":["M","M","M","M","M","R","E","M","T","M","$","M","R","E","R","B",null,"M","M","M","?","M","E","R","E","T","R","E","R","M","$","R"],"character_chosen":"DEFECT","items_purchased":["Madness","Hologram","PowerPotion","Scrape"],"campfire_rested":3,"item_purchase_floors":[11,31,31,31],"current_hp_per_floor":[75,74,73,67,67,67,64,64,64,64,64,61,61,45,67,33,75,75,75,72,72,56,38,60,50,50,50,38,60,66,66,66,0],"gold":200,"neow_bonus":"THREE_CARDS","is_prod":false,"is_daily":false,"chose_seed":false,"campfire_upgraded":4,"win_rate":0,"timestamp":1532500876,"path_taken":["M","M","M","M","M","R","E","M","T","M","$","M","R","E","R","BOSS","M","M","M","?","M","E","R","E","T","R","E","R","M","$","R","BOSS"],"build_version":"2018-07-19v2","purchased_purges":1,"victory":false,"max_hp_per_floor":[75,75,75,75,75,75,75,75,75,75,75,75,75,75,75,75,75,75,75,75,75,75,75,75,75,75,75,75,75,75,75,75,75],"card_choices":[{"not_picked":["Rip and Tear","Streamline"],"picked":"BootSequence","floor":0.0},{"not_picked":["Redo","Compile Driver"],"picked":"Leap","floor":1.0},{"not_picked":["Streamline","Steam","Heatsinks"],"picked":"SKIP","floor":2.0},{"not_picked":["Go for the Eyes","Coolheaded"],"picked":"Sweeping Beam","floor":3.0},{"not_picked":["Ball Lightning","Coolheaded"],"picked":"Turbo","floor":4.0},{"not_picked":["Steam","Cold Snap"],"picked":"Reboot","floor":5.0},{"not_picked":["Turbo","Lockon","Leap"],"picked":"SKIP","floor":7.0},{"not_picked":["Rip and Tear","Turbo"],"picked":"FTL","floor":8.0},{"not_picked":["Steam","Reinforced Body","Rip and Tear"],"picked":"SKIP","floor":10.0},{"not_picked":["Streamline","Recycle"],"picked":"Hologram","floor":12.0},{"not_picked":["Chaos","Consume"],"picked":"Self Repair","floor":14.0},{"not_picked":["Electrodynamics","All For One"],"picked":"Echo Form","floor":16.0},{"not_picked":["Gash+1","Defragment","Storm"],"picked":"SKIP","floor":18},{"not_picked":["Compile Driver","Beam Cell"],"picked":"White Noise","floor":19},{"not_picked":["Redo+1","Scrape"],"picked":"Rebound","floor":20},{"not_picked":["Leap","Beam Cell"],"picked":"Doom and Gloom","floor":22},{"not_picked":["Self Repair+1","Amplify"],"picked":"Recycle","floor":23},{"not_picked":["Sweeping Beam","Consume"],"picked":"Double Energy+1","floor":25},{"not_picked":["Consume","Rebound+1","Static Discharge"],"picked":"SKIP","floor":28},{"not_picked":["Go for the Eyes+1","Cold Snap+1"],"picked":"Genetic Algorithm","floor":30}],"player_experience":275015,"relics_obtained":[{"floor":7.0,"key":"Mercury Hourglass"},{"floor":9.0,"key":"Nunchaku"},{"floor":14.0,"key":"Centennial Puzzle"},{"floor":23,"key":"Dead Branch"},{"floor":25,"key":"Dodecahedron"},{"floor":26,"key":"Bottled Flame"},{"floor":28,"key":"Sundial"}],"event_choices":[{"event_name":"The Lab","player_choice":"Got Potions","floor":21,"damage_taken":0}],"is_beta":false,"boss_relics":[{"not_picked":["Runic Pyramid","Busted Crown"],"picked":"FrozenCore"}],"items_purged_floors":[31],"is_endless":false,"potions_floor_spawned":[2,5,8,10,22,23],"killed_by":"Automaton","ascension_level":0}