{"gold_per_floor":[219,219,238,313,213,246,246,246,246,277,277,287,303,316,316,391,391,401,401,358,358,66,79,79,110,163,26,36,36,47,67,67,67],"floor_reached":33,"playtime":1775,"items_purged":["Strike_R","Strike_R"],"score":575,"play_id":"8e4903c9-a760-4625-9f2d-aa16c4f9cfc6","local_time":"20190218025103","is_ascension_mode":true,"campfire_choices":[{"data":"Uppercut","floor":7,"key":"SMITH"},{"data":"Disarm","floor":11,"key":"SMITH"},{"floor":15,"key":"DIG"},{"data":"Disarm","floor":24,"key":"SMITH"},{"floor":32,"key":"REST"}],"neow_cost":"NONE","seed_source_timestamp":56425104697893,"circlet_count":0,"master_deck":["AscendersBane","Strike_R","Strike_R","Defend_R","Defend_R","Defend_R","Defend_R","Bash+1","Iron Wave","Anger","Uppercut+1","Disarm+1","Feed","Double Tap","Disarm+1","Havoc","True Grit","Inflame","RitualDagger","Corruption","Dropkick","Feed","Disarm","Inflame","Iron Wave","Metallicize"],"relics":["Burning Blood","Blood Vial","Bottled Flame","Shovel","Kunai","Orrery","Tiny Chest","Paper Frog","PreservedInsect"],"potions_floor_usage":[6,16,16,23,25,28,33],"damage_taken":[{"damage":4,"enemies":"Small Slimes","floor":1,"turns":4},{"damage":1,"enemies":"2 Louse","floor":3,"turns":3},{"damage":25,"enemies":"Lagavulin","floor":6,"turns":6},{"damage":24,"enemies":"Gremlin Nob","floor":10,"turns":4},{"damage":6,"enemies":"Jaw Worm","floor":12,"turns":2},{"damage":9,"enemies":"Blue Slaver","floor":13,"turns":5},{"damage":28,"enemies":"Large Slime","floor":14,"turns":10},{"damage":22,"enemies":"Slime Boss","floor":16,"turns":7},{"damage":27,"enemies":"Shell Parasite","floor":18,"turns":8},{"damage":13,"enemies":"3 Byrds","floor":23,"turns":6},{"damage":40,"enemies":"Gremlin Leader","floor":25,"turns":7},{"damage":12,"enemies":"Centurion and Healer","floor":28,"turns":10},{"damage":13,"enemies":"Snecko","floor":30,"turns":6},{"damage":29,"enemies":"Shelled Parasite and Fungi","floor":31,"turns":8},{"damage":75,"enemies":"Champ","floor":33,"turns":11}],"seed_played":"6157284783589680772","potions_obtained":[{"floor":12,"key":"PowerPotion"},{"floor":13,"key":"AttackPotion"},{"floor":16,"key":"Poison Potion"},{"floor":18,"key":"Explosive Potion"},{"floor":25,"key":"SkillPotion"},{"floor":30,"key":"GamblersBrew"}],"is_trial":false,"path_per_floor":["M","?","M","?","$","E","R","?","T","E","R","M","M","M","R","B",null,"M","?","$","?","$","M","R","E","T","$","M","?","M","M","R","B"],"character_chosen":"IRONCLAD","items_purchased":["Uppercut","Explosive Potion","Corruption","Tiny Chest","Dropkick","Inflame"],"campfire_rested":1,"item_purchase_floors":[5,5,20,22,22,27],"current_hp_per_floor":[70,70,75,64,64,45,45,50,50,34,34,39,41,24,24,10,69,53,47,47,65,65,63,63,31,31,31,30,30,28,10,41,0],"gold":67,"neow_bonus":"HUNDRED_GOLD","is_prod":false,"is_daily":false,"chose_seed":false,"campfire_upgraded":3,"win_rate":0,"timestamp":1550411463,"path_taken":["M","?","M","?","$","E","R","?","T","E","R","M","M","M","R","BOSS","M","?","?","?","$","M","R","E","T","$","M","?","M","?","R","BOSS"],"build_version":"2019-01-23","purchased_purges":2,"victory":false,"max_hp_per_floor":[75,75,75,75,75,75,75,80,80,80,80,83,86,89,89,89,89,92,92,92,92,92,95,95,95,95,95,98,98,101,104,104,104],"card_choices":[{"not_picked":["Havoc","Flex"],"picked":"Iron Wave","floor":1},{"not_picked":["Body Slam","Twin Strike"],"picked":"Anger","floor":3},{"not_picked":["Pommel Strike","Intimidate"],"picked":"Disarm","floor":6},{"not_picked":["Iron Wave","Seeing Red"],"picked":"Feed","floor":10},{"not_picked":["Rage","Seeing Red","Bloodletting"],"picked":"SKIP","floor":12},{"not_picked":["Body Slam","Havoc","Twin Strike"],"picked":"SKIP","floor":13},{"not_picked":["Power Through","Blood for Blood","Clothesline"],"picked":"SKIP","floor":14},{"not_picked":["Berserk","Exhume"],"picked":"Double Tap","floor":16},{"not_picked":["Cleave","Heavy Blade"],"picked":"Disarm","floor":17},{"not_picked":["Uppercut","Heavy Blade"],"picked":"Havoc","floor":17},{"not_picked":["Body Slam","Cleave"],"picked":"True Grit","floor":17},{"not_picked":["Warcry","Wild Strike"],"picked":"Inflame","floor":17},{"not_picked":["Warcry","Thunderclap","Clash"],"picked":"SKIP","floor":18},{"not_picked":["Havoc","Pummel"],"picked":"Feed","floor":23},{"not_picked":["Flex","Thunderclap"],"picked":"Disarm","floor":25},{"not_picked":["Perfected Strike","Rampage","Anger"],"picked":"SKIP","floor":28},{"not_picked":["Thunderclap","Combust"],"picked":"Iron Wave","floor":30},{"not_picked":["Flex","Heavy Blade"],"picked":"Metallicize","floor":31}],"player_experience":326009,"relics_obtained":[{"floor":6,"key":"Blood Vial"},{"floor":9,"key":"Bottled Flame"},{"floor":10,"key":"Shovel"},{"floor":15,"key":"Kunai"},{"floor":25,"key":"Paper Frog"},{"floor":26,"key":"PreservedInsect"}],"event_choices":[{"damage_healed":0,"gold_gain":0,"player_choice":"Grow","damage_taken":0,"max_hp_gain":0,"max_hp_loss":0,"event_name":"Living Wall","floor":2,"gold_loss":0,"cards_upgraded":["Bash"]},{"damage_healed":0,"gold_gain":75,"player_choice":"Gather Gold","damage_taken":11,"max_hp_gain":0,"max_hp_loss":0,"event_name":"World of Goop","floor":4,"gold_loss":0},{"damage_healed":0,"gold_gain":0,"player_choice":"Donut","damage_taken":0,"max_hp_gain":5,"max_hp_loss":0,"event_name":"Big Fish","floor":8,"gold_loss":0},{"damage_healed":0,"gold_gain":0,"player_choice":"Joined the Cult","damage_taken":6,"max_hp_gain":0,"max_hp_loss":0,"event_name":"Nest","floor":19,"gold_loss":0,"cards_obtained":["RitualDagger"]},{"damage_healed":18,"gold_gain":0,"player_choice":"Heal","damage_taken":0,"max_hp_gain":0,"max_hp_loss":0,"event_name":"The Library","floor":21,"gold_loss":0},{"cards_removed":["Strike_R"],"damage_healed":0,"gold_gain":0,"player_choice":"Purged","damage_taken":0,"max_hp_gain":0,"max_hp_loss":0,"event_name":"Purifier","floor":29,"gold_loss":0}],"is_beta":false,"boss_relics":[{"not_picked":["Black Star","Tiny House"],"picked":"Orrery"}],"items_purged_floors":[22,27],"is_endless":false,"potions_floor_spawned":[12,13,16,18,25,30],"killed_by":"Champ","ascension_level":20}