{"gold_per_floor":[109,59,75,94,94,134,134,168,168,193,232,232,247,263,263,393,393,363],"floor_reached":18,"playtime":942,"items_purged":[],"score":217,"play_id":"be5aecea-2500-4c7d-98c9-6d7a094628bd","local_time":"20190129170845","is_ascension_mode":true,"campfire_choices":[{"data":"Defragment","floor":7,"key":"SMITH"},{"data":"Barrage","floor":12,"key":"SMITH"},{"data":"Echo Form","floor":15,"key":"SMITH"}],"neow_cost":"PERCENT_DAMAGE","seed_source_timestamp":20477088928220,"circlet_count":0,"master_deck":["Strike_B","Defend_B","Defend_B","Defend_B","Defend_B","Zap","Dualcast","Cold Snap","Glacier","Ball Lightning","Defragment+1","Streamline","Barrage+1","Coolheaded","Echo Form+1","Reboot"],"relics":["Cracked Core","Golden Idol","Smiling Mask","Meat on the Bone","Mercury Hourglass","Shuriken","Runic Dome"],"potions_floor_usage":[16,16],"damage_taken":[{"damage":0,"enemies":"2 Louse","floor":1,"turns":3},{"damage":0,"enemies":"Jaw Worm","floor":3,"turns":3},{"damage":0,"enemies":"Cultist","floor":4,"turns":4},{"damage":12,"enemies":"3 Sentries","floor":6,"turns":8},{"damage":2,"enemies":"Lagavulin","floor":8,"turns":7},{"damage":7,"enemies":"Blue Slaver","floor":10,"turns":4},{"damage":0,"enemies":"3 Sentries","floor":11,"turns":4},{"damage":3,"enemies":"Looter","floor":13,"turns":2},{"damage":2,"enemies":"Gremlin Gang","floor":14,"turns":2},{"damage":16,"enemies":"Hexaghost","floor":16,"turns":7},{"damage":15,"enemies":"2 Thieves","floor":18,"turns":2}],"seed_played":"-1082974601504674395","potions_obtained":[{"floor":1,"key":"SpeedPotion"},{"floor":3,"key":"FearPotion"},{"floor":8,"key":"Weak Potion"},{"floor":13,"key":"SteroidPotion"}],"is_trial":false,"path_per_floor":["M","?","M","M","?","E","R","E","T","M","E","R","M","M","R","B",null,"M"],"character_chosen":"DEFECT","items_purchased":[],"campfire_rested":0,"item_purchase_floors":[],"current_hp_per_floor":[54,54,54,54,54,42,42,40,40,45,45,45,42,40,40,36,69,54],"gold":363,"neow_bonus":"REMOVE_TWO","is_prod":false,"is_daily":false,"chose_seed":false,"campfire_upgraded":3,"win_rate":0,"timestamp":1548799725,"path_taken":["M","?","M","M","?","E","R","E","T","M","E","R","M","M","R","BOSS","M"],"build_version":"2019-01-23","purchased_purges":0,"victory":false,"max_hp_per_floor":[75,75,75,75,69,69,69,69,69,69,69,69,69,69,69,69,69,69],"card_choices":[{"not_picked":["Scrape","Loop"],"picked":"Cold Snap","floor":1},{"not_picked":["FTL","Gash"],"picked":"Glacier","floor":3},{"not_picked":["Rebound","Scrape"],"picked":"Ball Lightning","floor":4},{"not_picked":["Rebound","Sweeping Beam"],"picked":"Defragment","floor":6},{"not_picked":["Doom and Gloom","Rebound"],"picked":"Streamline","floor":8},{"not_picked":["Core Surge","Go for the Eyes"],"picked":"Barrage","floor":10},{"not_picked":["Fusion","Conserve Battery","Consume"],"picked":"SKIP","floor":11},{"not_picked":["Static Discharge","Ball Lightning"],"picked":"Coolheaded","floor":13},{"not_picked":["Reprogram","Gash"],"picked":"Echo Form","floor":14},{"not_picked":["Multi-Cast","Creative AI"],"picked":"Reboot","floor":16}],"player_experience":1192457,"relics_obtained":[{"floor":6,"key":"Smiling Mask"},{"floor":8,"key":"Meat on the Bone"},{"floor":9,"key":"Mercury Hourglass"},{"floor":11,"key":"Shuriken"}],"event_choices":[{"cards_removed":["Strike_B"],"damage_healed":0,"gold_gain":0,"player_choice":"Card Removal","damage_taken":0,"max_hp_gain":0,"max_hp_loss":0,"event_name":"The Cleric","floor":2,"gold_loss":50},{"damage_healed":0,"gold_gain":0,"player_choice":"Lose Max HP","damage_taken":0,"relics_obtained":["Golden Idol"],"max_hp_gain":0,"max_hp_loss":6,"event_name":"Golden Idol","floor":5,"gold_loss":0}],"is_beta":false,"boss_relics":[{"not_picked":["Fusion Hammer","Eternal Feather"],"picked":"Runic Dome"}],"items_purged_floors":[],"is_endless":false,"potions_floor_spawned":[1,3,8,13],"killed_by":"2 Thieves","ascension_level":1}