{"gold_per_floor":[110,110,126,126,145,145,163,198,243,243,279,9,84,108,108,234,234,247,48,73,86,104,144,144,168,168,183,120,164,164,189,189,309,309,328,661,462,475,475,166,182,234,234,265,16,46,46,59,59,59],"floor_reached":51,"playtime":3955,"items_purged":["Strike_R","Strike_R","Strike_R","Strike_R","Defend_R"],"score":1326,"play_id":"69ed39ae-9cc2-49d1-8466-224c178b13cf","local_time":"20190125192344","is_ascension_mode":true,"campfire_choices":[{"data":"Whirlwind","floor":6,"key":"SMITH"},{"data":"Armaments","floor":15,"key":"SMITH"},{"data":"Double Tap","floor":24,"key":"SMITH"},{"data":"Bash","floor":32,"key":"SMITH"},{"data":"Limit Break","floor":47,"key":"SMITH"},{"floor":49,"key":"REST"}],"neow_cost":"PERCENT_DAMAGE","seed_source_timestamp":2084045209896,"circlet_count":0,"master_deck":["AscendersBane","Defend_R","Defend_R","Defend_R","Bash+1","Feed+1","Whirlwind+1","Spot Weakness","Offering","Shrug It Off","Armaments+1","Headbutt","Feed","Intimidate","Double Tap+1","Shrug It Off","Metallicize","Clothesline","Spot Weakness","Thunderclap","Exhume","Offering","Limit Break+1","Pommel Strike+1","Armaments","Metallicize","Headbutt","Shrug It Off","Panacea","Dual Wield+1"],"relics":["Burning Blood","Paper Frog","Anchor","Bag of Preparation","Membership Card","Sozu","Omamori","Blue Candle","Oddly Smooth Stone","Sundial","Busted Crown","Chemical X","Kunai","OrangePellets","Unceasing Top","Shuriken","Strawberry","Bag of Marbles","Happy Flower","Juzu Bracelet"],"potions_floor_usage":[8,16,23],"damage_taken":[{"damage":6,"enemies":"Cultist","floor":1,"turns":4},{"damage":7,"enemies":"Small Slimes","floor":3,"turns":4},{"damage":4,"enemies":"Jaw Worm","floor":5,"turns":4},{"damage":4,"enemies":"Exordium Wildlife","floor":7,"turns":5},{"damage":16,"enemies":"Gremlin Nob","floor":8,"turns":3},{"damage":11,"enemies":"3 Sentries","floor":11,"turns":4},{"damage":6,"enemies":"Gremlin Gang","floor":14,"turns":2},{"damage":23,"enemies":"Hexaghost","floor":16,"turns":9},{"damage":6,"enemies":"Spheric Guardian","floor":18,"turns":3},{"damage":6,"enemies":"Shell Parasite","floor":20,"turns":2},{"damage":9,"enemies":"Snake Plant","floor":21,"turns":4},{"damage":22,"enemies":"Sentry and Sphere","floor":22,"turns":9},{"damage":11,"enemies":"Book of Stabbing","floor":23,"turns":5},{"damage":6,"enemies":"Centurion and Healer","floor":25,"turns":9},{"damage":16,"enemies":"Snake Plant","floor":27,"turns":6},{"damage":6,"enemies":"Slavers","floor":29,"turns":1},{"damage":6,"enemies":"3 Cultists","floor":31,"turns":1},{"damage":42,"enemies":"Collector","floor":33,"turns":6},{"damage":12,"enemies":"Orb Walker","floor":35,"turns":2},{"damage":6,"enemies":"3 Darklings","floor":38,"turns":2},{"damage":6,"enemies":"Spire Growth","floor":41,"turns":3},{"damage":6,"enemies":"2 Orb Walkers","floor":42,"turns":2},{"damage":12,"enemies":"Reptomancer","floor":44,"turns":2},{"damage":11,"enemies":"Nemesis","floor":46,"turns":3},{"damage":5,"enemies":"4 Shapes","floor":48,"turns":18},{"damage":25,"enemies":"Donu and Deca","floor":50,"turns":3}],"seed_played":"-8770118006892103914","potions_obtained":[{"floor":3,"key":"SkillPotion"},{"floor":5,"key":"Weak Potion"},{"floor":7,"key":"FearPotion"},{"floor":11,"key":"SpeedPotion"}],"is_trial":false,"path_per_floor":["M","?","M","?","M","R","M","E","T","?","E","$","?","M","R","B",null,"M","$","M","M","M","E","R","M","T","M","$","E","?","M","R","B",null,"M","?","$","M","?","$","M","?","T","E","$","E","R","M","R","B",null],"character_chosen":"IRONCLAD","items_purchased":["Membership Card","Armaments","Headbutt","Double Tap","Omamori","Chemical X","Armaments","Kunai","OrangePellets","Bag of Marbles","Headbutt","Happy Flower","Shrug It Off","Panacea"],"campfire_rested":1,"item_purchase_floors":[12,12,12,19,19,37,37,40,40,45,45,45,45,45],"current_hp_per_floor":[54,54,53,53,59,59,65,55,55,55,54,54,46,50,50,37,81,81,81,85,86,74,73,73,80,80,74,74,74,74,74,74,38,102,96,96,96,96,96,96,96,96,96,97,97,92,92,100,137,118],"gold":59,"neow_bonus":"THREE_RARE_CARDS","is_prod":false,"is_daily":false,"chose_seed":false,"campfire_upgraded":5,"win_rate":0,"timestamp":1548397424,"path_taken":["M","?","M","?","?","R","M","E","T","?","E","$","?","M","R","BOSS","M","$","M","M","M","E","R","M","T","?","$","E","?","?","R","BOSS","M","?","$","M","?","$","M","?","T","E","$","E","R","M","R","BOSS"],"build_version":"2019-01-23","purchased_purges":5,"victory":true,"max_hp_per_floor":[83,83,83,83,87,87,91,91,91,84,88,88,88,92,92,96,96,96,96,100,104,108,112,112,119,119,123,123,123,123,123,123,123,123,123,123,123,123,123,123,123,123,123,130,130,130,130,137,137,137],"card_choices":[{"not_picked":["Double Tap","Fiend Fire"],"picked":"Feed","floor":0},{"not_picked":["Warcry","Sword Boomerang","Combust"],"picked":"SKIP","floor":1},{"not_picked":["True Grit","Battle Trance"],"picked":"Whirlwind","floor":3},{"not_picked":["Infernal Blade","Battle Trance"],"picked":"Spot Weakness","floor":5},{"not_picked":["Heavy Blade","Dropkick"],"picked":"Offering","floor":7},{"not_picked":["Clash","Iron Wave"],"picked":"Shrug It Off","floor":8},{"not_picked":["Searing Blow","Bloodletting","Burning Pact"],"picked":"SKIP","floor":11},{"not_picked":["Clash","Hemokinesis"],"picked":"Sword Boomerang","floor":14},{"not_picked":["Immolate","Barricade"],"picked":"Feed","floor":16},{"not_picked":["Perfected Strike","Warcry"],"picked":"Intimidate","floor":18},{"not_picked":["Clothesline","Searing Blow"],"picked":"Shrug It Off","floor":20},{"not_picked":["Body Slam","Shrug It Off"],"picked":"Metallicize","floor":21},{"not_picked":["Flex","Twin Strike"],"picked":"Clothesline","floor":22},{"not_picked":["Reckless Charge","Thunderclap"],"picked":"Spot Weakness","floor":23},{"not_picked":["Iron Wave","Twin Strike","Warcry"],"picked":"SKIP","floor":25},{"not_picked":["Berserk","Havoc"],"picked":"Thunderclap","floor":27},{"not_picked":["Double Tap","Sword Boomerang"],"picked":"Exhume","floor":29},{"not_picked":["Uppercut","Clash","Infernal Blade"],"picked":"SKIP","floor":31},{"not_picked":["Brutality","Berserk"],"picked":"Limit Break","floor":33},{"not_picked":[],"picked":"Pommel Strike+1","floor":35},{"not_picked":["Cleave"],"picked":"SKIP","floor":38},{"not_picked":["Perfected Strike"],"picked":"SKIP","floor":41},{"not_picked":[],"picked":"Metallicize","floor":42},{"not_picked":["Feel No Pain"],"picked":"SKIP","floor":44},{"not_picked":["Combust"],"picked":"SKIP","floor":46},{"not_picked":[],"picked":"Dual Wield+1","floor":48}],"player_experience":36956,"relics_obtained":[{"floor":8,"key":"Paper Frog"},{"floor":9,"key":"Anchor"},{"floor":11,"key":"Bag of Preparation"},{"floor":23,"key":"Blue Candle"},{"floor":26,"key":"Oddly Smooth Stone"},{"floor":29,"key":"Sundial"},{"floor":42,"key":"Unceasing Top"},{"floor":43,"key":"Shuriken"},{"floor":44,"key":"Strawberry"},{"floor":46,"key":"Juzu Bracelet"}],"event_choices":[{"damage_healed":0,"gold_gain":0,"player_choice":"Grow","damage_taken":0,"max_hp_gain":0,"max_hp_loss":0,"event_name":"Living Wall","floor":2,"gold_loss":0,"cards_upgraded":["Feed"]},{"cards_removed":["Strike_R"],"damage_healed":0,"gold_gain":0,"player_choice":"Purged","damage_taken":0,"max_hp_gain":0,"max_hp_loss":0,"event_name":"Purifier","floor":4,"gold_loss":0},{"damage_healed":0,"gold_gain":0,"player_choice":"Lose Max HP","damage_taken":0,"relics_obtained":["Golden Idol"],"max_hp_gain":0,"max_hp_loss":7,"event_name":"Golden Idol","floor":10,"gold_loss":0},{"damage_healed":0,"gold_gain":75,"player_choice":"Touch","damage_taken":8,"max_hp_gain":0,"max_hp_loss":0,"event_name":"FaceTrader","floor":13,"gold_loss":0},{"damage_healed":0,"gold_gain":0,"player_choice":"Copied","damage_taken":0,"max_hp_gain":0,"max_hp_loss":0,"event_name":"Duplicator","floor":30,"gold_loss":0,"cards_obtained":["Offering"]},{"damage_healed":0,"gold_gain":333,"player_choice":"Gave Idol","damage_taken":0,"max_hp_gain":0,"max_hp_loss":0,"event_name":"The Moai Head","floor":36,"relics_lost":["Golden Idol"],"gold_loss":0},{"cards_removed":["Sword Boomerang"],"damage_healed":0,"gold_gain":0,"player_choice":"Removed Attack","damage_taken":0,"max_hp_gain":0,"max_hp_loss":0,"event_name":"Falling","floor":39,"gold_loss":0},{"damage_healed":0,"gold_gain":0,"player_choice":"Fight","damage_taken":0,"max_hp_gain":0,"max_hp_loss":0,"event_name":"Mysterious Sphere","floor":42,"gold_loss":0}],"is_beta":false,"boss_relics":[{"not_picked":["Calling Bell","Orrery"],"picked":"Sozu"},{"not_picked":["Snecko Eye","Runic Pyramid"],"picked":"Busted Crown"}],"items_purged_floors":[12,19,28,37,40],"is_endless":false,"potions_floor_spawned":[3,5,7,11,20,21,22,25,31,33,38,41],"ascension_level":12}