{"gold_per_floor":[144,189,234,234,279,369,414,414,464,509,599,644,644,734,734,1034,1034,1079,1124,908,953,998,1088,1133,1223,1248,1293,1263,425,25,70,70,370,370,415,132,177,177,222,222,312,357,357,447,492,492,537,582,582,582],"floor_reached":51,"playtime":2395,"items_purged":["Decay","Strike_G","Strike_G","Defend_G"],"score":1052,"play_id":"496efbe6-0d53-483e-a8a9-148ba19a8d3f","local_time":"20180722210125","daily_mods":["Allstar","Midas","Lethality"],"is_ascension_mode":false,"campfire_choices":[{"floor":8,"key":"REST"},{"floor":15,"key":"REST"},{"floor":32,"key":"REST"},{"floor":40,"key":"REST"},{"floor":49,"key":"REST"}],"neow_cost":"","seed_source_timestamp":0,"circlet_count":0,"master_deck":["Defend_G","Defend_G","Defend_G","Defend_G","Strike_G","Strike_G","Strike_G","Survivor+1","Neutralize","Secret Technique","Secret Weapon+1","Apotheosis+1","Finesse","Secret Weapon","Dagger Throw","Bouncing Flask","Eviscerate","Prepared","Footwork","Dagger Throw","Underhanded Strike","Dagger Spray","Catalyst","Cloak And Dagger","Envenom","Prepared","Dagger Throw","Backflip","Caltrops","Underhanded Strike","Envenom","Backstab","Dagger Spray+1","Malaise","Backflip","Footwork","Dash","Malaise","Dagger Throw+1","Malaise","Acrobatics+1","Acrobatics","Cloak And Dagger+1","Tools of the Trade","Eviscerate+1","Prepared","Madness","Madness","Dagger Throw+1","Eviscerate+1","Catalyst+1"],"special_seed":17734,"relics":["Ring of the Snake","Pen Nib","Blood Vial","Bronze Scales","Omamori","Ninja Scroll","Calling Bell","Dream Catcher","Letter Opener","Tough Bandages","Regal Pillow","Bag of Preparation","Bag of Marbles","TwistedFunnel","Potion Belt","War Paint","DollysMirror","Black Star","Pear","Mummified Hand","Boot","Oddly Smooth Stone","Orichalcum"],"potions_floor_usage":[6,6,6,11,11,14,23,25,25,33,33,33,33,33,48,48,50,50,50],"damage_taken":[{"damage":0,"enemies":"Jaw Worm","floor":1,"turns":2},{"damage":7,"enemies":"2 Louse","floor":2,"turns":2},{"damage":0,"enemies":"Cultist","floor":3,"turns":2},{"damage":0,"enemies":"2 Fungi Beasts","floor":5,"turns":2},{"damage":0,"enemies":"Lagavulin","floor":6,"turns":4},{"damage":4,"enemies":"Lots of Slimes","floor":7,"turns":4},{"damage":16,"enemies":"Exordium Wildlife","floor":10,"turns":4},{"damage":20,"enemies":"3 Sentries","floor":11,"turns":6},{"damage":0,"enemies":"Looter","floor":12,"turns":2},{"damage":0,"enemies":"Gremlin Nob","floor":14,"turns":3},{"damage":14,"enemies":"The Guardian","floor":16,"turns":7},{"damage":22,"enemies":"Shell Parasite","floor":18,"turns":4},{"damage":0,"enemies":"3 Byrds","floor":19,"turns":1},{"damage":0,"enemies":"3 Cultists","floor":21,"turns":2},{"damage":0,"enemies":"Centurion and Healer","floor":22,"turns":3},{"damage":0,"enemies":"Gremlin Leader","floor":23,"turns":3},{"damage":0,"enemies":"Snecko","floor":24,"turns":2},{"damage":31,"enemies":"Book of Stabbing","floor":25,"turns":3},{"damage":0,"enemies":"Slaver and Parasite","floor":27,"turns":2},{"damage":11,"enemies":"Centurion and Healer","floor":31,"turns":2},{"damage":0,"enemies":"Automaton","floor":33,"turns":6},{"damage":0,"enemies":"3 Darklings","floor":35,"turns":4},{"damage":4,"enemies":"3 Shapes","floor":37,"turns":3},{"damage":44,"enemies":"Spire Growth","floor":39,"turns":4},{"damage":5,"enemies":"2 Orb Walkers","floor":41,"turns":3},{"damage":0,"enemies":"Maw","floor":42,"turns":3},{"damage":6,"enemies":"Nemesis","floor":44,"turns":5},{"damage":14,"enemies":"4 Shapes","floor":45,"turns":1},{"damage":0,"enemies":"3 Darklings","floor":47,"turns":1},{"damage":12,"enemies":"Transient","floor":48,"turns":5},{"damage":56,"enemies":"Donu and Deca","floor":50,"turns":8}],"seed_played":"-8213505433300872967","potions_obtained":[{"floor":2,"key":"Weak Potion"},{"floor":3,"key":"SkillPotion"},{"floor":7,"key":"Weak Potion"},{"floor":10,"key":"LiquidBronze"},{"floor":11,"key":"Dexterity Potion"},{"floor":14,"key":"Fire Potion"},{"floor":16,"key":"LiquidBronze"},{"floor":19,"key":"Fire Potion"},{"floor":23,"key":"Fruit Juice"},{"floor":24,"key":"Strength Potion"},{"floor":28,"key":"Regen Potion"},{"floor":28,"key":"Swift Potion"},{"floor":33,"key":"Fire Potion"},{"floor":35,"key":"GhostInAJar"},{"floor":39,"key":"Fire Potion"},{"floor":44,"key":"FearPotion"}],"is_trial":false,"path_per_floor":["M","M","M","?","M","E","M","R","T","M","E","M","T","E","R","B",null,"M","M","$","M","M","E","M","E","T","M","?","$","$","M","R","B",null,"M","$","M","?","M","R","E","M","T","E","M","?","M","M","R","B"],"character_chosen":"THE_SILENT","items_purchased":["Backflip","Caltrops","Underhanded Strike","Footwork","TwistedFunnel","Potion Belt","War Paint","Dash","AttackPotion","Ancient Potion","GhostInAJar","DollysMirror","Noxious Fumes","AttackPotion","Explosive Potion"],"campfire_rested":5,"item_purchase_floors":[20,20,20,29,29,29,29,29,29,29,30,30,36,36,36],"current_hp_per_floor":[70,63,63,63,63,63,59,70,70,54,36,38,38,40,61,49,70,48,50,50,52,54,56,58,34,34,36,36,36,36,27,64,66,75,75,75,71,71,29,66,73,75,75,71,59,48,50,40,80,26],"gold":582,"neow_bonus":"","is_prod":false,"is_daily":true,"chose_seed":false,"campfire_upgraded":0,"win_rate":0,"timestamp":1532250085,"path_taken":["M","M","M","?","M","E","M","R","T","M","E","M","?","E","R","BOSS","M","?","$","M","M","E","M","E","T","M","?","?","$","M","R","BOSS","M","$","M","?","M","R","E","M","T","E","M","?","M","M","R","BOSS"],"build_version":"2018-07-19v2","purchased_purges":4,"victory":true,"max_hp_per_floor":[70,70,70,70,70,70,70,70,70,70,70,70,70,70,70,70,70,70,70,70,70,70,70,70,75,75,75,75,75,75,75,75,75,75,75,75,75,75,75,75,85,85,85,85,85,85,85,85,85,85],"card_choices":[{"not_picked":["Dodge and Roll","Catalyst"],"picked":"Dagger Throw","floor":1},{"not_picked":["Outmaneuver","Underhanded Strike"],"picked":"Bouncing Flask","floor":2},{"not_picked":["Reflex","Dodge and Roll"],"picked":"Eviscerate","floor":3},{"not_picked":["Poisoned Stab","Grand Finale"],"picked":"Prepared","floor":5},{"not_picked":["Blur","Phantasmal Killer"],"picked":"Footwork","floor":6},{"not_picked":["Poisoned Stab","Endless Agony"],"picked":"Dagger Throw","floor":7},{"not_picked":["Endless Agony","Outmaneuver"],"picked":"Underhanded Strike","floor":10},{"not_picked":["Deflect","Well Laid Plans"],"picked":"Dagger Spray","floor":11},{"not_picked":["Choke","Accuracy"],"picked":"Catalyst","floor":12},{"not_picked":["Sucker Punch","Deadly Poison"],"picked":"Cloak And Dagger","floor":14},{"not_picked":["Tools of the Trade","A Thousand Cuts"],"picked":"Envenom","floor":16},{"not_picked":["Masterful Stab+1","Accuracy"],"picked":"Prepared","floor":18},{"not_picked":["Caltrops","Bouncing Flask"],"picked":"Dagger Throw","floor":19},{"not_picked":["Infinite Blades","PiercingWail","Quick Slash"],"picked":"SKIP","floor":21},{"not_picked":["Deadly Poison","Setup"],"picked":"Envenom","floor":22},{"not_picked":["Poisoned Stab+1","Acrobatics"],"picked":"Backstab","floor":23},{"not_picked":["Underhanded Strike","Infinite Blades"],"picked":"Dagger Spray+1","floor":24},{"not_picked":["Terror","Outmaneuver"],"picked":"Malaise","floor":25},{"not_picked":["Deflect","Bane"],"picked":"Backflip","floor":27},{"not_picked":["Slice","Flying Knee+1"],"picked":"Dagger Throw+1","floor":31},{"not_picked":["Bullet Time","A Thousand Cuts"],"picked":"Malaise","floor":33},{"not_picked":["Sucker Punch+1","Dodge and Roll"],"picked":"Acrobatics+1","floor":35},{"not_picked":["Concentrate","Poisoned Stab","Slice"],"picked":"SKIP","floor":37},{"not_picked":["Poisoned Stab","Bane"],"picked":"Acrobatics","floor":39},{"not_picked":["Dash+1","PiercingWail"],"picked":"Cloak And Dagger+1","floor":40},{"not_picked":["Deadly Poison+1","Accuracy","Choke+1"],"picked":"SKIP","floor":41},{"not_picked":["Slice","Catalyst"],"picked":"Tools of the Trade","floor":42},{"not_picked":["Sucker Punch","Bane+1"],"picked":"Eviscerate+1","floor":44},{"not_picked":["PiercingWail","Slice+1"],"picked":"Prepared","floor":45},{"not_picked":["All Out Attack","PiercingWail+1"],"picked":"Dagger Throw+1","floor":47},{"not_picked":["Outmaneuver","Flying Knee+1"],"picked":"Eviscerate+1","floor":48},{"not_picked":["Poisoned Stab","Backstab"],"picked":"Catalyst+1","floor":49}],"player_experience":300708,"relics_obtained":[{"floor":6,"key":"Pen Nib"},{"floor":9,"key":"Blood Vial"},{"floor":11,"key":"Bronze Scales"},{"floor":13,"key":"Omamori"},{"floor":14,"key":"Ninja Scroll"},{"floor":17,"key":"Dream Catcher"},{"floor":17,"key":"Letter Opener"},{"floor":17,"key":"Tough Bandages"},{"floor":23,"key":"Regal Pillow"},{"floor":25,"key":"Bag of Preparation"},{"floor":26,"key":"Bag of Marbles"},{"floor":41,"key":"Pear"},{"floor":41,"key":"Mummified Hand"},{"floor":43,"key":"Boot"},{"floor":44,"key":"Oddly Smooth Stone"},{"floor":44,"key":"Orichalcum"}],"event_choices":[{"event_name":"Living Wall","player_choice":"Grow","floor":4,"damage_taken":0},{"event_name":"The Woman in Blue","player_choice":"Bought 2 Potions","floor":28,"damage_taken":0},{"event_name":"Falling","player_choice":"Removed Power","floor":38,"damage_taken":0},{"event_name":"Winding Halls","player_choice":"Embrace Madness","floor":46,"damage_taken":0}],"is_beta":false,"boss_relics":[{"not_picked":["Philosopher\u0027s Stone","Empty Cage"],"picked":"Calling Bell"},{"not_picked":["Orrery","Eternal Feather"],"picked":"Black Star"}],"items_purged_floors":[20,29,30,36],"is_endless":false,"potions_floor_spawned":[2,3,7,10,11,14,16,19,23,24,31,33,35,39,44],"ascension_level":0}