{"gold_per_floor":[113,127,58,78,90,121,140,140,167,29,92,111,111,129,129,129],"floor_reached":16,"playtime":3440,"items_purged":[],"score":104,"play_id":"f424c42c-e8e8-4298-85bd-cbf2f4b1f36b","local_time":"20180725010322","is_ascension_mode":false,"campfire_choices":[{"floor":8,"key":"REST"},{"floor":13,"key":"REST"},{"floor":15,"key":"REST"}],"neow_cost":"","seed_source_timestamp":41897875366027,"circlet_count":0,"master_deck":["Strike_B","Strike_B","Strike_B","Strike_B","Defend_B","Defend_B","Defend_B","Defend_B","Zap","Dualcast","Sweeping Beam","Fusion","Sunder","Go for the Eyes","Rebound","Compile Driver","Conserve Battery","Steam","Dramatic Entrance","Coolheaded","Undo","Sweeping Beam","Streamline","Rip and Tear"],"relics":["Cracked Core","Dream Catcher","Orichalcum","Boot"],"potions_floor_usage":[5,7,12,12,16],"damage_taken":[{"damage":1,"enemies":"Cultist","floor":1,"turns":4},{"damage":3,"enemies":"Small Slimes","floor":2,"turns":3},{"damage":1,"enemies":"Jaw Worm","floor":4,"turns":3},{"damage":21,"enemies":"Exordium Wildlife","floor":5,"turns":4},{"damage":49,"enemies":"Lagavulin","floor":6,"turns":6},{"damage":11,"enemies":"Blue Slaver","floor":7,"turns":4},{"damage":21,"enemies":"Gremlin Nob","floor":11,"turns":5},{"damage":5,"enemies":"Large Slime","floor":12,"turns":4},{"damage":0,"enemies":"Lots of Slimes","floor":14,"turns":1},{"damage":53,"enemies":"Slime Boss","floor":16,"turns":10}],"seed_played":"1397554452605482657","potions_obtained":[{"floor":4,"key":"Regen Potion"},{"floor":6,"key":"Regen Potion"},{"floor":7,"key":"SneckoOil"},{"floor":11,"key":"EssenceOfSteel"},{"floor":11,"key":"LiquidBronze"}],"is_trial":false,"path_per_floor":["M","M","$","M","M","E","M","R","T","$","?","M","R","M","R"],"character_chosen":"DEFECT","items_purchased":["Sunder","Dramatic Entrance","Coolheaded"],"campfire_rested":3,"item_purchase_floors":[3,10,10],"current_hp_per_floor":[74,71,71,70,61,12,10,32,32,32,11,6,28,28,50,0],"gold":129,"neow_bonus":"","is_prod":false,"is_daily":false,"chose_seed":false,"campfire_upgraded":0,"win_rate":0,"timestamp":1532495002,"path_taken":["M","M","$","M","M","E","M","R","T","?","?","M","R","M","R","BOSS"],"build_version":"2018-07-19v2","purchased_purges":0,"victory":false,"max_hp_per_floor":[75,75,75,75,75,75,75,75,75,75,75,75,75,75,75,75],"card_choices":[{"not_picked":["Defragment","Stack"],"picked":"Sweeping Beam","floor":1},{"not_picked":["Go for the Eyes","Thunder Strike"],"picked":"Fusion","floor":2},{"not_picked":["Gash","Coolheaded"],"picked":"Go for the Eyes","floor":4},{"not_picked":["Redo","Coolheaded"],"picked":"Rebound","floor":5},{"not_picked":["Static Discharge","Reinforced Body"],"picked":"Compile Driver","floor":6},{"not_picked":["Hologram","Gash"],"picked":"Conserve Battery","floor":7},{"not_picked":["Redo","Cold Snap"],"picked":"Steam","floor":8},{"not_picked":["Recycle","Meteor Strike"],"picked":"Undo","floor":11},{"not_picked":["Stack","Compile Driver"],"picked":"Sweeping Beam","floor":12},{"not_picked":["Gash","Sweeping Beam"],"picked":"Streamline","floor":13},{"not_picked":["Streamline","Redo","Barrage"],"picked":"SKIP","floor":14},{"not_picked":["Gash","Conserve Battery"],"picked":"Rip and Tear","floor":15}],"player_experience":271575,"relics_obtained":[{"floor":6,"key":"Dream Catcher"},{"floor":9,"key":"Orichalcum"},{"floor":11,"key":"Boot"}],"event_choices":[{"event_name":"Dead Adventurer","player_choice":"Searched \u00271\u0027 times","floor":11,"damage_taken":0}],"is_beta":false,"boss_relics":[],"items_purged_floors":[],"is_endless":false,"potions_floor_spawned":[4,6,7,11,11],"killed_by":"Slime Boss","ascension_level":0}