{"gold_per_floor":[115,115,165,179,30,63,63,123,146,1,17,83,83,94,94,190,190,200,8,58,125,138,138,154,154,154,204,221,5,15,35,35,139,139,155,205,255,265,277,277,293,358,358,369,25,25,75,87,87,87],"floor_reached":50,"playtime":8363,"items_purged":["Strike_G"],"score":500,"play_id":"c424a6e3-c05c-4dc5-a788-71e9f1f940f2","local_time":"20180719210943","is_ascension_mode":false,"campfire_choices":[{"data":"Choke","floor":7.0,"key":"SMITH"},{"data":"Reflex","floor":13.0,"key":"SMITH"},{"data":"Well Laid Plans","floor":15.0,"key":"SMITH"},{"data":"Expertise","floor":23.0,"key":"SMITH"},{"data":"Calculated Gamble","floor":25.0,"key":"SMITH"},{"floor":32.0,"key":"REST"},{"data":"Night Terror","floor":40,"key":"SMITH"},{"floor":46,"key":"REST"},{"floor":49,"key":"REST"}],"neow_cost":"NONE","seed_source_timestamp":0,"circlet_count":0,"master_deck":["Defend_G+1","Defend_G","Defend_G","Defend_G","Strike_G","Survivor","Neutralize","Cloak And Dagger","Reflex+1","Choke+1","Calculated Gamble+1","Quick Slash","Deflect","Well Laid Plans+1","Deflect","Expertise+1","Doppelganger+1","Leg Sweep+1","Underhanded Strike+1","Infinite Blades+1","Dagger Throw","Noxious Fumes","Reflex","Terror+1","Heel Hook","Acrobatics+1","Distraction","Caltrops","Bandage Up","Jack Of All Trades","Flechettes+1","Night Terror+1","Prepared","Riddle With Holes","Cloak And Dagger+1","Deadly Poison+1","Tactician+1","Underhanded Strike","Flash of Steel","Transmutation+1","Terror+1"],"special_seed":0,"relics":["Ring of the Snake","Bag of Preparation","SsserpentHead","Lantern","Oddly Smooth Stone","Strawberry","Bag of Marbles","Astrolabe","War Paint","Singing Bowl","Orrery","Orichalcum","Toxic Egg 2"],"potions_floor_usage":[41,41,44,48,50],"damage_taken":[{"damage":2.0,"enemies":"Small Slimes","floor":1.0,"turns":3.0},{"damage":0.0,"enemies":"Cultist","floor":4.0,"turns":3.0},{"damage":4.0,"enemies":"3 Sentries","floor":6.0,"turns":10.0},{"damage":0.0,"enemies":"Jaw Worm","floor":8.0,"turns":1.0},{"damage":0.0,"enemies":"2 Fungi Beasts","floor":11.0,"turns":2.0},{"damage":0.0,"enemies":"Red Slaver","floor":12.0,"turns":1.0},{"damage":1.0,"enemies":"Lots of Slimes","floor":14.0,"turns":6.0},{"damage":24.0,"enemies":"The Guardian","floor":16.0,"turns":10.0},{"damage":0.0,"enemies":"Spheric Guardian","floor":18.0,"turns":3.0},{"damage":5.0,"enemies":"3 Byrds","floor":21.0,"turns":6.0},{"damage":10.0,"enemies":"Snake Plant","floor":22.0,"turns":3.0},{"damage":1.0,"enemies":"Slaver and Parasite","floor":24.0,"turns":5.0},{"damage":21.0,"enemies":"3 Cultists","floor":28.0,"turns":7.0},{"damage":1.0,"enemies":"Snake Plant","floor":30.0,"turns":2.0},{"damage":6.0,"enemies":"Snake Plant","floor":31.0,"turns":5.0},{"damage":54.0,"enemies":"Champ","floor":33.0,"turns":14.0},{"damage":63,"enemies":"Flame Bruiser 1 Orb","floor":35,"turns":7},{"damage":0,"enemies":"3 Shapes","floor":38,"turns":8},{"damage":5,"enemies":"Sphere and 2 Shapes","floor":39,"turns":6},{"damage":10,"enemies":"Transient","floor":41,"turns":5},{"damage":24,"enemies":"Maw","floor":42,"turns":7},{"damage":24,"enemies":"3 Darklings","floor":44,"turns":7},{"damage":11,"enemies":"Flame Bruiser 2 Orb","floor":48,"turns":5},{"damage":81,"enemies":"Donu and Deca","floor":50,"turns":7}],"seed_played":"-3654672238796025209","potions_obtained":[{"floor":1.0,"key":"Fire Potion"},{"floor":6.0,"key":"Poison Potion"},{"floor":11.0,"key":"Fire Potion"},{"floor":16.0,"key":"SpeedPotion"},{"floor":21.0,"key":"GamblersBrew"},{"floor":35,"key":"SpeedPotion"},{"floor":38,"key":"Energy Potion"},{"floor":42,"key":"EssenceOfSteel"},{"floor":44,"key":"EssenceOfSteel"}],"is_trial":false,"path_per_floor":["M","?","?","M","$","E","R","M","T","$","M","M","R","M","R","B",null,"M","$","?","M","M","R","M","R","T","?","M","$","$","M","R","B",null,"M","T","?","M","M","R","M","M","T","M","$","R","?","M","R"],"character_chosen":"THE_SILENT","items_purchased":["Oddly Smooth Stone","Quick Slash","Deflect","War Paint","Noxious Fumes","Distraction","Caltrops","Bandage Up","Jack Of All Trades","Strength Potion","Flash of Steel","Transmutation+1"],"campfire_rested":3,"item_purchase_floors":[5,10,10,19,19,29,29,29,30,45,45,45],"current_hp_per_floor":[68,68,61,61,61,64,64,64,64,64,64,64,64,63,63,39,77,77,77,77,72,62,62,61,61,61,61,40,40,43,41,64,14,79,22,22,71,73,72,72,68,48,48,30,30,53,53,46,69,0],"gold":87,"neow_bonus":"RANDOM_COMMON_RELIC","is_prod":false,"is_daily":false,"chose_seed":false,"campfire_upgraded":6,"win_rate":0.0,"timestamp":1532048983,"path_taken":["M","?","?","M","$","E","R","?","T","$","M","?","R","M","R","BOSS","M","$","?","?","M","R","M","R","T","?","M","$","?","M","R","BOSS","M","?","?","M","M","R","M","?","T","M","$","R","?","M","R","BOSS"],"build_version":"2018-07-19","purchased_purges":1,"victory":false,"max_hp_per_floor":[70,70,70,70,70,77,77,77,77,77,77,77,77,77,77,77,77,77,77,77,77,77,77,77,77,77,77,77,77,77,77,77,77,79,81,81,71,73,73,73,75,75,75,77,77,77,77,77,77,77],"card_choices":[{"not_picked":["Backflip","Blur"],"picked":"Cloak And Dagger","floor":1.0},{"not_picked":["Bouncing Flask","Choke"],"picked":"Reflex","floor":4.0},{"not_picked":["Flying Knee","Acrobatics"],"picked":"Choke","floor":6.0},{"not_picked":["Bane","Dodge and Roll"],"picked":"Calculated Gamble","floor":8.0},{"not_picked":["Dash","Acrobatics"],"picked":"Well Laid Plans","floor":11.0},{"not_picked":["Bane","Envenom"],"picked":"Deflect","floor":12.0},{"not_picked":["Deadly Poison","Acrobatics"],"picked":"Expertise","floor":14.0},{"not_picked":["Envenom","Corpse Explosion"],"picked":"Doppelganger","floor":16.0},{"not_picked":["Crippling Poison","PiercingWail"],"picked":"Dagger Throw","floor":18.0},{"not_picked":["Underhanded Strike","Skewer"],"picked":"Reflex","floor":21.0},{"not_picked":["Predator","Reflex"],"picked":"Terror+1","floor":22.0},{"not_picked":["Deflect","Catalyst+1"],"picked":"Heel Hook","floor":24.0},{"not_picked":["Heel Hook","Poisoned Stab+1"],"picked":"Acrobatics+1","floor":28.0},{"not_picked":["Underhanded Strike+1","Calculated Gamble"],"picked":"Flechettes+1","floor":31.0},{"not_picked":["Venomology","After Image"],"picked":"Night Terror","floor":33.0},{"not_picked":["Heel Hook+1","Slice"],"picked":"Prepared","floor":34},{"not_picked":["PiercingWail+1","Dodge and Roll"],"picked":"Riddle With Holes","floor":34},{"not_picked":["Well Laid Plans","Distraction"],"picked":"Cloak And Dagger+1","floor":34},{"not_picked":["Calculated Gamble","All Out Attack","Bane"],"picked":"Singing Bowl","floor":34},{"not_picked":["Prepared","Acrobatics"],"picked":"Deadly Poison+1","floor":34},{"not_picked":["Night Terror","Bane+1","Dagger Throw"],"picked":"Singing Bowl","floor":35},{"not_picked":["Riddle With Holes+1","Leg Sweep+1","Catalyst+1"],"picked":"Singing Bowl","floor":38},{"not_picked":["Poisoned Stab+1","Bane+1"],"picked":"Tactician+1","floor":39},{"not_picked":["Backflip+1","Expertise","Endless Agony"],"picked":"Singing Bowl","floor":41},{"not_picked":["Distraction+1","Acrobatics"],"picked":"Underhanded Strike","floor":42},{"not_picked":["Deflect+1","Crippling Poison+1","Quick Slash"],"picked":"Singing Bowl","floor":44},{"not_picked":["PiercingWail+1","Underhanded Strike+1"],"picked":"Terror+1","floor":48}],"player_experience":190848,"relics_obtained":[{"floor":6.0,"key":"Strawberry"},{"floor":9.0,"key":"Bag of Marbles"},{"floor":26.0,"key":"Singing Bowl"},{"floor":36,"key":"Orichalcum"},{"floor":43,"key":"Toxic Egg 2"}],"event_choices":[{"event_name":"FaceTrader","player_choice":"Trade","floor":2.0,"damage_taken":0.0},{"event_name":"Scrap Ooze","player_choice":"success","floor":3.0,"damage_taken":7.0},{"event_name":"Addict","player_choice":"Ignored","floor":20.0,"damage_taken":0.0},{"event_name":"Drug Dealer","player_choice":"Ignored","floor":27.0,"damage_taken":0.0},{"event_name":"The Moai Head","player_choice":"Heal","floor":37,"damage_taken":0},{"event_name":"Bonfire Elementals","player_choice":"BASIC","floor":47,"damage_taken":0}],"is_beta":false,"boss_relics":[{"not_picked":["Ring of the Serpent","White Beast Statue"],"picked":"Astrolabe"},{"not_picked":["Cursed Key","Philosopher\u0027s Stone"],"picked":"Orrery"}],"items_purged_floors":[10],"is_endless":false,"potions_floor_spawned":[1,6,11,16,21,35,38,42,44],"killed_by":"Donu and Deca","ascension_level":0}