{"gold_per_floor":[361,7,7,18,32,58,74,74,100,100,100,100,125,143,143,216,216,232,232,248,5,23,23,57,57,103,103,133,133,161,173,173,251,251,268,268,268,268,368,368],"floor_reached":40,"playtime":3124,"items_purged":["Strike_G+1"],"score":1000,"play_id":"a383c57a-151a-461b-add4-eab76ccc6c50","local_time":"20190301222435","is_ascension_mode":true,"campfire_choices":[{"data":"Noxious Fumes","floor":10,"key":"SMITH"},{"data":"Glass Knife","floor":12,"key":"SMITH"},{"data":"Well Laid Plans","floor":15,"key":"SMITH"},{"floor":23,"key":"REST"},{"data":"Footwork","floor":25,"key":"SMITH"},{"floor":29,"key":"REST"},{"floor":32,"key":"REST"}],"neow_cost":"TEN_PERCENT_HP_LOSS","seed_source_timestamp":0,"circlet_count":0,"master_deck":["AscendersBane","Defend_G+1","Defend_G+1","Defend_G+1","Defend_G+1","Defend_G+1","Strike_G+1","Strike_G+1","Strike_G+1","Strike_G+1","Survivor","Neutralize+1","Quick Slash","Apotheosis+1","Dagger Spray","Noxious Fumes+1","Flying Knee","Well Laid Plans+1","Glass Knife+1","Malaise","Wraith Form v2","Footwork+1","Deadly Poison","Blur","Catalyst","Leg Sweep","Dagger Spray","Dodge and Roll","Deadly Poison","Leg Sweep","Malaise","Backflip","Thinking Ahead"],"special_seed":0,"relics":["Ring of the Snake","Dream Catcher","PreservedInsect","Art of War","Orrery","Centennial Puzzle","Bird Faced Urn","Ancient Tea Set","Oddly Smooth Stone","Sozu","Tingsha"],"potions_floor_usage":[16,24,28,33,40],"damage_taken":[{"damage":3.0,"enemies":"Jaw Worm","floor":1.0,"turns":6.0},{"damage":0.0,"enemies":"Cultist","floor":4.0,"turns":3.0},{"damage":4,"enemies":"2 Louse","floor":5,"turns":4},{"damage":12,"enemies":"3 Sentries","floor":6,"turns":5},{"damage":1,"enemies":"Exordium Wildlife","floor":7,"turns":6},{"damage":0,"enemies":"Lagavulin","floor":13,"turns":4},{"damage":0,"enemies":"2 Fungi Beasts","floor":14,"turns":2},{"damage":4,"enemies":"Slime Boss","floor":16,"turns":8},{"damage":6,"enemies":"Chosen","floor":18,"turns":7},{"damage":15,"enemies":"3 Byrds","floor":20,"turns":5},{"damage":1,"enemies":"Snecko","floor":22,"turns":5},{"damage":9,"enemies":"Book of Stabbing","floor":24,"turns":6},{"damage":15,"enemies":"Slavers","floor":28,"turns":6},{"damage":7,"enemies":"Gremlin Leader","floor":30,"turns":9},{"damage":5,"enemies":"Cultist and Chosen","floor":31,"turns":8},{"damage":6,"enemies":"Automaton","floor":33,"turns":11},{"damage":0,"enemies":"Orb Walker","floor":35,"turns":4},{"damage":0,"enemies":"Mind Bloom Boss Battle","floor":39,"turns":9},{"damage":64,"enemies":"Reptomancer","floor":40,"turns":9}],"seed_played":"6247286733865547652","potions_obtained":[{"floor":5,"key":"Swift Potion"},{"floor":7,"key":"Weak Potion"},{"floor":14,"key":"Poison Potion"},{"floor":20,"key":"SteroidPotion"},{"floor":24,"key":"FearPotion"},{"floor":28,"key":"Energy Potion"},{"floor":31,"key":"Fire Potion"}],"is_trial":false,"path_per_floor":["M","$","?","M","M","E","M","$","T","R","?","R","E","M","R","B",null,"M","?","M","$","M","R","E","R","T","?","E","R","E","M","R","B",null,"M","?","?","?","?","E"],"character_chosen":"THE_SILENT","items_purchased":["Apotheosis","Dagger Spray","Noxious Fumes","Block Potion","Centennial Puzzle"],"campfire_rested":3,"item_purchase_floors":[2,2,2,2,21],"current_hp_per_floor":[56,56,56,56,52,40,39,39,39,39,39,39,39,39,39,35,54,48,48,33,33,32,50,41,41,41,41,30,48,47,50,60,56,59,60,60,57,57,57,0],"gold":368,"neow_bonus":"TWO_FIFTY_GOLD","is_prod":false,"is_daily":false,"chose_seed":false,"campfire_upgraded":4,"win_rate":0,"timestamp":1551432275,"path_taken":["M","$","?","M","M","E","M","?","T","R","?","R","E","?","R","BOSS","M","?","M","$","M","R","E","R","T","?","E","R","E","?","R","BOSS","M","?","?","?","?","E"],"build_version":"2019-01-23","purchased_purges":1,"victory":false,"max_hp_per_floor":[60,60,60,60,60,60,60,60,60,60,60,60,60,60,60,60,60,60,60,60,60,60,60,60,60,60,60,60,60,60,60,60,60,60,60,60,57,57,57,57],"card_choices":[{"not_picked":["Deflect","Flechettes"],"picked":"Quick Slash","floor":1.0},{"not_picked":["Prepared","Slice"],"picked":"Flying Knee","floor":4.0},{"not_picked":["Flying Knee","Quick Slash","Riddle With Holes"],"picked":"SKIP","floor":5},{"not_picked":["Backflip","Expertise"],"picked":"Well Laid Plans","floor":6},{"not_picked":["Dodge and Roll","Expertise"],"picked":"Glass Knife","floor":7},{"not_picked":["Slice","Backflip"],"picked":"Malaise","floor":13},{"not_picked":["Setup","Masterful Stab","Cloak And Dagger"],"picked":"SKIP","floor":14},{"not_picked":["Grand Finale","Unload"],"picked":"Wraith Form v2","floor":16},{"not_picked":["Leg Sweep","Dagger Spray"],"picked":"Footwork","floor":17},{"not_picked":["Backflip","Acrobatics"],"picked":"Deadly Poison","floor":17},{"not_picked":["Dagger Throw","Bane"],"picked":"Blur","floor":17},{"not_picked":["Concentrate","Acrobatics","Poisoned Stab"],"picked":"SKIP","floor":18},{"not_picked":["Envenom","Slice+1"],"picked":"Catalyst","floor":20},{"not_picked":["Cloak And Dagger","Sucker Punch"],"picked":"Leg Sweep","floor":22},{"not_picked":["Backflip","Flying Knee"],"picked":"Dagger Spray","floor":23},{"not_picked":["Flying Knee","Expertise","Leg Sweep"],"picked":"SKIP","floor":24},{"not_picked":["Underhanded Strike","Masterful Stab"],"picked":"Dodge and Roll","floor":28},{"not_picked":["Distraction","Underhanded Strike"],"picked":"Deadly Poison","floor":30},{"not_picked":["Acrobatics","Quick Slash","Caltrops"],"picked":"SKIP","floor":31},{"not_picked":["Dagger Throw+1","Slice"],"picked":"Leg Sweep","floor":32},{"not_picked":["Doppelganger","Grand Finale"],"picked":"Malaise","floor":33},{"not_picked":["Dodge and Roll","Acrobatics"],"picked":"Backflip","floor":35},{"not_picked":["Forethought","Good Instincts"],"picked":"Thinking Ahead","floor":38}],"player_experience":539418,"relics_obtained":[{"floor":6,"key":"Dream Catcher"},{"floor":9,"key":"PreservedInsect"},{"floor":13,"key":"Art of War"},{"floor":24,"key":"Bird Faced Urn"},{"floor":28,"key":"Ancient Tea Set"},{"floor":30,"key":"Oddly Smooth Stone"},{"floor":39,"key":"Tingsha"}],"event_choices":[{"damage_healed":0.0,"max_hp_gain":0.0,"max_hp_loss":0.0,"gold_gain":0.0,"event_name":"Upgrade Shrine","player_choice":"Upgraded","floor":3.0,"gold_loss":0.0,"damage_taken":0.0,"cards_upgraded":["Apotheosis"]},{"damage_healed":0,"gold_gain":0,"player_choice":"Ignored","damage_taken":0,"max_hp_gain":0,"max_hp_loss":0,"event_name":"Liars Game","floor":11,"gold_loss":0},{"damage_healed":0,"gold_gain":0,"player_choice":"Simplicity","damage_taken":0,"max_hp_gain":0,"max_hp_loss":0,"event_name":"Back to Basics","floor":19,"gold_loss":0,"cards_upgraded":["Defend_G","Defend_G","Defend_G","Defend_G","Defend_G","Strike_G","Strike_G","Strike_G","Strike_G","Strike_G"]},{"damage_healed":0,"gold_gain":0,"player_choice":"Upgraded","damage_taken":0,"max_hp_gain":0,"max_hp_loss":0,"event_name":"Upgrade Shrine","floor":27,"gold_loss":0,"cards_upgraded":["Neutralize"]},{"damage_healed":0,"gold_gain":0,"player_choice":"Ignored","damage_taken":0,"max_hp_gain":0,"max_hp_loss":0,"event_name":"Mysterious Sphere","floor":36,"gold_loss":0},{"damage_healed":0,"gold_gain":0,"player_choice":"Max HP","damage_taken":0,"max_hp_gain":0,"max_hp_loss":3,"event_name":"Winding Halls","floor":37,"gold_loss":0},{"damage_healed":0,"gold_gain":0,"player_choice":"Memory 1","damage_taken":0,"max_hp_gain":0,"max_hp_loss":0,"event_name":"SensoryStone","floor":38,"gold_loss":0},{"damage_healed":0,"gold_gain":0,"player_choice":"Fight","damage_taken":0,"max_hp_gain":0,"max_hp_loss":0,"event_name":"MindBloom","floor":39,"gold_loss":0}],"is_beta":false,"boss_relics":[{"not_picked":["WristBlade","HoveringKite"],"picked":"Orrery"},{"not_picked":["Pandora\u0027s Box","Ring of the Serpent"],"picked":"Sozu"}],"items_purged_floors":[21],"is_endless":false,"potions_floor_spawned":[5,7,13,14,20,22,24,28,31],"killed_by":"Reptomancer","ascension_level":20}