{"gold_per_floor":[111,111,129,55,55,88,98,98,172,235,250,250,265,265,265,370,370,385,415,435,435,445,445,445],"floor_reached":24,"playtime":3249,"items_purged":[],"score":221,"play_id":"b4fe5573-b21c-4c7b-8bc8-4d21212a599d","local_time":"20190201114325","is_ascension_mode":false,"campfire_choices":[{"data":"Streamline","floor":8,"key":"SMITH"},{"floor":15,"key":"REST"},{"floor":23,"key":"REST"}],"neow_cost":"NONE","seed_source_timestamp":215524529579173,"circlet_count":0,"master_deck":["Strike_B","Strike_B+1","Strike_B","Defend_B","Defend_B","Defend_B","Defend_B","Zap","Dualcast","Steam","Iron Wave+1","Streamline+1","Coolheaded","Gash","All For One","Auto Shields","Stack","Consume","Gash","Reboot","Melter","Hologram+1","Echo Form","Beam Cell+1"],"relics":["Cracked Core","NeowsBlessing","Whetstone","Pantograph","Regal Pillow","Blood Vial","Boot","Eternal Feather","Red Mask","MutagenicStrength"],"potions_floor_usage":[10],"damage_taken":[{"damage":0,"enemies":"Jaw Worm","floor":1,"turns":1},{"damage":0,"enemies":"Cultist","floor":3,"turns":1},{"damage":0,"enemies":"Lagavulin","floor":6,"turns":1},{"damage":0,"enemies":"2 Louse","floor":7,"turns":2},{"damage":9,"enemies":"Lagavulin Event","floor":10,"turns":5},{"damage":12,"enemies":"Large Slime","floor":11,"turns":5},{"damage":0,"enemies":"2 Fungi Beasts","floor":13,"turns":2},{"damage":6,"enemies":"Slime Boss","floor":16,"turns":9},{"damage":24,"enemies":"3 Byrds","floor":18,"turns":6},{"damage":36,"enemies":"Masked Bandits","floor":19,"turns":6},{"damage":2,"enemies":"Shell Parasite","floor":20,"turns":4},{"damage":10,"enemies":"Centurion and Healer","floor":22,"turns":11},{"damage":69,"enemies":"3 Cultists","floor":24,"turns":6}],"seed_played":"-5722756615247250940","potions_obtained":[{"floor":1,"key":"Energy Potion"},{"floor":7,"key":"Ancient Potion"},{"floor":13,"key":"LiquidBronze"},{"floor":18,"key":"Explosive Potion"},{"floor":22,"key":"Fire Potion"}],"is_trial":false,"path_per_floor":["?","$","?","?","?","T","?","?"],"character_chosen":"DEFECT","items_purchased":["Coolheaded","Gash"],"campfire_rested":2,"item_purchase_floors":[4,4],"current_hp_per_floor":[75,75,75,75,75,75,75,75,75,66,54,47,49,49,75,69,75,51,17,17,17,9,58,0],"gold":445,"neow_bonus":"THREE_ENEMY_KILL","is_prod":false,"is_daily":false,"chose_seed":false,"campfire_upgraded":1,"win_rate":0.0,"timestamp":1548996205,"path_taken":["M","?","M","?","?","E","M","R","T","?","M","?","M","?","R","BOSS","M","?","M","?","M","R","M"],"build_version":"2019-01-23","purchased_purges":0,"victory":false,"max_hp_per_floor":[75,75,75,75,75,75,75,75,75,75,75,75,75,75,75,75,75,75,75,75,75,75,75,75],"card_choices":[{"not_picked":["Darkness","Rebound"],"picked":"Steam","floor":1},{"not_picked":["Sunder","Conserve Battery"],"picked":"Streamline","floor":3},{"not_picked":["Static Discharge","Scrape"],"picked":"All For One","floor":6},{"not_picked":["Chill","Reinforced Body"],"picked":"Auto Shields","floor":7},{"not_picked":["Chaos","Barrage"],"picked":"Stack","floor":10},{"not_picked":["Double Energy","Cold Snap"],"picked":"Consume","floor":11},{"not_picked":["Stack","Streamline"],"picked":"Gash","floor":13},{"not_picked":["Meteor Strike","Seek"],"picked":"Reboot","floor":16},{"not_picked":["Streamline+1","Compile Driver"],"picked":"Melter","floor":18},{"not_picked":["Coolheaded+1","Compile Driver"],"picked":"Hologram+1","floor":19},{"not_picked":["Self Repair+1","Gash"],"picked":"Echo Form","floor":20},{"not_picked":["Conserve Battery","Redo+1"],"picked":"Beam Cell+1","floor":22}],"player_experience":52639,"relics_obtained":[{"floor":6,"key":"Whetstone"},{"floor":9,"key":"Pantograph"},{"floor":14,"key":"Boot"},{"floor":19,"key":"Red Mask"}],"event_choices":[{"cards_removed":["Strike_B"],"damage_healed":0,"gold_gain":0,"player_choice":"Took Card","damage_taken":0,"max_hp_gain":0,"max_hp_loss":0,"event_name":"NoteForYourself","floor":2,"gold_loss":0,"cards_obtained":["Iron Wave"]},{"damage_healed":0,"gold_gain":0,"player_choice":"Leave","damage_taken":0,"max_hp_gain":0,"max_hp_loss":0,"event_name":"The Cleric","floor":5,"gold_loss":0},{"damage_healed":0,"gold_gain":0,"player_choice":"Searched \u00272\u0027 times","damage_taken":0,"relics_obtained":["Regal Pillow"],"max_hp_gain":0,"max_hp_loss":0,"event_name":"Dead Adventurer","floor":10,"gold_loss":0},{"damage_healed":0,"gold_gain":0,"player_choice":"Success","damage_taken":7,"relics_obtained":["Blood Vial"],"max_hp_gain":0,"max_hp_loss":0,"event_name":"Scrap Ooze","floor":12,"gold_loss":0},{"damage_healed":0,"gold_gain":0,"player_choice":"Fought Bandits","damage_taken":0,"max_hp_gain":0,"max_hp_loss":0,"event_name":"Masked Bandits","floor":19,"gold_loss":0},{"damage_healed":0,"gold_gain":0,"player_choice":"Inject Mutagens","damage_taken":0,"relics_obtained":["MutagenicStrength"],"max_hp_gain":0,"max_hp_loss":0,"event_name":"Drug Dealer","floor":21,"gold_loss":0}],"is_beta":false,"boss_relics":[{"not_picked":["Runic Pyramid","Coffee Dripper"],"picked":"Eternal Feather"}],"items_purged_floors":[],"is_endless":false,"potions_floor_spawned":[1,7,13,18,20,22],"killed_by":"3 Cultists","ascension_level":0}