{"gold_per_floor":[110,15,15,35,35,35,67,82,163,173,203,203,219,231,231,336,336,350,350,350,350,360,360,360,360],"floor_reached":25,"playtime":5815,"items_purged":[],"score":236,"play_id":"c6609503-2f98-4708-9917-3e119f498988","local_time":"20190219000411","is_ascension_mode":false,"campfire_choices":[{"data":"Neutralize","floor":6.0,"key":"SMITH"},{"floor":12.0,"key":"REST"},{"floor":15,"key":"REST"},{"data":"RitualDagger","floor":23,"key":"SMITH"}],"neow_cost":"NONE","seed_source_timestamp":0,"circlet_count":0,"master_deck":["Defend_G+1","Defend_G","Defend_G","Defend_G","Defend_G+1","Survivor","Neutralize+1","Doppelganger","Underhanded Strike","Underhanded Strike","Flying Knee","Die Die Die","Dagger Spray","Footwork","Blade Dance","Accuracy","Heel Hook","Tools of the Trade","Acrobatics+1","RitualDagger+1","Bite","Bite","Bite","Bite","Bite","Endless Agony"],"special_seed":0,"relics":["Potion Belt","Pear","Letter Opener","Paper Crane","Eternal Feather","War Paint","Nloth\u0027s Gift"],"potions_floor_usage":[14,16,16,22,25],"damage_taken":[{"damage":1.0,"enemies":"Cultist","floor":1.0,"turns":4.0},{"damage":1.0,"enemies":"2 Louse","floor":4.0,"turns":3.0},{"damage":37.0,"enemies":"Lagavulin","floor":7.0,"turns":8.0},{"damage":0.0,"enemies":"Small Slimes","floor":8.0,"turns":3.0},{"damage":1.0,"enemies":"2 Fungi Beasts","floor":10.0,"turns":2.0},{"damage":20.0,"enemies":"3 Sentries","floor":11.0,"turns":6.0},{"damage":8.0,"enemies":"Red Slaver","floor":13.0,"turns":5.0},{"damage":6,"enemies":"Large Slime","floor":14,"turns":5},{"damage":29,"enemies":"The Guardian","floor":16,"turns":16},{"damage":1,"enemies":"Chosen","floor":18,"turns":7},{"damage":31,"enemies":"Spheric Guardian","floor":22,"turns":7},{"damage":60,"enemies":"Book of Stabbing","floor":25,"turns":7}],"seed_played":"4967845804847658233","potions_obtained":[{"floor":4.0,"key":"SpeedPotion"},{"floor":8.0,"key":"AttackPotion"},{"floor":13,"key":"Swift Potion"},{"floor":18,"key":"SkillPotion"},{"floor":22,"key":"Strength Potion"}],"is_trial":false,"path_per_floor":["$","?","M","$","?","?","?","M","?"],"character_chosen":"THE_SILENT","items_purchased":["Terror","Underhanded Strike"],"campfire_rested":2,"item_purchase_floors":[2,2],"current_hp_per_floor":[69,69,69,68,68,68,41,41,41,40,20,44,36,30,54,25,80,79,73,56,56,33,48,48,0],"gold":360,"neow_bonus":"ONE_RANDOM_RARE_CARD","is_prod":false,"is_daily":false,"chose_seed":false,"campfire_upgraded":2,"win_rate":0.0,"timestamp":1550509451,"path_taken":["M","?","?","?","?","R","E","M","T","M","E","R","M","M","R","BOSS","M","?","?","?","?","R","?","E"],"build_version":"2019-01-23","purchased_purges":0,"victory":false,"max_hp_per_floor":[70,70,70,70,70,70,80,80,80,80,80,80,80,80,80,80,80,80,80,56,56,56,56,56,56],"card_choices":[{"not_picked":["Deflect","Prepared"],"picked":"Underhanded Strike","floor":1.0},{"not_picked":["Dagger Spray","Eviscerate"],"picked":"Flying Knee","floor":4.0},{"not_picked":["Terror","Outmaneuver"],"picked":"Die Die Die","floor":7.0},{"not_picked":["Riddle With Holes","Escape Plan"],"picked":"Dagger Spray","floor":8.0},{"not_picked":["Tactician","All Out Attack"],"picked":"Footwork","floor":10.0},{"not_picked":["Flying Knee","Dagger Throw"],"picked":"Blade Dance","floor":11.0},{"not_picked":["Outmaneuver","Escape Plan"],"picked":"Accuracy","floor":13},{"not_picked":["Acrobatics","Slice"],"picked":"Heel Hook","floor":14},{"not_picked":["After Image","Phantasmal Killer"],"picked":"Tools of the Trade","floor":16},{"not_picked":["PiercingWail","Dodge and Roll"],"picked":"Acrobatics+1","floor":18},{"not_picked":["Finisher","Dash"],"picked":"Endless Agony","floor":22}],"player_experience":144911,"relics_obtained":[{"floor":7.0,"key":"Pear"},{"floor":9.0,"key":"Letter Opener"},{"floor":11.0,"key":"Paper Crane"},{"floor":21,"key":"War Paint"}],"event_choices":[{"cards_removed":["Terror"],"damage_healed":0.0,"max_hp_gain":0.0,"max_hp_loss":0.0,"gold_gain":0.0,"event_name":"WeMeetAgain","player_choice":"Gave Card","floor":3.0,"gold_loss":0.0,"damage_taken":0.0,"relics_obtained":["Potion Belt"]},{"damage_healed":0,"gold_gain":0,"player_choice":"Joined the Cult","damage_taken":6,"max_hp_gain":0,"max_hp_loss":0,"event_name":"Nest","floor":19,"gold_loss":0,"cards_obtained":["RitualDagger"]},{"damage_healed":0,"gold_gain":0,"player_choice":"Became a vampire","damage_taken":0,"max_hp_gain":0,"max_hp_loss":24,"event_name":"Vampires","floor":20,"gold_loss":0,"cards_obtained":["Bite","Bite","Bite","Bite","Bite"]},{"damage_healed":0,"gold_gain":0,"player_choice":"Relic","damage_taken":0,"max_hp_gain":0,"max_hp_loss":0,"event_name":"Wheel of Change","floor":21,"gold_loss":0},{"damage_healed":0,"gold_gain":0,"player_choice":"Traded Relic","damage_taken":0,"relics_obtained":["Nloth\u0027s Gift"],"max_hp_gain":0,"max_hp_loss":0,"event_name":"N\u0027loth","floor":24,"relics_lost":["Ring of the Snake"],"gold_loss":0}],"is_beta":false,"boss_relics":[{"not_picked":["Ring of the Serpent","Ectoplasm"],"picked":"Eternal Feather"}],"items_purged_floors":[],"is_endless":false,"potions_floor_spawned":[4,8,13,18,22],"killed_by":"Book of Stabbing","ascension_level":0}