{"gold_per_floor":[112,128,128,128,128,128,22,22,22,22,42,13,41,51,51,127,127,147,164,87,2,2,2,18,0,0,0,13,13,28,28,28,105,105,121,121,79,98,113,113,148,148,148,178,197,197,212,241,241,241],"floor_reached":51,"playtime":3546,"items_purged":[],"score":1360,"play_id":"8ac0a0ba-c86b-4616-967e-a1f24617542c","local_time":"20190126125754","is_ascension_mode":true,"campfire_choices":[{"data":"Bash","floor":6.0,"key":"SMITH"},{"data":"True Grit","floor":8.0,"key":"SMITH"},{"data":"Dark Embrace","floor":10.0,"key":"SMITH"},{"data":"Havoc","floor":15.0,"key":"SMITH"},{"data":"Perfected Strike","floor":23.0,"key":"SMITH"},{"data":"Flame Barrier","floor":32.0,"key":"SMITH"},{"data":"Disarm","floor":40,"key":"SMITH"},{"data":"Feel No Pain","floor":42,"key":"SMITH"}],"neow_cost":"NONE","seed_source_timestamp":0,"circlet_count":0,"master_deck":["AscendersBane","Strike_R+1","Strike_R+1","Strike_R+1","Strike_R+1","Strike_R+1","Defend_R+1","Defend_R+1","Defend_R+1","Defend_R+1","Bash+1","Dark Embrace+1","Perfected Strike+1","True Grit+1","Feel No Pain+1","Iron Wave+1","Perfected Strike+1","Twin Strike+1","Havoc+1","Bludgeon+1","Flame Barrier+1","Metallicize+1","Corruption+1","Writhe","Disarm+1","Pain","Reaper+1","Entrench+1","Headbutt+1","Demon Form+1","True Grit+1","Dual Wield+1"],"special_seed":0,"relics":["Burning Blood","Incense Burner","Self Forming Clay","Coffee Dripper","Blue Candle","Enchiridion","Gremlin Horn","Pocketwatch","WarpedTongs","Snecko Eye","Whetstone","Strawberry","Mummified Hand","Toxic Egg 2","Mark of the Bloom","Blood Vial"],"potions_floor_usage":[33,33,41,47,50],"damage_taken":[{"damage":13.0,"enemies":"Small Slimes","floor":1.0,"turns":5.0},{"damage":4.0,"enemies":"2 Louse","floor":2.0,"turns":3.0},{"damage":15.0,"enemies":"Jaw Worm","floor":11.0,"turns":4.0},{"damage":17.0,"enemies":"Gremlin Nob","floor":13.0,"turns":4.0},{"damage":8.0,"enemies":"Blue Slaver","floor":14.0,"turns":3.0},{"damage":12.0,"enemies":"Hexaghost","floor":16.0,"turns":8.0},{"damage":0.0,"enemies":"Spheric Guardian","floor":18.0,"turns":3.0},{"damage":19.0,"enemies":"Chosen","floor":19.0,"turns":4.0},{"damage":19.0,"enemies":"Shelled Parasite and Fungi","floor":24.0,"turns":5.0},{"damage":10.0,"enemies":"Chosen and Byrds","floor":28.0,"turns":9.0},{"damage":1.0,"enemies":"Snecko","floor":30.0,"turns":8.0},{"damage":9,"enemies":"Automaton","floor":33,"turns":13},{"damage":0,"enemies":"Orb Walker","floor":35,"turns":3},{"damage":5,"enemies":"3 Darklings","floor":38,"turns":4},{"damage":7,"enemies":"4 Shapes","floor":39,"turns":7},{"damage":10,"enemies":"Nemesis","floor":41,"turns":7},{"damage":8,"enemies":"Reptomancer","floor":44,"turns":6},{"damage":3,"enemies":"Maw","floor":45,"turns":5},{"damage":0,"enemies":"3 Darklings","floor":47,"turns":2},{"damage":8,"enemies":"Giant Head","floor":48,"turns":4},{"damage":46,"enemies":"Awakened One","floor":50,"turns":9}],"seed_played":"3781827748545252250","potions_obtained":[{"floor":2.0,"key":"Ancient Potion"},{"floor":14.0,"key":"GamblersBrew"},{"floor":16.0,"key":"Energy Potion"},{"floor":19.0,"key":"AttackPotion"},{"floor":33,"key":"Weak Potion"},{"floor":38,"key":"SkillPotion"},{"floor":45,"key":"SkillPotion"}],"is_trial":false,"path_per_floor":["M","M","?","?","?","R","$","R","T","R","M","$","E","M","R","B",null,"M","M","$","?","?","R","M","?","T","?","M","?","M","$","R","B",null,"M","T","$","M","M","R","E","R","T","E","M","?","M","E","R","B",null],"character_chosen":"IRONCLAD","items_purchased":["True Grit","Feel No Pain","Perfected Strike","Metallicize","Entrench"],"campfire_rested":0,"item_purchase_floors":[7,7,12,20,37],"current_hp_per_floor":[61,63,63,63,40,40,40,40,40,40,31,31,20,18,18,12,59,65,52,52,52,31,31,18,18,18,18,14,14,19,19,19,16,60,66,66,66,75,75,75,78,78,78,82,82,82,82,74,74,28],"gold":241,"neow_bonus":"ONE_RANDOM_RARE_CARD","is_prod":false,"is_daily":false,"chose_seed":false,"campfire_upgraded":8,"win_rate":0,"timestamp":1548460674,"path_taken":["M","M","?","?","?","R","?","R","T","R","?","$","E","M","R","BOSS","M","M","$","?","?","R","M","?","T","?","M","?","?","?","R","BOSS","M","?","$","?","M","R","E","R","T","E","M","?","M","E","R","BOSS"],"build_version":"2019-01-23","purchased_purges":0,"victory":true,"max_hp_per_floor":[75,75,75,75,75,75,75,75,75,75,75,75,75,75,75,75,75,75,75,75,75,75,75,75,75,75,75,75,75,75,75,75,75,75,75,75,75,75,75,75,82,82,82,82,82,82,82,82,82,82],"card_choices":[{"not_picked":["Body Slam","Thunderclap","Blood for Blood"],"picked":"SKIP","floor":1.0},{"not_picked":["Iron Wave","Ghostly Armor"],"picked":"Perfected Strike","floor":2.0},{"not_picked":["Dropkick","Evolve"],"picked":"Iron Wave","floor":11.0},{"not_picked":["Blood for Blood","True Grit"],"picked":"Twin Strike","floor":13.0},{"not_picked":["Fire Breathing","Thunderclap"],"picked":"Havoc","floor":14.0},{"not_picked":["Feed","Dark Embrace"],"picked":"Bludgeon","floor":16.0},{"not_picked":["Warcry","Carnage"],"picked":"Flame Barrier","floor":18.0},{"not_picked":["Twin Strike","Wild Strike","Iron Wave"],"picked":"SKIP","floor":19.0},{"not_picked":["Flex","Havoc"],"picked":"Corruption","floor":24.0},{"not_picked":["Bludgeon","Iron Wave"],"picked":"Disarm","floor":28.0},{"not_picked":["Second Wind","Anger","Sword Boomerang+1"],"picked":"SKIP","floor":30.0},{"not_picked":["Barricade","Bludgeon"],"picked":"Reaper","floor":33},{"not_picked":["Dropkick+1","Metallicize","Heavy Blade"],"picked":"SKIP","floor":35},{"not_picked":["Rage","Anger","Power Through"],"picked":"SKIP","floor":38},{"not_picked":["Hemokinesis","Anger"],"picked":"Headbutt","floor":39},{"not_picked":["Heavy Blade","Second Wind","Brutality"],"picked":"SKIP","floor":41},{"not_picked":["Pommel Strike","Combust"],"picked":"Demon Form","floor":44},{"not_picked":["Feel No Pain","Thunderclap"],"picked":"True Grit+1","floor":45},{"not_picked":["Iron Wave","Cleave","Combust"],"picked":"SKIP","floor":47},{"not_picked":["Second Wind+1","Anger"],"picked":"Dual Wield+1","floor":48}],"player_experience":55268,"relics_obtained":[{"floor":9.0,"key":"Incense Burner"},{"floor":13.0,"key":"Self Forming Clay"},{"floor":22.0,"key":"Enchiridion"},{"floor":26.0,"key":"Gremlin Horn"},{"floor":36,"key":"Whetstone"},{"floor":41,"key":"Strawberry"},{"floor":43,"key":"Mummified Hand"},{"floor":44,"key":"Toxic Egg 2"},{"floor":48,"key":"Blood Vial"}],"event_choices":[{"damage_healed":0.0,"max_hp_gain":0.0,"max_hp_loss":0.0,"gold_gain":0.0,"event_name":"Liars Game","player_choice":"Ignored","floor":3.0,"gold_loss":0.0,"damage_taken":0.0},{"damage_healed":0.0,"max_hp_gain":0.0,"max_hp_loss":0.0,"gold_gain":0.0,"event_name":"The Cleric","player_choice":"Leave","floor":4.0,"gold_loss":0.0,"damage_taken":0.0},{"damage_healed":0.0,"max_hp_gain":0.0,"max_hp_loss":0.0,"gold_gain":0.0,"event_name":"Shining Light","player_choice":"Entered Light","floor":5.0,"gold_loss":0.0,"damage_taken":23.0,"cards_upgraded":["Perfected Strike","Strike_R"]},{"damage_healed":0.0,"max_hp_gain":0.0,"max_hp_loss":0.0,"gold_gain":0.0,"event_name":"Addict","player_choice":"Obtained Relic","floor":21.0,"gold_loss":85.0,"damage_taken":0.0,"relics_obtained":["Blue Candle"]},{"damage_healed":0.0,"max_hp_gain":0.0,"max_hp_loss":0.0,"gold_gain":0.0,"event_name":"Cursed Tome","player_choice":"Obtained Book","floor":22.0,"gold_loss":0.0,"damage_taken":21.0},{"damage_healed":0.0,"max_hp_gain":0.0,"max_hp_loss":0.0,"gold_gain":0.0,"event_name":"Masked Bandits","player_choice":"Paid Fearfully","floor":25.0,"gold_loss":18.0,"damage_taken":0.0},{"damage_healed":0.0,"max_hp_gain":0.0,"max_hp_loss":0.0,"gold_gain":0.0,"event_name":"The Mausoleum","player_choice":"Opened","floor":27.0,"gold_loss":0.0,"damage_taken":0.0,"relics_obtained":["Pocketwatch"],"cards_obtained":["Writhe"]},{"damage_healed":0.0,"max_hp_gain":0.0,"max_hp_loss":0.0,"gold_gain":0.0,"event_name":"Accursed Blacksmith","player_choice":"Rummage","floor":29.0,"gold_loss":0.0,"damage_taken":0.0,"relics_obtained":["WarpedTongs"],"cards_obtained":["Pain"]},{"damage_healed":0,"gold_gain":0,"player_choice":"Upgrade","damage_taken":0,"relics_obtained":["Mark of the Bloom"],"max_hp_gain":0,"max_hp_loss":0,"event_name":"MindBloom","floor":46,"gold_loss":0,"cards_upgraded":["Strike_R","Strike_R","Strike_R","Defend_R","Defend_R","Defend_R","Defend_R","Iron Wave","Twin Strike","Metallicize","Corruption","Reaper","Entrench","Headbutt","Demon Form"]}],"is_beta":false,"boss_relics":[{"not_picked":["Eternal Feather","Black Star"],"picked":"Coffee Dripper"},{"not_picked":["Velvet Choker","Runic Pyramid"],"picked":"Snecko Eye"}],"items_purged_floors":[],"is_endless":false,"potions_floor_spawned":[2,14,16,19,28,33,38,45],"ascension_level":17}