{"gold_per_floor":[10,10,10,10,24,24,58,58,58,58,58,74,108,35,35,130,130,140,160,260,260,273,287,287,303,303,303,303,319,332,349,349,446,446,464,464,564,23,23,23,41,57,80,115,125,138,165,75,75,75],"floor_reached":51,"playtime":4202,"items_purged":["Strike_B"],"score":821,"play_id":"71cf936a-2fb5-4969-aa98-6c111ad5a9cf","local_time":"20190201215449","is_ascension_mode":true,"campfire_choices":[{"data":"Jack Of All Trades","floor":6.0,"key":"SMITH"},{"data":"Sweeping Beam","floor":8.0,"key":"SMITH"},{"data":"Dualcast","floor":11.0,"key":"SMITH"},{"data":"Defragment","floor":15,"key":"SMITH"},{"data":"Go for the Eyes","floor":24,"key":"SMITH"},{"floor":32,"key":"REST"},{"data":"Blind","floor":40,"key":"SMITH"},{"floor":49,"key":"REST"}],"neow_cost":"NO_GOLD","seed_source_timestamp":0,"circlet_count":0,"master_deck":["Strike_B","Defend_B","Defend_B","Defend_B","Defend_B","Zap+1","Dualcast+1","Jack Of All Trades+1","Cold Snap","Sweeping Beam+1","BootSequence","Go for the Eyes+1","Genetic Algorithm+1","Defragment+1","Reboot","Compile Driver+1","Steam+1","Hologram","Hologram+1","Capacitor","Streamline","Self Repair+1","Coolheaded+1","Electrodynamics+1","Dark Shackles","Blind+1","Discovery","Turbo","Conserve Battery+1","Barrage+1","Ball Lightning"],"special_seed":0,"relics":["Cracked Core","Pen Nib","Mercury Hourglass","Shuriken","Philosopher\u0027s Stone","StoneCalendar","Bottled Flame","MutagenicStrength","Frozen Egg 2","Nilry\u0027s Codex","Pear","Inserter","Thread and Needle","War Paint","Mummified Hand","Potion Belt","Kunai","Regal Pillow"],"potions_floor_usage":[13,16,20,29,33,33,44,47,50],"damage_taken":[{"damage":0.0,"enemies":"Small Slimes","floor":1.0,"turns":3.0},{"damage":0.0,"enemies":"Jaw Worm","floor":5.0,"turns":3.0},{"damage":30.0,"enemies":"Gremlin Nob","floor":7.0,"turns":4.0},{"damage":0.0,"enemies":"2 Louse","floor":12.0,"turns":2.0},{"damage":13,"enemies":"Lagavulin","floor":13,"turns":4},{"damage":14,"enemies":"The Guardian","floor":16,"turns":13},{"damage":4,"enemies":"Chosen","floor":18,"turns":4},{"damage":16,"enemies":"Spheric Guardian","floor":19,"turns":5},{"damage":0,"enemies":"Colosseum Slavers","floor":20,"turns":2},{"damage":28,"enemies":"Colosseum Nobs","floor":20,"turns":4},{"damage":15,"enemies":"Shelled Parasite and Fungi","floor":22,"turns":5},{"damage":0,"enemies":"Centurion and Healer","floor":23,"turns":5},{"damage":0,"enemies":"Snake Plant","floor":25,"turns":4},{"damage":4,"enemies":"Shelled Parasite and Fungi","floor":29,"turns":4},{"damage":0,"enemies":"Snecko","floor":30,"turns":4},{"damage":1,"enemies":"Snake Plant","floor":31,"turns":3},{"damage":6,"enemies":"Collector","floor":33,"turns":8},{"damage":9,"enemies":"Orb Walker","floor":35,"turns":3},{"damage":18,"enemies":"Mind Bloom Boss Battle","floor":37,"turns":6},{"damage":0,"enemies":"3 Darklings","floor":41,"turns":2},{"damage":11,"enemies":"4 Shapes","floor":42,"turns":4},{"damage":0,"enemies":"Giant Head","floor":44,"turns":6},{"damage":11,"enemies":"Maw","floor":45,"turns":7},{"damage":2,"enemies":"Writhing Mass","floor":46,"turns":6},{"damage":30,"enemies":"Reptomancer","floor":47,"turns":7},{"damage":4,"enemies":"Donu and Deca","floor":50,"turns":6}],"seed_played":"-1906782244015014555","potions_obtained":[{"floor":12.0,"key":"Regen Potion"},{"floor":13,"key":"Fruit Juice"},{"floor":18,"key":"FocusPotion"},{"floor":20,"key":"LiquidBronze"},{"floor":23,"key":"SkillPotion"},{"floor":25,"key":"SkillPotion"},{"floor":31,"key":"Ancient Potion"},{"floor":33,"key":"Energy Potion"},{"floor":37,"key":"PowerPotion"},{"floor":46,"key":"Swift Potion"}],"is_trial":false,"path_per_floor":["M","?","?","?","M","R","E","R","T","?","R","M","E","$","R","B",null,"M","M","?","?","M","M","R","M","T","?","T","M","M","M","R","B",null,"M","?","?","$","?","R","M","M","T","E","M","M","E","?","R","B",null],"character_chosen":"DEFECT","items_purchased":["Defragment","War Paint","Mummified Hand","FocusPotion"],"campfire_rested":2,"item_purchase_floors":[14,38,38,38],"current_hp_per_floor":[75,68,68,68,68,68,38,38,38,43,43,43,42,42,42,33,85,81,65,37,37,22,22,22,22,22,6,16,12,12,11,39,43,95,95,85,77,77,77,77,77,66,66,76,75,83,63,63,95,95],"gold":75,"neow_bonus":"RANDOM_COLORLESS_2","is_prod":false,"is_daily":false,"chose_seed":false,"campfire_upgraded":6,"win_rate":1,"timestamp":1549011289,"path_taken":["M","?","?","?","?","R","E","R","T","?","R","M","E","$","R","BOSS","M","M","?","?","M","M","R","M","T","?","?","M","M","M","R","BOSS","M","?","?","$","?","R","M","M","T","E","M","?","E","?","R","BOSS"],"build_version":"2019-01-23","purchased_purges":1,"victory":true,"max_hp_per_floor":[75,75,75,75,75,75,75,75,75,80,80,80,80,80,80,85,85,85,85,85,85,85,85,85,85,85,85,95,95,95,95,95,95,95,95,95,95,95,95,95,95,95,95,95,95,95,95,95,95,95],"card_choices":[{"not_picked":["Beam Cell","Redo"],"picked":"Cold Snap","floor":1.0},{"not_picked":["Redo","Compile Driver"],"picked":"Sweeping Beam","floor":5.0},{"not_picked":["Steam","Go for the Eyes"],"picked":"BootSequence","floor":7.0},{"not_picked":["Sweeping Beam","Stack"],"picked":"Go for the Eyes","floor":12.0},{"not_picked":["Doom and Gloom","Redo"],"picked":"Genetic Algorithm","floor":13},{"not_picked":["Thunder Strike","Meteor Strike"],"picked":"Reboot","floor":16},{"not_picked":["Heatsinks","Gash","Storm+1"],"picked":"SKIP","floor":18},{"not_picked":["Cold Snap","Coolheaded"],"picked":"Compile Driver","floor":19},{"not_picked":["Turbo","Stack+1"],"picked":"Steam+1","floor":20},{"not_picked":["Compile Driver","Double Energy+1"],"picked":"Hologram","floor":22},{"not_picked":["Streamline","Meteor Strike"],"picked":"Hologram+1","floor":23},{"not_picked":["Barrage","Hologram"],"picked":"Capacitor","floor":25},{"not_picked":["Hologram+1","Auto Shields"],"picked":"Streamline","floor":29},{"not_picked":["Skim","Scrape"],"picked":"Self Repair+1","floor":30},{"not_picked":["Ball Lightning","Barrage"],"picked":"Coolheaded","floor":31},{"not_picked":["Rainbow","Amplify"],"picked":"Electrodynamics+1","floor":33},{"not_picked":["Stack","Barrage","Beam Cell"],"picked":"SKIP","floor":35},{"not_picked":["Bandage Up","Finesse"],"picked":"Dark Shackles","floor":36},{"not_picked":["Purity","Master of Strategy"],"picked":"Blind","floor":36},{"not_picked":["The Bomb","Finesse"],"picked":"Discovery","floor":36},{"not_picked":["Coolheaded","Gash"],"picked":"Turbo","floor":37},{"not_picked":["Compile Driver+1","Sweeping Beam+1"],"picked":"Conserve Battery+1","floor":41},{"not_picked":["Stack+1","Blizzard+1"],"picked":"Barrage+1","floor":42},{"not_picked":["Multi-Cast","Go for the Eyes+1","Stack"],"picked":"SKIP","floor":44},{"not_picked":["Sunder","Steam+1"],"picked":"Ball Lightning","floor":45},{"not_picked":["Heatsinks+1","Sweeping Beam+1","Double Energy"],"picked":"SKIP","floor":46},{"not_picked":["Doom and Gloom+1","Leap","Rip and Tear"],"picked":"SKIP","floor":47}],"player_experience":154913,"relics_obtained":[{"floor":7.0,"key":"Pen Nib"},{"floor":9.0,"key":"Mercury Hourglass"},{"floor":13,"key":"Shuriken"},{"floor":20,"key":"StoneCalendar"},{"floor":20,"key":"Bottled Flame"},{"floor":26,"key":"Frozen Egg 2"},{"floor":27,"key":"Nilry\u0027s Codex"},{"floor":28,"key":"Pear"},{"floor":37,"key":"Thread and Needle"},{"floor":43,"key":"Potion Belt"},{"floor":44,"key":"Kunai"},{"floor":47,"key":"Regal Pillow"}],"event_choices":[{"cards_removed":["Purity"],"damage_healed":0.0,"max_hp_gain":0.0,"max_hp_loss":0.0,"gold_gain":0.0,"event_name":"Golden Wing","player_choice":"Card Removal","floor":2.0,"gold_loss":0.0,"damage_taken":7.0},{"damage_healed":0.0,"max_hp_gain":0.0,"max_hp_loss":0.0,"gold_gain":0.0,"event_name":"Living Wall","player_choice":"Grow","floor":3.0,"gold_loss":0.0,"damage_taken":0.0,"cards_upgraded":["Zap"]},{"damage_healed":0.0,"max_hp_gain":0.0,"max_hp_loss":0.0,"gold_gain":0.0,"event_name":"The Cleric","player_choice":"Leave","floor":4.0,"gold_loss":0.0,"damage_taken":0.0},{"damage_healed":0.0,"max_hp_gain":5.0,"max_hp_loss":0.0,"gold_gain":0.0,"event_name":"Big Fish","player_choice":"Donut","floor":10.0,"gold_loss":0.0,"damage_taken":0.0},{"damage_healed":0,"gold_gain":0,"player_choice":"Fight","damage_taken":0,"max_hp_gain":0,"max_hp_loss":0,"event_name":"Colosseum","floor":20,"gold_loss":0},{"damage_healed":0,"gold_gain":0,"player_choice":"Fought Nobs","damage_taken":0,"max_hp_gain":0,"max_hp_loss":0,"event_name":"Colosseum","floor":20,"gold_loss":0},{"damage_healed":0,"gold_gain":0,"player_choice":"Inject Mutagens","damage_taken":0,"relics_obtained":["MutagenicStrength"],"max_hp_gain":0,"max_hp_loss":0,"event_name":"Drug Dealer","floor":21,"gold_loss":0},{"damage_healed":0,"gold_gain":0,"player_choice":"Obtained Book","damage_taken":16,"max_hp_gain":0,"max_hp_loss":0,"event_name":"Cursed Tome","floor":27,"gold_loss":0},{"damage_healed":0,"gold_gain":0,"player_choice":"Memory 3","damage_taken":10,"max_hp_gain":0,"max_hp_loss":0,"event_name":"SensoryStone","floor":36,"gold_loss":0},{"damage_healed":0,"gold_gain":0,"player_choice":"Fight","damage_taken":0,"max_hp_gain":0,"max_hp_loss":0,"event_name":"MindBloom","floor":37,"gold_loss":0},{"cards_removed":["Strike_B"],"damage_healed":0,"gold_gain":0,"player_choice":"Purged","damage_taken":0,"max_hp_gain":0,"max_hp_loss":0,"event_name":"Purifier","floor":39,"gold_loss":0},{"cards_removed":["Strike_B"],"damage_healed":0,"gold_gain":0,"player_choice":"Upgrade and Remove","damage_taken":0,"max_hp_gain":0,"max_hp_loss":0,"event_name":"Designer","floor":48,"gold_loss":90,"cards_upgraded":["Compile Driver"]}],"is_beta":false,"boss_relics":[{"not_picked":["Lizard Tail","Snecko Eye"],"picked":"Philosopher\u0027s Stone"},{"not_picked":["Pandora\u0027s Box","Busted Crown"],"picked":"Inserter"}],"items_purged_floors":[38],"is_endless":false,"potions_floor_spawned":[12,13,18,20,23,25,31,33,37,42,46],"ascension_level":3}