{"gold_per_floor":[114,114,129,129,129,129,159,159,159,159,174,204,234,249,249,349,349,364,364,379,409,324,354,369,384,384,414,414,137,167,182,182,282,282,297,297,327,342,357,387,402,432,487,517,532,562,577,592,592,592],"floor_reached":51,"playtime":2989,"items_purged":["Blizzard"],"score":972,"play_id":"d56067cf-f0ea-4dca-b386-9fac27f5990a","local_time":"20181112023945","daily_mods":["Insanity","Diverse","DeadlyEvents"],"is_ascension_mode":false,"campfire_choices":[{"data":"Cloak And Dagger","floor":6,"key":"SMITH"},{"data":"Cloak And Dagger","floor":8,"key":"SMITH"},{"data":"Cloak And Dagger","floor":10,"key":"SMITH"},{"floor":15,"key":"REST"},{"floor":28,"key":"REST"},{"floor":32,"key":"REST"},{"floor":49,"key":"REST"}],"neow_cost":"","seed_source_timestamp":0,"circlet_count":0,"master_deck":["Dagger Spray","Acrobatics","Auto Shields","Cloak And Dagger+1","Streamline","Iron Wave","Cleave","Battle Trance","Infinite Blades","Cloak And Dagger+1","Leap","Reflex","Cloak And Dagger+1","Entrench","Clothesline","Skim","Sever Soul","Compile Driver","Disarm","Sword Boomerang","Iron Wave","Evolve","Stack","Perfected Strike","FTL","Gash","Lockon","Chaos","Heavy Blade","Clash","Armaments","Reinforced Body","Intimidate","Deflect","Flechettes","Deflect","Hologram","Outmaneuver","Hemokinesis","Blood for Blood","Go for the Eyes","Thunderclap","Flex","Reckless Charge","Deadly Poison","Well Laid Plans","Finisher","Sucker Punch","Quick Slash","Flex","Predator","Regret","Acrobatics","Thunderclap+1","Distraction","Rebound+1","White Noise","After Image","Demon Form","Conserve Battery","Terror","Glass Knife+1","Mayhem","Caltrops","After Image+1","Cloak And Dagger","Adrenaline","Twin Strike+1","Sucker Punch+1","Blade Dance+1","Slice+1","Blade Dance+1","Crippling Poison+1","FTL+1","Conserve Battery+1","FTL+1","Backflip","Prepared+1","Burning Pact+1"],"special_seed":17846,"relics":["Ring of the Snake","Bird Faced Urn","Molten Egg 2","Bronze Scales","Happy Flower","Regal Pillow","Lantern","WristBlade","The Specimen","Incense Burner","Boot","Gambling Chip","Ancient Tea Set","Blue Candle","Runic Dome","Dream Catcher","Matryoshka","Art of War","Tiny Chest","Strawberry","Anchor","Bag of Marbles"],"potions_floor_usage":[13,16,27,27,30,33,40,40,50,50,50],"damage_taken":[{"damage":3,"enemies":"Jaw Worm","floor":1,"turns":2},{"damage":0,"enemies":"Cultist","floor":3,"turns":2},{"damage":24,"enemies":"Lagavulin","floor":7,"turns":7},{"damage":0,"enemies":"Small Slimes","floor":11,"turns":1},{"damage":16,"enemies":"3 Sentries","floor":12,"turns":5},{"damage":15,"enemies":"Lagavulin","floor":13,"turns":6},{"damage":0,"enemies":"Looter","floor":14,"turns":1},{"damage":9,"enemies":"The Guardian","floor":16,"turns":12},{"damage":14,"enemies":"2 Thieves","floor":18,"turns":4},{"damage":8,"enemies":"Shell Parasite","floor":20,"turns":4},{"damage":8,"enemies":"Book of Stabbing","floor":21,"turns":6},{"damage":6,"enemies":"Gremlin Leader","floor":23,"turns":9},{"damage":13,"enemies":"Centurion and Healer","floor":24,"turns":6},{"damage":13,"enemies":"Shelled Parasite and Fungi","floor":25,"turns":5},{"damage":7,"enemies":"Slavers","floor":27,"turns":2},{"damage":21,"enemies":"Book of Stabbing","floor":30,"turns":4},{"damage":9,"enemies":"3 Cultists","floor":31,"turns":4},{"damage":21,"enemies":"Champ","floor":33,"turns":7},{"damage":14,"enemies":"3 Shapes","floor":35,"turns":4},{"damage":37,"enemies":"Reptomancer","floor":37,"turns":6},{"damage":0,"enemies":"Orb Walker","floor":38,"turns":3},{"damage":1,"enemies":"Sphere and 2 Shapes","floor":39,"turns":4},{"damage":15,"enemies":"Giant Head","floor":40,"turns":6},{"damage":4,"enemies":"3 Darklings","floor":41,"turns":3},{"damage":6,"enemies":"Reptomancer","floor":42,"turns":8},{"damage":12,"enemies":"Giant Head","floor":44,"turns":7},{"damage":9,"enemies":"Maw","floor":45,"turns":7},{"damage":0,"enemies":"Nemesis","floor":46,"turns":3},{"damage":1,"enemies":"4 Shapes","floor":47,"turns":3},{"damage":42,"enemies":"Sphere and 2 Shapes","floor":48,"turns":4},{"damage":52,"enemies":"Time Eater","floor":50,"turns":9}],"seed_played":"4248358927187569089","potions_obtained":[{"floor":7,"key":"SpeedPotion"},{"floor":12,"key":"PowerPotion"},{"floor":14,"key":"FearPotion"},{"floor":18,"key":"PowerPotion"},{"floor":23,"key":"AttackPotion"},{"floor":24,"key":"AttackPotion"},{"floor":27,"key":"AttackPotion"},{"floor":33,"key":"Ancient Potion"},{"floor":35,"key":"Weak Potion"},{"floor":39,"key":"GhostInAJar"},{"floor":45,"key":"AttackPotion"},{"floor":46,"key":"Poison Potion"},{"floor":47,"key":"SkillPotion"}],"is_trial":false,"path_per_floor":["M","?","M","?","T","R","E","R","T","R","M","E","E","M","R","B",null,"M","?","M","E","?","E","M","M","T","E","R","$","E","M","R","B",null,"M","?","E","M","M","E","M","E","T","E","M","E","M","M","R","B",null],"character_chosen":"THE_SILENT","items_purchased":["Mayhem","Caltrops"],"campfire_rested":4,"item_purchase_floors":[29,29],"current_hp_per_floor":[67,67,67,67,67,67,48,48,48,48,48,34,21,21,57,56,70,58,51,43,39,39,39,28,17,17,10,46,46,31,26,62,55,70,56,56,25,29,34,33,35,39,46,40,41,45,54,18,56,18],"gold":592,"neow_bonus":"","is_prod":false,"is_daily":true,"chose_seed":false,"campfire_upgraded":3,"win_rate":0,"timestamp":1541943585,"path_taken":["M","?","?","?","?","R","E","R","T","R","M","?","E","M","R","BOSS","M","?","M","?","?","E","?","M","T","E","R","$","E","M","R","BOSS","M","?","?","M","M","E","?","?","T","E","M","E","M","M","R","BOSS"],"build_version":"2018-11-08","purchased_purges":1,"victory":true,"max_hp_per_floor":[70,70,70,70,70,70,70,70,70,70,70,70,70,70,70,70,70,70,70,70,70,70,70,70,70,70,70,70,70,70,70,70,70,70,70,70,70,70,70,70,70,70,77,77,77,77,77,77,77,77],"card_choices":[{"not_picked":["Fusion","Go for the Eyes"],"picked":"Flex","floor":1},{"not_picked":["Leg Sweep","Concentrate"],"picked":"Predator","floor":3},{"not_picked":["True Grit","Prepared"],"picked":"Acrobatics","floor":7},{"not_picked":["Choke+1","Hemokinesis+1"],"picked":"Thunderclap+1","floor":11},{"not_picked":["Iron Wave+1","Ghostly Armor"],"picked":"Distraction","floor":12},{"not_picked":["Redo","Lockon+1"],"picked":"Rebound+1","floor":13},{"not_picked":["Perfected Strike+1","Hello World"],"picked":"White Noise","floor":14},{"not_picked":["Biased Cognition","Fission"],"picked":"After Image","floor":16},{"not_picked":["Rebound+1","Accuracy","Barrage+1"],"picked":"SKIP","floor":18},{"not_picked":["Sword Boomerang+1","Blizzard+1","Thunderclap+1"],"picked":"SKIP","floor":20},{"not_picked":["Bloodletting+1","Impervious"],"picked":"Demon Form","floor":21},{"not_picked":["BootSequence","Rebound+1"],"picked":"Conserve Battery","floor":23},{"not_picked":["Masterful Stab+1","Cleave+1"],"picked":"Terror","floor":24},{"not_picked":["Blur","Headbutt+1"],"picked":"Glass Knife+1","floor":25},{"not_picked":["Sword Boomerang+1","Acrobatics","Hemokinesis+1"],"picked":"SKIP","floor":27},{"not_picked":["Multi-Cast","Reckless Charge+1"],"picked":"After Image","floor":30},{"not_picked":["Flex","PiercingWail"],"picked":"Cloak And Dagger","floor":31},{"not_picked":["Night Terror","Die Die Die+1"],"picked":"Adrenaline","floor":33},{"not_picked":["Outmaneuver","Poisoned Stab+1"],"picked":"Twin Strike+1","floor":35},{"not_picked":["Flying Knee+1","Fusion+1"],"picked":"Sucker Punch+1","floor":37},{"not_picked":["Dual Wield+1","Armaments+1"],"picked":"Blade Dance+1","floor":38},{"not_picked":["Chill","Deadly Poison+1"],"picked":"Slice+1","floor":39},{"not_picked":["Reckless Charge+1","True Grit+1"],"picked":"Blade Dance+1","floor":40},{"not_picked":["Barrage+1","Fusion"],"picked":"Crippling Poison+1","floor":41},{"not_picked":["Biased Cognition","Prepared"],"picked":"FTL+1","floor":42},{"not_picked":["Chaos+1","Prepared"],"picked":"Conserve Battery+1","floor":44},{"not_picked":["Capacitor","Sever Soul+1"],"picked":"FTL+1","floor":45},{"not_picked":["Noxious Fumes","Havoc"],"picked":"Backflip","floor":46},{"not_picked":["Intimidate+1","Rampage+1"],"picked":"Prepared+1","floor":47},{"not_picked":["Second Wind","Deadly Poison+1","Barrage+1"],"picked":"SKIP","floor":48},{"not_picked":["Rebound+1","Sweeping Beam+1"],"picked":"Burning Pact+1","floor":49}],"player_experience":353790,"relics_obtained":[{"floor":5,"key":"Molten Egg 2"},{"floor":7,"key":"Bronze Scales"},{"floor":9,"key":"Happy Flower"},{"floor":12,"key":"Regal Pillow"},{"floor":13,"key":"Lantern"},{"floor":21,"key":"The Specimen"},{"floor":23,"key":"Boot"},{"floor":26,"key":"Gambling Chip"},{"floor":27,"key":"Ancient Tea Set"},{"floor":30,"key":"Blue Candle"},{"floor":37,"key":"Dream Catcher"},{"floor":40,"key":"Matryoshka"},{"floor":42,"key":"Art of War"},{"floor":43,"key":"Tiny Chest"},{"floor":43,"key":"Strawberry"},{"floor":44,"key":"Anchor"},{"floor":46,"key":"Bag of Marbles"}],"event_choices":[{"damage_healed":0,"gold_gain":0,"player_choice":"0 cards matched","damage_taken":0,"max_hp_gain":0,"max_hp_loss":0,"event_name":"Match and Keep!","floor":2,"gold_loss":0,"cards_obtained":[]},{"damage_healed":0,"gold_gain":0,"player_choice":"Box","damage_taken":0,"relics_obtained":["Bird Faced Urn"],"max_hp_gain":0,"max_hp_loss":0,"event_name":"Big Fish","floor":4,"gold_loss":0,"cards_obtained":["Regret"]},{"damage_healed":0,"gold_gain":0,"player_choice":"Damaged","damage_taken":7,"max_hp_gain":0,"max_hp_loss":0,"event_name":"Wheel of Change","floor":19,"gold_loss":0},{"damage_healed":0,"gold_gain":0,"player_choice":"Obtained Relic","damage_taken":0,"relics_obtained":["Incense Burner"],"max_hp_gain":0,"max_hp_loss":0,"event_name":"Addict","floor":22,"gold_loss":85},{"damage_healed":0,"gold_gain":0,"player_choice":"Upgraded","damage_taken":0,"max_hp_gain":0,"max_hp_loss":0,"event_name":"Upgrade Shrine","floor":36,"gold_loss":0,"cards_upgraded":["After Image"]}],"is_beta":false,"boss_relics":[{"not_picked":["Runic Pyramid","Lizard Tail"],"picked":"WristBlade"},{"not_picked":["Orrery","Empty Cage"],"picked":"Runic Dome"}],"items_purged_floors":[29],"is_endless":false,"potions_floor_spawned":[7,12,14,18,23,24,27,33,35,39,45,46,47,48],"ascension_level":0}