{"gold_per_floor":[140,140,215,235,245,273,273,45,45,58,73,73,102,114,114,209,209,223,233,250,250,264,264,289,307,334,334,361,361,361,396,396,491,491,508,508,521,164,183,183,218,218,218,246,246,262,262],"floor_reached":47,"playtime":1748,"items_purged":["Strike_B"],"score":750,"play_id":"134b76e5-506f-4ed1-aa4d-fe14058f3b7c","local_time":"20180718024150","is_ascension_mode":true,"campfire_choices":[{"data":"Electrodynamics","floor":7,"key":"SMITH"},{"data":"Zap","floor":12,"key":"SMITH"},{"data":"Capacitor","floor":15,"key":"SMITH"},{"data":"Chaos","floor":23,"key":"SMITH"},{"floor":29,"key":"REST"},{"floor":32,"key":"REST"},{"data":"Rainbow","floor":40,"key":"SMITH"},{"floor":42,"key":"REST"}],"neow_cost":"NONE","seed_source_timestamp":0,"circlet_count":0,"master_deck":["Defend_B+1","Defend_B","Defend_B","Defend_B+1","Zap+1","Dualcast+1","Sweeping Beam","Electrodynamics+1","Leap+1","Ball Lightning","Hologram","Leap","Capacitor+1","Ball Lightning","Chaos+1","Seek+1","Chill+1","Chaos+1","Capacitor+1","White Noise+1","Redo+1","Rainbow+1","Compile Driver+1","Compile Driver","Steam+1","Chaos+1","Writhe","Barrage","BootSequence"],"special_seed":17729,"relics":["Tiny House","Mercury Hourglass","Blood Vial","Bronze Scales","Lantern","Astrolabe","Question Card","Bag of Marbles","Vajra","Emotion Chip","Pen Nib","Cursed Key","Symbiotic Virus","Strange Spoon","War Paint","Strawberry","Gremlin Horn","Ancient Tea Set"],"potions_floor_usage":[6,13,13,24,24,28,31,44,44,44,47],"damage_taken":[{"damage":7,"enemies":"Jaw Worm","floor":1,"turns":2},{"damage":1,"enemies":"2 Louse","floor":4,"turns":2},{"damage":1,"enemies":"Cultist","floor":5,"turns":3},{"damage":13,"enemies":"3 Sentries","floor":6,"turns":4},{"damage":16,"enemies":"Gremlin Gang","floor":10,"turns":2},{"damage":8,"enemies":"Blue Slaver","floor":11,"turns":3},{"damage":0,"enemies":"Gremlin Nob","floor":13,"turns":3},{"damage":0,"enemies":"Large Slime","floor":14,"turns":3},{"damage":35,"enemies":"The Guardian","floor":16,"turns":8},{"damage":0,"enemies":"Chosen","floor":18,"turns":3},{"damage":14,"enemies":"Spheric Guardian","floor":19,"turns":4},{"damage":21,"enemies":"Snecko","floor":20,"turns":7},{"damage":1,"enemies":"Chosen and Byrds","floor":22,"turns":5},{"damage":19,"enemies":"Gremlin Leader","floor":24,"turns":5},{"damage":8,"enemies":"Centurion and Healer","floor":25,"turns":5},{"damage":14,"enemies":"Book of Stabbing","floor":28,"turns":5},{"damage":11,"enemies":"Gremlin Leader","floor":31,"turns":6},{"damage":42,"enemies":"Collector","floor":33,"turns":8},{"damage":12,"enemies":"3 Shapes","floor":35,"turns":3},{"damage":1,"enemies":"Flame Bruiser 1 Orb","floor":37,"turns":4},{"damage":4,"enemies":"Transient","floor":39,"turns":5},{"damage":36,"enemies":"Nemesis","floor":41,"turns":4},{"damage":28,"enemies":"Giant Head","floor":44,"turns":8},{"damage":20,"enemies":"Spire Growth","floor":46,"turns":4},{"damage":28,"enemies":"2 Orb Walkers","floor":47,"turns":2}],"seed_played":"-6709258171721631228","potions_obtained":[{"floor":0,"key":"Regen Potion"},{"floor":10,"key":"Weak Potion"},{"floor":11,"key":"FearPotion"},{"floor":13,"key":"Explosive Potion"},{"floor":19,"key":"Energy Potion"},{"floor":22,"key":"FocusPotion"},{"floor":24,"key":"PowerPotion"},{"floor":28,"key":"PowerPotion"},{"floor":35,"key":"SpeedPotion"},{"floor":39,"key":"Swift Potion"},{"floor":44,"key":"FearPotion"}],"is_trial":false,"path_per_floor":["M","?","?","M","M","E","R","$","T","M","M","R","E","M","R","B",null,"M","M","M","?","M","R","E","M","T","?","E","R","T","E","R","B",null,"M","?","M","$","M","R","E","R","T","E","?","M"],"character_chosen":"DEFECT","items_purchased":["Blood Vial","Strange Spoon","War Paint"],"campfire_rested":3,"item_purchase_floors":[8,38,38],"current_hp_per_floor":[73,78,67,66,65,64,64,64,64,50,44,44,46,48,48,15,68,70,58,39,39,40,40,23,17,17,22,10,35,35,33,58,18,68,58,58,59,59,57,57,30,57,57,31,31,13,0],"gold":262,"neow_bonus":"BOSS_RELIC","is_prod":false,"is_daily":false,"chose_seed":false,"campfire_upgraded":5,"win_rate":0,"timestamp":1531838510,"path_taken":["M","?","?","M","M","E","R","$","T","M","?","R","E","M","R","BOSS","M","?","M","?","?","R","E","M","T","?","E","R","?","E","R","BOSS","M","?","M","$","?","R","E","R","T","E","?","M","E"],"build_version":"2018-07-12","purchased_purges":1,"victory":false,"max_hp_per_floor":[80,85,85,85,85,85,85,85,85,85,85,85,85,85,85,85,85,85,85,85,85,85,85,85,85,85,85,85,85,85,85,85,85,85,85,85,85,85,85,85,92,92,92,92,92,92,92],"card_choices":[{"not_picked":["Turbo","Barrage"],"picked":"Sweeping Beam","floor":0},{"not_picked":["Recycle","Barrage"],"picked":"Electrodynamics","floor":1},{"not_picked":["Hologram","Compile Driver"],"picked":"Leap","floor":4},{"not_picked":["Steam","BootSequence"],"picked":"Ball Lightning","floor":5},{"not_picked":["Fission","Chill"],"picked":"Hologram","floor":6},{"not_picked":["Genetic Algorithm","Cold Snap"],"picked":"Leap","floor":10},{"not_picked":["Doom and Gloom","Barrage","Streamline"],"picked":"SKIP","floor":11},{"not_picked":["Auto Shields","Storm"],"picked":"Capacitor","floor":13},{"not_picked":["Rebound","Genetic Algorithm"],"picked":"Ball Lightning","floor":14},{"not_picked":["Gash","Hologram"],"picked":"Chaos","floor":18},{"not_picked":["Blizzard+1","Lockon","Melter"],"picked":"SKIP","floor":19},{"not_picked":["Turbo","Stack","Beam Cell"],"picked":"SKIP","floor":20},{"not_picked":["Steam+1","Redo+1"],"picked":"Capacitor+1","floor":22},{"not_picked":["Sweeping Beam+1","Beam Cell"],"picked":"White Noise+1","floor":24},{"not_picked":["Electrodynamics","Capacitor","Chill"],"picked":"Cold Snap","floor":25},{"not_picked":["Stack","Go for the Eyes","Undo"],"picked":"Redo+1","floor":28},{"not_picked":["Reprogram","Aggregate","Streamline","Cold Snap"],"picked":"SKIP","floor":31},{"not_picked":["Buffer","Electrodynamics","Seek"],"picked":"Rainbow","floor":33},{"not_picked":["Skim+1","Conserve Battery","Melter+1"],"picked":"Compile Driver+1","floor":35},{"not_picked":["Redo","FTL","Turbo"],"picked":"Compile Driver","floor":37},{"not_picked":["Gash+1","Undo","Doom and Gloom+1"],"picked":"Steam+1","floor":39},{"not_picked":["Amplify","Sweeping Beam","Steam+1"],"picked":"Chaos+1","floor":41},{"not_picked":["Steam","Capacitor","Sweeping Beam+1"],"picked":"Barrage","floor":44},{"not_picked":["Go for the Eyes","Conserve Battery+1","Cold Snap+1"],"picked":"BootSequence","floor":46}],"player_experience":298960,"relics_obtained":[{"floor":6,"key":"Mercury Hourglass"},{"floor":9,"key":"Bronze Scales"},{"floor":13,"key":"Lantern"},{"floor":24,"key":"Question Card"},{"floor":26,"key":"Bag of Marbles"},{"floor":28,"key":"Vajra"},{"floor":30,"key":"Emotion Chip"},{"floor":31,"key":"Pen Nib"},{"floor":41,"key":"Strawberry"},{"floor":43,"key":"Gremlin Horn"},{"floor":44,"key":"Ancient Tea Set"}],"event_choices":[{"event_name":"Big Fish","player_choice":"Donut","floor":2,"damage_taken":0},{"event_name":"World of Goop","player_choice":"Gather Gold","floor":3,"damage_taken":0},{"event_name":"Ghosts","player_choice":"Ignored","floor":21,"damage_taken":0},{"event_name":"Bonfire Elementals","player_choice":"COMMON","floor":27,"damage_taken":0},{"event_name":"Wheel of Change","player_choice":"Relic","floor":36,"damage_taken":0},{"event_name":"Upgrade Shrine","player_choice":"Upgraded","floor":45,"damage_taken":0}],"boss_relics":[{"not_picked":["Orrery","Fusion Hammer"],"picked":"Astrolabe"},{"not_picked":["Inserter","Lizard Tail"],"picked":"Cursed Key"}],"items_purged_floors":[8],"is_endless":false,"potions_floor_spawned":[10,11,13,19,22,24,28,35,39,44],"killed_by":"2 Orb Walkers","ascension_level":5}