{"gold_per_floor":[110,185,185,201,220,220,220,236,263,283,294,294,294,294],"floor_reached":14,"playtime":715,"items_purged":[],"score":82,"play_id":"e3a451e9-518c-439b-a3da-d2a0a7334166","local_time":"20190112103622","is_ascension_mode":false,"campfire_choices":[{"data":"Body Slam","floor":6,"key":"SMITH"},{"floor":13,"key":"REST"}],"neow_cost":"NONE","seed_source_timestamp":169597708013946,"circlet_count":0,"master_deck":["Strike_R+1","Strike_R","Strike_R+1","Defend_R","Defend_R","Defend_R","Defend_R","Bash","Body Slam+1","Shrug It Off","Regret","Dual Wield","Metallicize","Flame Barrier"],"relics":["Burning Blood","NeowsBlessing","Regal Pillow","Whetstone"],"potions_floor_usage":[],"damage_taken":[{"damage":0,"enemies":"Jaw Worm","floor":1,"turns":1},{"damage":0,"enemies":"2 Louse","floor":4,"turns":1},{"damage":0,"enemies":"Small Slimes","floor":5,"turns":1},{"damage":19,"enemies":"Exordium Wildlife","floor":8,"turns":5},{"damage":21,"enemies":"3 Louse","floor":10,"turns":5},{"damage":54,"enemies":"Gremlin Gang","floor":11,"turns":7},{"damage":0,"enemies":"Exordium Wildlife","floor":14,"turns":1}],"seed_played":"2319638839877423530","potions_obtained":[{"floor":4,"key":"FairyPotion"},{"floor":5,"key":"FearPotion"},{"floor":11,"key":"Weak Potion"}],"is_trial":false,"path_per_floor":["M","?","?","M","M","R","?","M","T","M","M","?","R","M"],"character_chosen":"IRONCLAD","items_purchased":[],"campfire_rested":1,"item_purchase_floors":[],"current_hp_per_floor":[80,69,62,68,74,74,74,61,61,46,8,8,47,47],"gold":294,"neow_bonus":"THREE_ENEMY_KILL","is_prod":false,"is_daily":false,"chose_seed":false,"campfire_upgraded":1,"win_rate":0.0,"timestamp":1547318182,"path_taken":["M","?","?","M","M","R","?","M","T","?","M","?","R","M"],"build_version":"2019-01-10","purchased_purges":0,"victory":false,"max_hp_per_floor":[80,80,80,80,80,80,80,80,80,80,80,80,80,80],"card_choices":[{"not_picked":["Clash","Sever Soul"],"picked":"Body Slam","floor":1},{"not_picked":["Anger","Blood for Blood"],"picked":"Shrug It Off","floor":4},{"not_picked":["Pommel Strike","Shockwave","Blood for Blood"],"picked":"SKIP","floor":5},{"not_picked":["Anger","Blood for Blood"],"picked":"Dual Wield","floor":8},{"not_picked":["Spot Weakness","Cleave"],"picked":"Metallicize","floor":10},{"not_picked":["Dark Embrace","Pommel Strike","Thunderclap"],"picked":"SKIP","floor":11}],"player_experience":5618,"relics_obtained":[{"floor":9,"key":"Whetstone"}],"event_choices":[{"damage_healed":0,"gold_gain":75,"player_choice":"Gather Gold","damage_taken":11,"max_hp_gain":0,"max_hp_loss":0,"event_name":"World of Goop","floor":2,"gold_loss":0},{"cards_removed":["Strike_R"],"damage_healed":0,"gold_gain":0,"player_choice":"Card Removal","damage_taken":7,"max_hp_gain":0,"max_hp_loss":0,"event_name":"Golden Wing","floor":3,"gold_loss":0},{"damage_healed":0,"gold_gain":0,"player_choice":"Box","damage_taken":0,"relics_obtained":["Regal Pillow"],"max_hp_gain":0,"max_hp_loss":0,"event_name":"Big Fish","floor":7,"gold_loss":0,"cards_obtained":["Regret"]},{"damage_healed":0,"gold_gain":0,"cards_transformed":["Strike_R"],"player_choice":"Transformed","damage_taken":0,"max_hp_gain":0,"max_hp_loss":0,"event_name":"Transmorgrifier","floor":12,"gold_loss":0,"cards_obtained":["Flame Barrier"]}],"is_beta":false,"boss_relics":[],"items_purged_floors":[],"is_endless":false,"potions_floor_spawned":[4,5,11],"killed_by":"Exordium Wildlife","ascension_level":0}