{"gold_per_floor":[363,376,376,26,38,71,71,106,106,119,119,137,137,29,29,125,125,141,141,141,157,72,100,115,148,173,196,212,231,18,52,52,52],"floor_reached":33,"playtime":1332,"items_purged":[],"score":397,"play_id":"273e6b0f-a4fe-4cae-babc-58051c8d2044","local_time":"20190227060740","is_ascension_mode":true,"campfire_choices":[{"data":"Feel No Pain","floor":7,"key":"SMITH"},{"floor":13,"key":"REST"},{"data":"Ghostly Armor","floor":15,"key":"SMITH"},{"floor":32,"key":"REST"}],"neow_cost":"CURSE","seed_source_timestamp":1123837538252269,"circlet_count":0,"master_deck":["Strike_R","Strike_R","Strike_R","Strike_R","Strike_R","Defend_R+1","Defend_R","Defend_R","Defend_R","Bash","Rampage","Feel No Pain+1","Clash","Cleave","Disarm+1","Cleave","Perfected Strike","Reaper","Havoc","Battle Trance","Anger","Seeing Red","Ghostly Armor+1","Offering","Cleave+1","Writhe","Cleave","Pommel Strike","Reckless Charge","True Grit","Heavy Blade+1","Limit Break","Flex+1","Seeing Red+1","Metamorphosis","Clash","Shrug It Off+1","Second Wind+1"],"relics":["Burning Blood","HandDrill","Dream Catcher","Ginger","Kunai","Philosopher\u0027s Stone","MutagenicStrength","Bronze Scales","Vajra","Ancient Tea Set","Orichalcum","Anchor","Prayer Wheel"],"potions_floor_usage":[2,23,23,29,31],"damage_taken":[{"damage":12,"enemies":"Jaw Worm","floor":1,"turns":4},{"damage":6,"enemies":"Cultist","floor":2,"turns":3},{"damage":4,"enemies":"Small Slimes","floor":5,"turns":3},{"damage":22,"enemies":"Gremlin Nob","floor":6,"turns":5},{"damage":26,"enemies":"3 Sentries","floor":8,"turns":6},{"damage":14,"enemies":"Blue Slaver","floor":10,"turns":3},{"damage":13,"enemies":"Exordium Wildlife","floor":12,"turns":4},{"damage":39,"enemies":"The Guardian","floor":16,"turns":12},{"damage":0,"enemies":"Chosen","floor":18,"turns":4},{"damage":20,"enemies":"Shell Parasite","floor":21,"turns":3},{"damage":22,"enemies":"Slavers","floor":23,"turns":3},{"damage":11,"enemies":"Snecko","floor":24,"turns":5},{"damage":24,"enemies":"Book of Stabbing","floor":25,"turns":6},{"damage":12,"enemies":"Snake Plant","floor":28,"turns":2},{"damage":2,"enemies":"Centurion and Healer","floor":29,"turns":6},{"damage":38,"enemies":"Slavers","floor":31,"turns":4},{"damage":70,"enemies":"Automaton","floor":33,"turns":8}],"seed_played":"-5438702161741834067","potions_obtained":[{"floor":1,"key":"SteroidPotion"},{"floor":2,"key":"Fruit Juice"},{"floor":6,"key":"Fire Potion"},{"floor":12,"key":"Block Potion"},{"floor":18,"key":"BloodPotion"},{"floor":25,"key":"FearPotion"}],"is_trial":false,"path_per_floor":["M","M","?","$","M","E","R","E","T","M","?","M","R","$","R","B",null,"M","?","?","M","$","E","M","E","T","T","M","M","$","E","R","B"],"character_chosen":"IRONCLAD","items_purchased":["HandDrill","Clash","Cleave","Disarm","Seeing Red","Ghostly Armor","Pommel Strike","Reckless Charge","Metamorphosis","Clash"],"campfire_rested":2,"item_purchase_floors":[4,4,4,4,14,14,22,22,30,30],"current_hp_per_floor":[74,79,79,79,81,65,65,45,45,37,20,21,46,46,46,19,85,85,85,85,77,77,69,64,51,51,51,45,56,56,34,59,0],"gold":52,"neow_bonus":"TWO_FIFTY_GOLD","is_prod":false,"is_daily":false,"chose_seed":false,"campfire_upgraded":2,"win_rate":0,"timestamp":1551215260,"path_taken":["M","M","?","$","?","E","R","E","T","M","?","M","R","$","R","BOSS","M","?","?","M","?","E","M","E","T","?","M","M","$","E","R","BOSS"],"build_version":"2019-01-23","purchased_purges":0,"victory":false,"max_hp_per_floor":[80,85,85,85,85,85,85,85,85,85,85,85,85,85,85,85,85,85,85,85,85,85,85,85,85,85,85,85,85,85,85,85,85],"card_choices":[{"not_picked":["Power Through","Rage"],"picked":"Rampage","floor":1},{"not_picked":["Thunderclap","Burning Pact"],"picked":"Feel No Pain","floor":2},{"not_picked":["Body Slam","Headbutt"],"picked":"Cleave","floor":5},{"not_picked":["Headbutt","Evolve"],"picked":"Perfected Strike","floor":6},{"not_picked":["Flex","Searing Blow"],"picked":"Reaper","floor":8},{"not_picked":["Combust","Searing Blow"],"picked":"Havoc","floor":10},{"not_picked":["True Grit","Warcry"],"picked":"Battle Trance","floor":12},{"not_picked":["Iron Wave","Flex"],"picked":"Anger","floor":13},{"not_picked":["Limit Break","Reaper"],"picked":"Offering","floor":16},{"not_picked":["Headbutt","Corruption+1"],"picked":"Cleave+1","floor":18},{"not_picked":["Corruption","Clash"],"picked":"Cleave","floor":21},{"not_picked":["Battle Trance","Wild Strike"],"picked":"True Grit","floor":23},{"not_picked":["Bloodletting","Reckless Charge"],"picked":"Heavy Blade+1","floor":24},{"not_picked":["Whirlwind","Fire Breathing"],"picked":"Limit Break","floor":25},{"not_picked":["Dual Wield","Sentinel"],"picked":"Flex+1","floor":28},{"not_picked":["Shrug It Off","Clash"],"picked":"Seeing Red+1","floor":29},{"not_picked":["Iron Wave","Headbutt"],"picked":"Shrug It Off+1","floor":31},{"not_picked":["Clash+1","Warcry"],"picked":"Second Wind+1","floor":32}],"player_experience":154211,"relics_obtained":[{"floor":6,"key":"Dream Catcher"},{"floor":8,"key":"Ginger"},{"floor":9,"key":"Kunai"},{"floor":23,"key":"Vajra"},{"floor":25,"key":"Ancient Tea Set"},{"floor":26,"key":"Orichalcum"},{"floor":27,"key":"Anchor"},{"floor":31,"key":"Prayer Wheel"}],"event_choices":[{"cards_removed":["Clumsy"],"damage_healed":0,"gold_gain":0,"player_choice":"Removed Curses","damage_taken":0,"max_hp_gain":0,"max_hp_loss":0,"event_name":"Fountain of Cleansing","floor":3,"gold_loss":0},{"damage_healed":0,"gold_gain":0,"player_choice":"Entered Light","damage_taken":17,"max_hp_gain":0,"max_hp_loss":0,"event_name":"Shining Light","floor":11,"gold_loss":0,"cards_upgraded":["Disarm","Defend_R"]},{"damage_healed":0,"gold_gain":0,"player_choice":"Inject Mutagens","damage_taken":0,"relics_obtained":["MutagenicStrength"],"max_hp_gain":0,"max_hp_loss":0,"event_name":"Drug Dealer","floor":19,"gold_loss":0},{"damage_healed":0,"gold_gain":0,"player_choice":"Opened","damage_taken":0,"relics_obtained":["Bronze Scales"],"max_hp_gain":0,"max_hp_loss":0,"event_name":"The Mausoleum","floor":20,"gold_loss":0,"cards_obtained":["Writhe"]}],"is_beta":false,"boss_relics":[{"not_picked":["Cursed Key","Pandora\u0027s Box"],"picked":"Philosopher\u0027s Stone"}],"items_purged_floors":[],"is_endless":false,"potions_floor_spawned":[1,2,6,12,18,21,25],"killed_by":"Automaton","ascension_level":2}