{"path_per_floor":["M","$","M","?","?","E","M","$","T","M","$","M","M","$","R","B",null,"M","M","?"],"character_chosen":"DEFECT","items_purchased":["Madness","Leap","Ball Lightning"],"gold_per_floor":[119,12,31,31,31,60,73,26,26,43,43,60,70,17,17,113,113,132,145,145,145],"floor_reached":21,"campfire_rested":0,"playtime":518,"item_purchase_floors":[2,8,14],"current_hp_per_floor":[75,75,75,75,75,75,75,75,85,74,74,63,57,62,62,15,90,69,25,25,0],"items_purged":[],"gold":145,"score":272,"play_id":"812a2b01-c8c7-45ab-a4b9-f1df64f44278","local_time":"20180529040743","is_prod":false,"is_daily":false,"chose_seed":false,"is_ascension_mode":true,"campfire_upgraded":1,"win_rate":0,"timestamp":1527523663,"campfire_choices":[{"data":"Tempest","floor":15,"key":"SMITH"}],"path_taken":["M","$","M","?","?","E","M","$","T","?","$","M","M","?","R","BOSS","M","M","?","M"],"build_version":"2018-05-27","seed_source_timestamp":18449541218483,"purchased_purges":0,"victory":false,"master_deck":["Strike_B","Strike_B","Strike_B","Strike_B","Defend_B","Defend_B","Defend_B","Defend_B","Zap+1","Dualcast","Ball Lightning","Madness","Tempest+1","Regret","Hologram","Heatsinks","Leap","Auto Shields","Defragment","Thunder Strike","Ball Lightning","Electrodynamics","Steam","Redo","Ball Lightning","Beam Cell","Capacitor","Loop","Tempest+1"],"max_hp_per_floor":[75,75,75,75,75,75,75,75,85,85,85,85,85,90,90,90,90,90,90,90,90],"relics":["Cracked Core","NeowsBlessing","Ornamental Fan","Dead Branch","Pear","Orrery"],"card_choices":[{"not_picked":["Beam Cell","Coolheaded"],"picked":"Ball Lightning","floor":1},{"not_picked":["Barrage","Sweeping Beam"],"picked":"Tempest","floor":3},{"not_picked":["Rip and Tear","Consume"],"picked":"Hologram","floor":6},{"not_picked":["Double Energy","Turbo"],"picked":"Heatsinks","floor":7},{"not_picked":["BootSequence","Sunder"],"picked":"Auto Shields","floor":10},{"not_picked":["Self Repair","Ball Lightning"],"picked":"Defragment","floor":12},{"not_picked":["Turbo","Rebound"],"picked":"Thunder Strike","floor":13},{"not_picked":["Core Surge","Buffer"],"picked":"Electrodynamics","floor":16},{"not_picked":["Genetic Algorithm","Doom and Gloom"],"picked":"Steam","floor":17},{"not_picked":["Double Energy","Darkness"],"picked":"Redo","floor":17},{"not_picked":["Genetic Algorithm","Hello World"],"picked":"Ball Lightning","floor":17},{"not_picked":["Streamline","Coolheaded"],"picked":"Beam Cell","floor":17},{"not_picked":["Auto Shields","Ball Lightning"],"picked":"Capacitor","floor":17},{"not_picked":["Streamline","Undo","Rebound"],"picked":"SKIP","floor":18},{"not_picked":["Barrage","Hologram+1"],"picked":"Loop","floor":19}],"player_experience":295754,"potions_floor_usage":[14,16,21,21],"damage_taken":[{"damage":0,"enemies":"Small Slimes","floor":1,"turns":1},{"damage":0,"enemies":"Jaw Worm","floor":3,"turns":1},{"damage":0,"enemies":"Gremlin Nob","floor":6,"turns":1},{"damage":0,"enemies":"Cultist","floor":7,"turns":3},{"damage":11,"enemies":"Blue Slaver","floor":10,"turns":3},{"damage":11,"enemies":"Gremlin Gang","floor":12,"turns":3},{"damage":6,"enemies":"3 Louse","floor":13,"turns":4},{"damage":47,"enemies":"Hexaghost","floor":16,"turns":9},{"damage":21,"enemies":"Chosen","floor":18,"turns":4},{"damage":44,"enemies":"2 Thieves","floor":19,"turns":3},{"damage":27,"enemies":"3 Cultists","floor":21,"turns":3}],"relics_obtained":[{"floor":6,"key":"Dead Branch"},{"floor":9,"key":"Pear"}],"event_choices":[{"event_name":"Living Wall","player_choice":"Grow","floor":4,"damage_taken":0},{"event_name":"Big Fish","player_choice":"Box","floor":5,"damage_taken":0},{"event_name":"Duplicator","player_choice":"One dupe","floor":20,"damage_taken":0}],"boss_relics":[{"not_picked":["Philosopher\u0027s Stone","Runic Pyramid"],"picked":"Orrery"}],"items_purged_floors":[],"potions_floor_spawned":[6,13,18,19],"seed_played":"3018157997138828607","killed_by":"3 Cultists","ascension_level":4,"potions_obtained":[{"floor":6,"key":"Dexterity Potion"},{"floor":13,"key":"Fruit Juice"},{"floor":18,"key":"Fire Potion"},{"floor":19,"key":"FocusPotion"}],"is_trial":false}