{"gold_per_floor":[116,126,137,147,158,158,176,126,180,208,251,278,290,320,332,344],"floor_reached":16,"playtime":1956,"items_purged":[],"score":108,"play_id":"dc1a556b-a9c2-4524-9c30-76e82a873a51","local_time":"20190113074929","is_ascension_mode":false,"campfire_choices":[{"data":"True Grit","floor":6,"key":"SMITH"},{"data":"Inflame","floor":15,"key":"SMITH"}],"neow_cost":"NONE","seed_source_timestamp":202612907870478,"circlet_count":0,"master_deck":["Strike_R","Strike_R","Strike_R","Defend_R","Defend_R","Defend_R","Defend_R","Bash","Burning Pact","Pummel","Pommel Strike","Shrug It Off","Warcry","True Grit+1","Metallicize","Dark Embrace","Pommel Strike","Regret","Inflame+1"],"relics":["Burning Blood","MawBank","Strawberry","Letter Opener"],"potions_floor_usage":[11,12],"damage_taken":[{"damage":5,"enemies":"Small Slimes","floor":1,"turns":5},{"damage":17,"enemies":"Jaw Worm","floor":2,"turns":5},{"damage":5,"enemies":"2 Louse","floor":3,"turns":3},{"damage":5,"enemies":"2 Fungi Beasts","floor":4,"turns":4},{"damage":19,"enemies":"Exordium Thugs","floor":5,"turns":7},{"damage":10,"enemies":"Looter","floor":7,"turns":4},{"damage":1,"enemies":"Large Slime","floor":10,"turns":6},{"damage":25,"enemies":"Lagavulin","floor":11,"turns":8},{"damage":7,"enemies":"Blue Slaver","floor":12,"turns":8},{"damage":11,"enemies":"3 Louse","floor":14,"turns":7},{"damage":26,"enemies":"Slime Boss","floor":16,"turns":5}],"seed_played":"-873304367495720074","potions_obtained":[{"floor":3,"key":"LiquidBronze"},{"floor":4,"key":"PowerPotion"},{"floor":7,"key":"AttackPotion"},{"floor":11,"key":"BloodPotion"},{"floor":12,"key":"Poison Potion"}],"is_trial":false,"path_per_floor":["M","M","M","M","M","R","M","?","T","M","E","M","?","M","R","B"],"character_chosen":"IRONCLAD","items_purchased":[],"campfire_rested":0,"item_purchase_floors":[],"current_hp_per_floor":[80,69,70,71,58,58,54,54,54,59,47,54,54,49,49,23],"gold":344,"neow_bonus":"TRANSFORM_CARD","is_prod":false,"is_daily":false,"chose_seed":false,"campfire_upgraded":2,"win_rate":0,"timestamp":1547394569,"path_taken":["M","M","M","M","M","R","M","?","T","M","E","M","?","M","R","BOSS"],"build_version":"2019-01-10","purchased_purges":0,"victory":false,"max_hp_per_floor":[80,80,80,80,80,80,80,80,80,80,87,87,87,87,87,87],"card_choices":[{"not_picked":["Twin Strike","Heavy Blade"],"picked":"Pummel","floor":1},{"not_picked":["Perfected Strike","Headbutt"],"picked":"Pommel Strike","floor":2},{"not_picked":["Clothesline","Seeing Red"],"picked":"Shrug It Off","floor":3},{"not_picked":["Blood for Blood","Sever Soul"],"picked":"Warcry","floor":4},{"not_picked":["Anger","Flex"],"picked":"True Grit","floor":5},{"not_picked":["Wild Strike","Intimidate","Anger"],"picked":"SKIP","floor":7},{"not_picked":["Blood for Blood","Perfected Strike"],"picked":"Metallicize","floor":10},{"not_picked":["Thunderclap","Headbutt"],"picked":"Dark Embrace","floor":11},{"not_picked":["Warcry","Perfected Strike"],"picked":"Pommel Strike","floor":12},{"not_picked":["Cleave","Pommel Strike"],"picked":"Inflame","floor":14}],"player_experience":36720,"relics_obtained":[{"floor":9,"key":"MawBank"},{"floor":11,"key":"Strawberry"}],"event_choices":[{"cards_removed":["Strike_R"],"damage_healed":0,"gold_gain":0,"player_choice":"Card Removal","damage_taken":0,"max_hp_gain":0,"max_hp_loss":0,"event_name":"The Cleric","floor":8,"gold_loss":50},{"damage_healed":0,"gold_gain":0,"player_choice":"Box","damage_taken":0,"relics_obtained":["Letter Opener"],"max_hp_gain":0,"max_hp_loss":0,"event_name":"Big Fish","floor":13,"gold_loss":0,"cards_obtained":["Regret"]}],"is_beta":false,"boss_relics":[],"items_purged_floors":[],"is_endless":false,"potions_floor_spawned":[3,4,7,11,12,14],"killed_by":"Slime Boss","ascension_level":0}