{"gold_per_floor":[117,131,149,169,169,169,202,202,202,202,60,60,12,22,22,119,119,132,132,0,0,11,42,292,292,318,318,349,365,376,392,392,497,497,514,243,263,274,274,274,274],"floor_reached":41,"playtime":1408,"items_purged":[],"score":564,"play_id":"b10613bf-a5b4-45bc-aaa9-0d94f99efb32","local_time":"20180712031127","is_ascension_mode":true,"campfire_choices":[{"floor":6,"key":"REST"},{"floor":8,"key":"REST"},{"data":"Seek","floor":10,"key":"SMITH"},{"data":"Zap","floor":12,"key":"SMITH"},{"data":"Defragment","floor":15,"key":"SMITH"},{"data":"Coolheaded","floor":25,"key":"SMITH"},{"floor":32,"key":"REST"}],"neow_cost":"FIFTY_PERCENT_DAMAGE","seed_source_timestamp":4326128997442,"circlet_count":0,"master_deck":["Strike_B+1","Strike_B+1","Strike_B+1","Strike_B+1","Defend_B+1","Defend_B+1","Defend_B+1","Defend_B+1","Zap+1","Dualcast","Seek+1","Sunder","Auto Shields","Coolheaded","Go for the Eyes","Compile Driver","Defragment+1","Ball Lightning","Coolheaded+1","Hologram","Hologram","Echo Form","Gash","Conserve Battery+1","Beam Cell","Regret","Rebound","Melter+1","Glacier","Force Field+1","Electrodynamics","Coolheaded+1","Thinking Ahead","Streamline","Stack","Streamline+1","Defragment+1","Madness","Madness"],"relics":["Cracked Core","NlothsMask","Du-Vu Doll","Sozu","Turnip","Regal Pillow","Pear","Bottled Lightning","Velvet Choker"],"potions_floor_usage":[7,16,33],"damage_taken":[{"damage":1,"enemies":"Cultist","floor":1,"turns":3},{"damage":7,"enemies":"Small Slimes","floor":2,"turns":2},{"damage":12,"enemies":"Jaw Worm","floor":3,"turns":2},{"damage":0,"enemies":"Large Slime","floor":4,"turns":4},{"damage":19,"enemies":"Lagavulin","floor":7,"turns":5},{"damage":0,"enemies":"Exordium Wildlife","floor":14,"turns":1},{"damage":13,"enemies":"Hexaghost","floor":16,"turns":10},{"damage":0,"enemies":"Chosen","floor":18,"turns":4},{"damage":5,"enemies":"Shell Parasite","floor":22,"turns":6},{"damage":5,"enemies":"Gremlin Leader","floor":23,"turns":6},{"damage":8,"enemies":"Book of Stabbing","floor":28,"turns":6},{"damage":24,"enemies":"Snake Plant","floor":29,"turns":5},{"damage":24,"enemies":"Cultist and Chosen","floor":30,"turns":5},{"damage":0,"enemies":"Sentry and Sphere","floor":31,"turns":3},{"damage":18,"enemies":"Collector","floor":33,"turns":10},{"damage":14,"enemies":"3 Shapes","floor":35,"turns":2},{"damage":0,"enemies":"Orb Walker","floor":37,"turns":3},{"damage":23,"enemies":"3 Darklings","floor":38,"turns":2},{"damage":35,"enemies":"Giant Head","floor":41,"turns":8}],"seed_played":"-7326509856624010834","potions_obtained":[{"floor":1,"key":"PowerPotion"},{"floor":3,"key":"Ancient Potion"},{"floor":14,"key":"Poison Potion"}],"is_trial":false,"path_per_floor":["M","M","M","M","?","R","E","R","T","R","$","R","$","M","R","B",null,"M","?","?","?","M","E","?","R","T","T","E","M","M","M","R","B",null,"M","$","M","M","?","?"],"character_chosen":"DEFECT","items_purchased":["Defragment","Ball Lightning","Coolheaded","Hologram","Thinking Ahead","Streamline","Stack"],"campfire_rested":3,"item_purchase_floors":[11,11,11,13,36,36,36],"current_hp_per_floor":[37,30,18,18,18,40,21,43,43,43,43,43,43,43,43,30,64,64,64,64,64,59,54,54,54,54,64,56,32,8,8,48,30,71,57,57,57,34,34,23,0],"gold":274,"neow_bonus":"THREE_RARE_CARDS","is_prod":false,"is_daily":false,"chose_seed":false,"campfire_upgraded":4,"win_rate":0,"timestamp":1531321887,"path_taken":["M","?","M","?","?","R","E","R","T","R","$","R","$","M","R","BOSS","M","?","?","?","M","E","?","R","T","?","E","?","?","M","R","BOSS","M","?","M","M","?","?","E"],"build_version":"2018-07-05","purchased_purges":0,"victory":false,"max_hp_per_floor":[75,75,75,75,75,75,75,75,75,75,75,75,75,75,75,75,75,75,75,75,75,75,75,75,75,75,85,85,85,85,85,85,85,85,85,85,85,85,85,85,85],"card_choices":[{"not_picked":["Core Surge","Amplify"],"picked":"Seek","floor":0},{"not_picked":["Heatsinks","Aggregate"],"picked":"Sunder","floor":1},{"not_picked":["Fusion","Redo"],"picked":"Auto Shields","floor":2},{"not_picked":["Barrage","Beam Cell"],"picked":"Coolheaded","floor":3},{"not_picked":["Beam Cell","Leap"],"picked":"Go for the Eyes","floor":4},{"not_picked":["Coolheaded","Turbo"],"picked":"Compile Driver","floor":7},{"not_picked":["Reinforced Body","Recycle"],"picked":"Hologram","floor":14},{"not_picked":["Buffer","Amplify"],"picked":"Echo Form","floor":16},{"not_picked":["Beam Cell","Barrage+1"],"picked":"Gash","floor":18},{"not_picked":["Recycle","Cold Snap"],"picked":"Conserve Battery+1","floor":22},{"not_picked":["Consume","Blizzard"],"picked":"Beam Cell","floor":23},{"not_picked":["Storm+1","Beam Cell+1"],"picked":"Rebound","floor":28},{"not_picked":["Double Energy","Stack"],"picked":"Melter+1","floor":29},{"not_picked":["Hologram","Steam"],"picked":"Glacier","floor":30},{"not_picked":["Sweeping Beam","Beam Cell"],"picked":"Force Field+1","floor":31},{"not_picked":["Meteor Strike","Core Surge"],"picked":"Electrodynamics","floor":33},{"not_picked":["Streamline","Aggregate+1"],"picked":"Coolheaded+1","floor":35},{"not_picked":["Doom and Gloom","Hello World+1"],"picked":"Streamline+1","floor":37},{"not_picked":["Go for the Eyes","Steam Power+1"],"picked":"Defragment+1","floor":38}],"player_experience":286223,"relics_obtained":[{"floor":7,"key":"Du-Vu Doll"},{"floor":23,"key":"Turnip"},{"floor":26,"key":"Regal Pillow"},{"floor":27,"key":"Pear"},{"floor":28,"key":"Bottled Lightning"}],"event_choices":[{"event_name":"FaceTrader","player_choice":"Trade","floor":5,"damage_taken":0},{"event_name":"Back to Basics","player_choice":"Simplicity","floor":19,"damage_taken":0},{"event_name":"Masked Bandits","player_choice":"Paid Bandits 132 gold","floor":20,"damage_taken":0},{"event_name":"Addict","player_choice":"Ignored","floor":21,"damage_taken":0},{"event_name":"Golden Shrine","player_choice":"Desecrate","floor":24,"damage_taken":0},{"event_name":"SecretPortal","player_choice":"Rejected Portal.","floor":39,"damage_taken":0},{"event_name":"Winding Halls","player_choice":"Embrace Madness","floor":40,"damage_taken":0}],"boss_relics":[{"not_picked":["Eternal Feather","Empty Cage"],"picked":"Sozu"},{"not_picked":["White Beast Statue","Snecko Eye"],"picked":"Velvet Choker"}],"items_purged_floors":[],"is_endless":false,"potions_floor_spawned":[1,3,14,22,28,29,30,31,35,37],"killed_by":"Giant Head","ascension_level":5}