{"gold_per_floor":[116,116,126,139,139,168,168,168,168,188,188,219,219,233,233,328,328,352,352,272,187,219,231,270,298,310,12,12,41,41,52,52,128,128,142,242,242,0,20,20,55,55,55,85,96,96,149,149,149,149],"floor_reached":50,"playtime":3719,"items_purged":["Strike_B"],"score":989,"play_id":"10d09d6f-d0b2-406d-8480-a6d661213101","local_time":"20190302134955","is_ascension_mode":true,"campfire_choices":[{"data":"Dualcast","floor":7.0,"key":"SMITH"},{"data":"Sweeping Beam","floor":11.0,"key":"SMITH"},{"data":"Beam Cell","floor":13.0,"key":"SMITH"},{"floor":15.0,"key":"REST"},{"data":"Hyperbeam","floor":23.0,"key":"SMITH"},{"data":"Echo Form","floor":30.0,"key":"SMITH"},{"data":"Go for the Eyes","floor":32.0,"key":"SMITH"},{"data":"Scrape","floor":40.0,"key":"SMITH"},{"floor":42.0,"key":"REST"},{"data":"Gash","floor":46.0,"key":"SMITH"},{"floor":49,"key":"REST"}],"neow_cost":"NONE","seed_source_timestamp":38629196086797,"circlet_count":0,"master_deck":["AscendersBane","Strike_B+1","Strike_B+1","Strike_B+1","Defend_B+1","Defend_B+1","Defend_B+1","Defend_B+1","Zap+1","Dualcast+1","Gash","Sweeping Beam+1","Gash","Coolheaded+1","Beam Cell+1","Hyperbeam+1","Hologram+1","Fission+1","Hologram+1","Hologram+1","Genetic Algorithm+1","Gash+1","Scrape+1","Go for the Eyes+1","Bandage Up+1","Echo Form+1","Turbo+1","All For One","Hologram+1","BootSequence+1"],"special_seed":0,"relics":["Cracked Core","Omamori","Toxic Egg 2","Dream Catcher","Bloody Idol","The Courier","Question Card","Cursed Key","MawBank","Singing Bowl","Pen Nib","FossilizedHelix","Busted Crown","Incense Burner","Red Mask","Symbiotic Virus","Du-Vu Doll","Turnip"],"potions_floor_usage":[50],"damage_taken":[{"damage":0.0,"enemies":"Small Slimes","floor":1.0,"turns":2.0},{"damage":7.0,"enemies":"Jaw Worm","floor":3.0,"turns":4.0},{"damage":3.0,"enemies":"2 Louse","floor":4.0,"turns":3.0},{"damage":30.0,"enemies":"Lagavulin","floor":6.0,"turns":6.0},{"damage":0.0,"enemies":"Large Slime","floor":10.0,"turns":4.0},{"damage":15.0,"enemies":"3 Sentries","floor":12.0,"turns":6.0},{"damage":7.0,"enemies":"Exordium Wildlife","floor":14.0,"turns":2.0},{"damage":25.0,"enemies":"The Guardian","floor":16.0,"turns":11.0},{"damage":0.0,"enemies":"Spheric Guardian","floor":18.0,"turns":2.0},{"damage":14.0,"enemies":"2 Thieves","floor":22.0,"turns":3.0},{"damage":12.0,"enemies":"Slavers","floor":24.0,"turns":3.0},{"damage":2.0,"enemies":"Chosen and Byrds","floor":25.0,"turns":4.0},{"damage":22.0,"enemies":"Book of Stabbing","floor":29.0,"turns":4.0},{"damage":0.0,"enemies":"Snake Plant","floor":31.0,"turns":3.0},{"damage":25.0,"enemies":"Collector","floor":33.0,"turns":10.0},{"damage":6.0,"enemies":"3 Shapes","floor":35.0,"turns":4.0},{"damage":10.0,"enemies":"Mind Bloom Boss Battle","floor":36.0,"turns":9.0},{"damage":7.0,"enemies":"3 Darklings","floor":39.0,"turns":3.0},{"damage":41.0,"enemies":"Reptomancer","floor":41.0,"turns":7.0},{"damage":28.0,"enemies":"Giant Head","floor":44.0,"turns":7.0},{"damage":0.0,"enemies":"Maw","floor":45.0,"turns":6.0},{"damage":0.0,"enemies":"2 Orb Walkers","floor":47.0,"turns":4.0},{"damage":110,"enemies":"Time Eater","floor":50,"turns":10}],"seed_played":"7898808538444548316","potions_obtained":[{"floor":1.0,"key":"Strength Potion"},{"floor":3.0,"key":"SpeedPotion"},{"floor":12.0,"key":"PowerPotion"},{"floor":16.0,"key":"Strength Potion"},{"floor":18.0,"key":"Block Potion"},{"floor":24.0,"key":"Strength Potion"},{"floor":31.0,"key":"Block Potion"},{"floor":36.0,"key":"Regen Potion"},{"floor":41.0,"key":"Dexterity Potion"}],"is_trial":false,"path_per_floor":["M","?","M","M","?","E","R","?","T","M","R","E","R","M","R","B",null,"M","?","$","?","M","R","E","M","T","$","?","E","R","M","R","B",null,"M","?","?","?","M","R","E","R","T","E","M","R","?","T","R","B"],"character_chosen":"DEFECT","items_purchased":["Hologram+1","Gash","Scrape","Go for the Eyes","Bandage Up+1","Pen Nib"],"campfire_rested":3,"item_purchase_floors":[20,27,27,27,27,27],"current_hp_per_floor":[68,68,61,58,58,28,28,28,28,28,28,13,13,6,28,3,57,57,57,57,57,58,63,61,71,76,77,77,66,66,77,77,63,74,77,79,81,81,81,81,61,87,87,64,77,77,84,84,93,0],"gold":149,"neow_bonus":"RANDOM_COMMON_RELIC","is_prod":false,"is_daily":false,"chose_seed":false,"campfire_upgraded":8,"win_rate":0,"timestamp":1551530995,"path_taken":["M","?","M","M","?","E","R","?","T","M","R","E","R","M","R","BOSS","M","?","$","?","M","R","E","M","T","$","?","E","R","M","R","BOSS","M","?","?","?","?","R","E","R","T","E","M","R","?","?","R","BOSS"],"build_version":"2019-01-23","purchased_purges":1,"victory":false,"max_hp_per_floor":[75,75,75,75,75,75,75,75,75,75,75,75,75,75,75,75,75,75,75,75,75,75,75,75,77,77,77,77,77,77,77,77,77,77,77,79,81,81,83,83,85,87,87,87,89,89,91,91,93,93],"card_choices":[{"not_picked":["Undo","Hologram"],"picked":"Gash","floor":1.0},{"not_picked":["Turbo+1","Cold Snap"],"picked":"Sweeping Beam","floor":3.0},{"not_picked":["Cold Snap","Ball Lightning"],"picked":"Gash","floor":4.0},{"not_picked":["Barrage","Turbo+1"],"picked":"Coolheaded+1","floor":6.0},{"not_picked":["Coolheaded+1","Hello World","Ball Lightning"],"picked":"SKIP","floor":10.0},{"not_picked":["Blizzard","Sweeping Beam"],"picked":"Beam Cell","floor":12.0},{"not_picked":["Redo+1","Beam Cell","Consume+1"],"picked":"Hyperbeam","floor":14.0},{"not_picked":["Cold Snap","Redo+1","Go for the Eyes"],"picked":"Hologram+1","floor":15.0},{"not_picked":["Electrodynamics","Meteor Strike","Thunder Strike"],"picked":"Fission+1","floor":16.0},{"not_picked":["Barrage","Heatsinks","Sweeping Beam"],"picked":"Hologram+1","floor":18.0},{"not_picked":["Heatsinks","Streamline","Leap+1","Defragment"],"picked":"SKIP","floor":22.0},{"not_picked":["Coolheaded+1","Glacier+1","Compile Driver"],"picked":"Genetic Algorithm+1","floor":24.0},{"not_picked":["Genetic Algorithm+1","Skim+1","Stack+1","Undo+1"],"picked":"Singing Bowl","floor":25.0},{"not_picked":["Redo+1","Sweeping Beam","Streamline"],"picked":"Echo Form","floor":29.0},{"not_picked":["Compile Driver","Genetic Algorithm+1","Steam+1"],"picked":"Turbo+1","floor":31.0},{"not_picked":["Fission+1","Creative AI","Seek+1"],"picked":"All For One","floor":33.0},{"not_picked":["Sweeping Beam"],"picked":"Hologram+1","floor":35.0},{"not_picked":["Streamline","Loop+1"],"picked":"Singing Bowl","floor":36.0},{"not_picked":["Dramatic Entrance","Jack Of All Trades+1"],"picked":"Singing Bowl","floor":37.0},{"not_picked":["Leap+1","Cold Snap"],"picked":"Singing Bowl","floor":39.0},{"not_picked":["Beam Cell","Leap+1"],"picked":"Singing Bowl","floor":41.0},{"not_picked":["Steam+1","Skim+1"],"picked":"Singing Bowl","floor":42.0},{"not_picked":["Storm+1"],"picked":"BootSequence+1","floor":44.0},{"not_picked":["Beam Cell","Coolheaded+1"],"picked":"Singing Bowl","floor":45.0},{"not_picked":["Undo+1","Lockon"],"picked":"Singing Bowl","floor":47.0},{"not_picked":["Stack+1","Redo+1"],"picked":"Singing Bowl","floor":49}],"player_experience":705408,"relics_obtained":[{"floor":6.0,"key":"Dream Catcher"},{"floor":9.0,"key":"The Courier"},{"floor":12.0,"key":"Question Card"},{"floor":24.0,"key":"Singing Bowl"},{"floor":29.0,"key":"FossilizedHelix"},{"floor":36.0,"key":"Incense Burner"},{"floor":41.0,"key":"Symbiotic Virus"},{"floor":44.0,"key":"Du-Vu Doll"},{"floor":47.0,"key":"Turnip"}],"event_choices":[{"damage_healed":0.0,"max_hp_gain":0.0,"max_hp_loss":0.0,"gold_gain":0.0,"event_name":"Big Fish","player_choice":"Box","floor":2.0,"gold_loss":0.0,"damage_taken":0.0,"relics_obtained":["Toxic Egg 2"],"cards_obtained":["Regret"]},{"damage_healed":0.0,"max_hp_gain":0.0,"max_hp_loss":0.0,"gold_gain":0.0,"event_name":"Living Wall","player_choice":"Grow","floor":5.0,"gold_loss":0.0,"damage_taken":0.0,"cards_upgraded":["Zap"]},{"damage_healed":0.0,"max_hp_gain":0.0,"max_hp_loss":0.0,"gold_gain":0.0,"event_name":"Golden Idol","player_choice":"Take Wound","floor":8.0,"gold_loss":0.0,"damage_taken":0.0,"relics_obtained":["Golden Idol"],"cards_obtained":["Injury"]},{"damage_healed":0.0,"max_hp_gain":0.0,"max_hp_loss":0.0,"gold_gain":0.0,"event_name":"Forgotten Altar","player_choice":"Gave Idol","floor":19.0,"relics_lost":["Golden Idol"],"gold_loss":0.0,"damage_taken":0.0,"relics_obtained":["Bloody Idol"]},{"damage_healed":0.0,"max_hp_gain":0.0,"max_hp_loss":0.0,"gold_gain":0.0,"event_name":"Addict","player_choice":"Obtained Relic","floor":21.0,"gold_loss":85.0,"damage_taken":0.0,"relics_obtained":["MawBank"]},{"damage_healed":0.0,"max_hp_gain":0.0,"max_hp_loss":0.0,"gold_gain":0.0,"event_name":"Back to Basics","player_choice":"Simplicity","floor":28.0,"gold_loss":0.0,"damage_taken":0.0,"cards_upgraded":["Strike_B","Strike_B","Strike_B","Defend_B","Defend_B","Defend_B","Defend_B"]},{"damage_healed":0.0,"max_hp_gain":0.0,"max_hp_loss":0.0,"gold_gain":0.0,"event_name":"MindBloom","player_choice":"Fight","floor":36.0,"gold_loss":0.0,"damage_taken":0.0},{"damage_healed":0.0,"max_hp_gain":0.0,"max_hp_loss":0.0,"gold_gain":0.0,"event_name":"SensoryStone","player_choice":"Memory 1","floor":37.0,"gold_loss":0.0,"damage_taken":0.0},{"damage_healed":0.0,"max_hp_gain":0.0,"max_hp_loss":0.0,"gold_gain":0.0,"event_name":"Tomb of Lord Red Mask","player_choice":"Paid","floor":38.0,"gold_loss":242.0,"damage_taken":0.0,"relics_obtained":["Red Mask"]},{"damage_healed":0.0,"max_hp_gain":0.0,"max_hp_loss":0.0,"gold_gain":0.0,"event_name":"Mysterious Sphere","player_choice":"Fight","floor":47.0,"gold_loss":0.0,"damage_taken":0.0}],"is_beta":false,"boss_relics":[{"not_picked":["Ectoplasm","Tiny House"],"picked":"Cursed Key"},{"not_picked":["Coffee Dripper","Runic Dome"],"picked":"Busted Crown"}],"items_purged_floors":[20],"is_endless":false,"potions_floor_spawned":[1,3,12,16,18,24,31,36,41],"killed_by":"Time Eater","ascension_level":13}