{"gold_per_floor":[17,17,17,17,17,17,17,17,44,44,61,79,110,129,129,207,207,220,14,14,31,31,31,62,73,96,96,116,166,186,101,101,178,178,197,197,216,216,235,235,253,253,278,278,296,101,131,31,31,31],"floor_reached":51,"playtime":3897,"items_purged":["Strike_B","Strike_B"],"score":1150,"play_id":"69954762-751d-44a1-9d4a-5368c6328607","local_time":"20190216184110","is_ascension_mode":true,"campfire_choices":[{"data":"Go for the Eyes","floor":6.0,"key":"SMITH"},{"data":"Zap","floor":8.0,"key":"SMITH"},{"floor":10.0,"key":"REST"},{"data":"Defragment","floor":15.0,"key":"SMITH"},{"floor":23.0,"key":"REST"},{"data":"Turbo","floor":27.0,"key":"SMITH"},{"floor":32,"key":"REST"},{"data":"Hologram","floor":40,"key":"SMITH"},{"data":"Hologram","floor":42,"key":"SMITH"},{"floor":44,"key":"REST"},{"data":"Biased Cognition","floor":49,"key":"SMITH"}],"neow_cost":"NO_GOLD","seed_source_timestamp":0,"circlet_count":0,"master_deck":["AscendersBane","Strike_B","Defend_B","Defend_B","Defend_B","Defend_B+1","Zap+1","Dualcast","Core Surge+1","Go for the Eyes+1","Hologram+1","Cold Snap","Defragment+1","Creative AI","Reprogram","Defragment+1","Coolheaded","Amplify","Turbo+1","Barrage","Conserve Battery","Biased Cognition+1","Electrodynamics","Hologram+1","Undo+1","Hologram+1","Cold Snap"],"special_seed":0,"relics":["Cracked Core","Vajra","Regal Pillow","Ginger","Inserter","Nunchaku","Bag of Preparation","Orichalcum","Dream Catcher","Nuclear Battery","Boot","Centennial Puzzle","Du-Vu Doll"],"potions_floor_usage":[35,35,50],"damage_taken":[{"damage":7.0,"enemies":"Jaw Worm","floor":1.0,"turns":3.0},{"damage":0.0,"enemies":"Small Slimes","floor":11.0,"turns":2.0},{"damage":4.0,"enemies":"Cultist","floor":12.0,"turns":3.0},{"damage":13.0,"enemies":"Lagavulin","floor":13.0,"turns":5.0},{"damage":1.0,"enemies":"3 Louse","floor":14.0,"turns":3.0},{"damage":4.0,"enemies":"Slime Boss","floor":16.0,"turns":6.0},{"damage":12.0,"enemies":"Spheric Guardian","floor":18.0,"turns":4.0},{"damage":38.0,"enemies":"3 Byrds","floor":21.0,"turns":5.0},{"damage":10.0,"enemies":"Book of Stabbing","floor":24.0,"turns":8.0},{"damage":10.0,"enemies":"Centurion and Healer","floor":25.0,"turns":8.0},{"damage":8,"enemies":"Snake Plant","floor":28,"turns":5},{"damage":2,"enemies":"Snecko","floor":30,"turns":5},{"damage":10,"enemies":"Champ","floor":33,"turns":12},{"damage":1,"enemies":"3 Darklings","floor":35,"turns":3},{"damage":0,"enemies":"Orb Walker","floor":37,"turns":3},{"damage":17,"enemies":"Sphere and 2 Shapes","floor":39,"turns":5},{"damage":19,"enemies":"3 Darklings","floor":41,"turns":3},{"damage":0,"enemies":"Spire Growth","floor":45,"turns":5},{"damage":3,"enemies":"Nemesis","floor":47,"turns":8},{"damage":11,"enemies":"Donu and Deca","floor":50,"turns":9}],"seed_played":"-9184998877193970747","potions_obtained":[{"floor":11.0,"key":"Block Potion"},{"floor":12.0,"key":"GamblersBrew"},{"floor":13.0,"key":"SteroidPotion"},{"floor":21.0,"key":"SpeedPotion"},{"floor":25.0,"key":"Poison Potion"},{"floor":30,"key":"Block Potion"},{"floor":33,"key":"SteroidPotion"},{"floor":37,"key":"GamblersBrew"},{"floor":47,"key":"Ancient Potion"}],"is_trial":false,"path_per_floor":["M","?","?","?","?","R","?","R","T","R","M","M","E","M","R","B",null,"M","$","?","M","?","R","E","M","T","R","M","?","M","?","R","B",null,"M","?","M","?","M","R","M","R","T","R","M","$","E","$","R","B",null],"character_chosen":"DEFECT","items_purchased":["Defragment","PowerPotion","Cold Snap","Centennial Puzzle"],"campfire_rested":4,"item_purchase_floors":[19,19,46,46],"current_hp_per_floor":[57,57,52,57,34,34,27,27,27,64,64,60,47,46,46,42,68,56,56,56,18,18,55,45,35,35,35,27,20,18,18,55,45,68,67,67,67,67,50,50,31,31,31,68,68,68,65,65,65,54],"gold":31,"neow_bonus":"THREE_RARE_CARDS","is_prod":false,"is_daily":false,"chose_seed":false,"campfire_upgraded":7,"win_rate":0,"timestamp":1550295670,"path_taken":["M","?","?","?","?","R","?","R","T","R","M","M","E","M","R","BOSS","M","$","?","?","?","R","E","M","T","R","M","?","?","?","R","BOSS","M","?","?","?","?","R","?","R","T","R","M","$","E","$","R","BOSS"],"build_version":"2019-01-23","purchased_purges":2,"victory":true,"max_hp_per_floor":[71,71,71,76,76,76,76,76,76,76,76,76,76,76,76,76,76,76,76,76,76,76,76,76,76,76,76,76,76,76,76,76,76,76,76,76,76,76,76,76,76,76,76,76,76,76,76,76,76,76],"card_choices":[{"not_picked":["Reboot","Seek"],"picked":"Core Surge","floor":0.0},{"not_picked":["Auto Shields","Barrage"],"picked":"Go for the Eyes","floor":1.0},{"not_picked":["Go for the Eyes","Redo"],"picked":"Hologram","floor":11.0},{"not_picked":["Rebound","Tempest"],"picked":"Cold Snap","floor":12.0},{"not_picked":["Conserve Battery","Loop"],"picked":"Defragment","floor":13.0},{"not_picked":["Gash","Stack","Redo"],"picked":"SKIP","floor":14.0},{"not_picked":["Meteor Strike","Hyperbeam"],"picked":"Creative AI","floor":16.0},{"not_picked":["Redo","Reinforced Body"],"picked":"Reprogram","floor":18.0},{"not_picked":["Hello World","Beam Cell"],"picked":"Coolheaded","floor":21.0},{"not_picked":["Hologram","Chill"],"picked":"Amplify","floor":24.0},{"not_picked":["Steam","Recycle"],"picked":"Turbo","floor":25.0},{"not_picked":["Rebound","Conserve Battery"],"picked":"Barrage","floor":28},{"not_picked":["Force Field","Melter"],"picked":"Conserve Battery","floor":30},{"not_picked":["Go for the Eyes+1","Conserve Battery"],"picked":"Biased Cognition","floor":32},{"not_picked":["Rainbow","All For One"],"picked":"Electrodynamics","floor":33},{"not_picked":["Double Energy","Storm"],"picked":"Hologram","floor":35},{"not_picked":["Static Discharge","Conserve Battery","Barrage"],"picked":"SKIP","floor":37},{"not_picked":["Hologram","Ball Lightning","Beam Cell"],"picked":"SKIP","floor":39},{"not_picked":["Force Field","Recycle"],"picked":"Undo+1","floor":41},{"not_picked":["Streamline","Tempest+1"],"picked":"Hologram+1","floor":45},{"not_picked":["Conserve Battery","Stack+1","Auto Shields"],"picked":"SKIP","floor":47}],"player_experience":267824,"relics_obtained":[{"floor":9.0,"key":"Regal Pillow"},{"floor":13.0,"key":"Ginger"},{"floor":24.0,"key":"Bag of Preparation"},{"floor":26.0,"key":"Orichalcum"},{"floor":43,"key":"Boot"},{"floor":47,"key":"Du-Vu Doll"}],"event_choices":[{"damage_healed":0.0,"max_hp_gain":0.0,"max_hp_loss":0.0,"gold_gain":0.0,"event_name":"Liars Game","player_choice":"Ignored","floor":2.0,"gold_loss":0.0,"damage_taken":0.0},{"damage_healed":0.0,"max_hp_gain":0.0,"max_hp_loss":0.0,"gold_gain":0.0,"event_name":"Scrap Ooze","player_choice":"Success","floor":3.0,"gold_loss":0.0,"damage_taken":5.0,"relics_obtained":["Vajra"]},{"damage_healed":0.0,"max_hp_gain":5.0,"max_hp_loss":0.0,"gold_gain":0.0,"event_name":"Big Fish","player_choice":"Donut","floor":4.0,"gold_loss":0.0,"damage_taken":0.0},{"damage_healed":0.0,"max_hp_gain":0.0,"max_hp_loss":0.0,"gold_gain":0.0,"event_name":"Shining Light","player_choice":"Entered Light","floor":5.0,"gold_loss":0.0,"damage_taken":23.0,"cards_upgraded":["Core Surge","Defend_B"]},{"cards_removed":["Strike_B"],"damage_healed":0.0,"max_hp_gain":0.0,"max_hp_loss":0.0,"gold_gain":0.0,"event_name":"Golden Wing","player_choice":"Card Removal","floor":7.0,"gold_loss":0.0,"damage_taken":7.0},{"damage_healed":0.0,"max_hp_gain":0.0,"max_hp_loss":0.0,"gold_gain":0.0,"event_name":"WeMeetAgain","player_choice":"Gave Potion","floor":20.0,"gold_loss":0.0,"damage_taken":0.0,"relics_obtained":["Nunchaku"]},{"damage_healed":0.0,"max_hp_gain":0.0,"max_hp_loss":0.0,"gold_gain":0.0,"event_name":"Cursed Tome","player_choice":"Ignored","floor":22.0,"gold_loss":0.0,"damage_taken":0.0},{"damage_healed":0,"gold_gain":50,"player_choice":"Touch","damage_taken":7,"max_hp_gain":0,"max_hp_loss":0,"event_name":"FaceTrader","floor":29,"gold_loss":0},{"damage_healed":0,"gold_gain":0,"player_choice":"Obtained Relic","damage_taken":0,"relics_obtained":["Dream Catcher"],"max_hp_gain":0,"max_hp_loss":0,"event_name":"Addict","floor":31,"gold_loss":85},{"damage_healed":0,"gold_gain":0,"player_choice":"Upgraded","damage_taken":0,"max_hp_gain":0,"max_hp_loss":0,"event_name":"Upgrade Shrine","floor":36,"gold_loss":0,"cards_upgraded":["Defragment"]},{"damage_healed":0,"gold_gain":0,"player_choice":"Ignored","damage_taken":0,"max_hp_gain":0,"max_hp_loss":0,"event_name":"SecretPortal","floor":38,"gold_loss":0}],"is_beta":false,"boss_relics":[{"not_picked":["Runic Pyramid","White Beast Statue"],"picked":"Inserter"},{"not_picked":["Empty Cage","Black Star"],"picked":"Nuclear Battery"}],"items_purged_floors":[19,48],"is_endless":false,"potions_floor_spawned":[11,12,13,21,25,30,33,37,47],"ascension_level":15}