{"gold_per_floor":[115,190,41,55,75,108,126,156,180,212,234,268,282,309,309,309],"floor_reached":16,"playtime":1259,"items_purged":["Strike_G"],"score":210,"play_id":"437dafd4-cc22-4413-abf3-45914c50984e","local_time":"20181125201007","is_ascension_mode":true,"campfire_choices":[{"floor":15,"key":"REST"}],"neow_cost":"NONE","seed_source_timestamp":13108298764820,"circlet_count":0,"master_deck":["AscendersBane","Defend_G","Defend_G","Defend_G","Defend_G","Defend_G","Strike_G","Strike_G","Strike_G","Strike_G","Survivor","Neutralize","Expertise","Noxious Fumes","Cloak And Dagger","Well Laid Plans","Sucker Punch","Backflip","Distraction","Terror","Cloak And Dagger","After Image","Skewer","Dagger Throw"],"relics":["Ring of the Snake","NeowsBlessing","Paper Crane","Smiling Mask","Oddly Smooth Stone","Odd Mushroom","Ice Cream","Potion Belt"],"potions_floor_usage":[6,6,6,6,8,12,14,16],"damage_taken":[{"damage":0,"enemies":"Small Slimes","floor":1,"turns":1},{"damage":0,"enemies":"Cultist","floor":4,"turns":1},{"damage":0,"enemies":"2 Louse","floor":5,"turns":1},{"damage":8,"enemies":"3 Sentries","floor":6,"turns":9},{"damage":5,"enemies":"Blue Slaver","floor":7,"turns":5},{"damage":6,"enemies":"Lagavulin","floor":8,"turns":8},{"damage":11,"enemies":"3 Sentries","floor":10,"turns":9},{"damage":27,"enemies":"The Mushroom Lair","floor":11,"turns":6},{"damage":3,"enemies":"Lagavulin","floor":12,"turns":9},{"damage":0,"enemies":"Exordium Wildlife","floor":13,"turns":5},{"damage":4,"enemies":"3 Sentries","floor":14,"turns":10},{"damage":28,"enemies":"Slime Boss","floor":16,"turns":6}],"seed_played":"6714171322667567814","potions_obtained":[{"floor":1,"key":"Regen Potion"},{"floor":5,"key":"EntropicBrew"},{"floor":11,"key":"SteroidPotion"},{"floor":13,"key":"Poison Potion"},{"floor":14,"key":"Fire Potion"}],"is_trial":false,"path_per_floor":["M","?","$","M","M","E","M","E","T","E","?","E","M","E","R","B"],"character_chosen":"THE_SILENT","items_purchased":["Noxious Fumes"],"campfire_rested":1,"item_purchase_floors":[3],"current_hp_per_floor":[63,56,56,56,56,63,58,52,52,41,14,11,11,7,28,0],"gold":309,"neow_bonus":"THREE_ENEMY_KILL","is_prod":false,"is_daily":false,"chose_seed":false,"campfire_upgraded":0,"win_rate":0,"timestamp":1543129807,"path_taken":["M","?","$","M","?","E","M","E","T","E","?","E","M","E","R","BOSS"],"build_version":"2018-11-15","purchased_purges":1,"victory":false,"max_hp_per_floor":[70,70,70,70,70,70,70,70,70,70,70,70,70,70,70,70],"card_choices":[{"not_picked":["Infinite Blades","Masterful Stab"],"picked":"Expertise","floor":1},{"not_picked":["Acrobatics","Tactician"],"picked":"Cloak And Dagger","floor":4},{"not_picked":["Poisoned Stab","Quick Slash"],"picked":"Well Laid Plans","floor":5},{"not_picked":["Backflip","Dagger Throw"],"picked":"Sucker Punch","floor":6},{"not_picked":["Deflect","Dagger Throw"],"picked":"Backflip","floor":7},{"not_picked":["Dash","Cloak And Dagger"],"picked":"Distraction","floor":8},{"not_picked":["Sucker Punch","PiercingWail"],"picked":"Terror","floor":10},{"not_picked":["Acrobatics","Leg Sweep"],"picked":"Cloak And Dagger","floor":11},{"not_picked":["Dash","Dodge and Roll"],"picked":"After Image","floor":12},{"not_picked":["Dodge and Roll","Slice"],"picked":"Skewer","floor":13},{"not_picked":["Infinite Blades","PiercingWail"],"picked":"Dagger Throw","floor":14}],"player_experience":392758,"relics_obtained":[{"floor":6,"key":"Paper Crane"},{"floor":8,"key":"Smiling Mask"},{"floor":10,"key":"Oddly Smooth Stone"},{"floor":11,"key":"Odd Mushroom"},{"floor":12,"key":"Ice Cream"},{"floor":14,"key":"Potion Belt"}],"event_choices":[{"damage_healed":0,"gold_gain":75,"player_choice":"Touch","damage_taken":7,"max_hp_gain":0,"max_hp_loss":0,"event_name":"FaceTrader","floor":2,"gold_loss":0},{"damage_healed":0,"gold_gain":0,"player_choice":"Fought Mushrooms","damage_taken":0,"max_hp_gain":0,"max_hp_loss":0,"event_name":"Mushrooms","floor":11,"gold_loss":0}],"is_beta":false,"boss_relics":[],"items_purged_floors":[3],"is_endless":false,"potions_floor_spawned":[1,5,11,13,14],"killed_by":"Slime Boss","ascension_level":10}