{"gold_per_floor":[118,39,59,59,70,103,2,18,48,68,78,78,78],"floor_reached":13,"playtime":902,"items_purged":[],"score":91,"play_id":"e54ed6b9-bc74-492c-8935-601e5c9ed70d","local_time":"20180923181849","is_ascension_mode":true,"campfire_choices":[{"floor":12,"key":"REST"}],"neow_cost":"NONE","seed_source_timestamp":18024472894527,"circlet_count":0,"master_deck":["Defend_G","Defend_G","Defend_G","Defend_G","Strike_G","Strike_G","Strike_G","Strike_G","Strike_G","Survivor+1","Neutralize","Tactician","Quick Slash","Tools of the Trade+1","Backflip","Blade Dance","PiercingWail","Jack Of All Trades","Flechettes","Underhanded Strike","Grand Finale"],"relics":["Ring of the Snake","Matryoshka","Tiny Chest","Sundial"],"potions_floor_usage":[8,11],"damage_taken":[{"damage":1,"enemies":"2 Louse","floor":1,"turns":3},{"damage":3,"enemies":"Jaw Worm","floor":3,"turns":6},{"damage":2,"enemies":"Small Slimes","floor":5,"turns":5},{"damage":32,"enemies":"Lagavulin","floor":6,"turns":11},{"damage":5,"enemies":"Gremlin Gang","floor":8,"turns":5},{"damage":3,"enemies":"Exordium Thugs","floor":10,"turns":6},{"damage":4,"enemies":"2 Fungi Beasts","floor":11,"turns":3},{"damage":19,"enemies":"3 Sentries","floor":13,"turns":4}],"seed_played":"-4755023096453079951","potions_obtained":[{"floor":3,"key":"Ancient Potion"},{"floor":6,"key":"SkillPotion"},{"floor":8,"key":"AttackPotion"}],"is_trial":false,"path_per_floor":["M","$","M","?","M","E","$","M","T","M","M","R"],"character_chosen":"THE_SILENT","items_purchased":["Tools of the Trade","Jack Of All Trades"],"campfire_rested":1,"item_purchase_floors":[2,7],"current_hp_per_floor":[69,69,66,52,50,18,18,13,13,10,6,27,8],"gold":78,"neow_bonus":"TRANSFORM_CARD","is_prod":false,"is_daily":false,"chose_seed":false,"campfire_upgraded":0,"win_rate":0,"timestamp":1537741129,"path_taken":["M","$","M","?","M","E","$","M","T","M","M","R","E"],"build_version":"2018-09-20","purchased_purges":0,"victory":false,"max_hp_per_floor":[70,70,70,70,70,70,70,70,70,70,70,70,70],"card_choices":[{"not_picked":["Underhanded Strike","Deflect"],"picked":"Quick Slash","floor":1},{"not_picked":["Outmaneuver","Sucker Punch"],"picked":"Backflip","floor":3},{"not_picked":["Poisoned Stab","Well Laid Plans"],"picked":"Blade Dance","floor":5},{"not_picked":["Deadly Poison","Quick Slash"],"picked":"PiercingWail","floor":6},{"not_picked":["Blade Dance","Poisoned Stab"],"picked":"Flechettes","floor":8},{"not_picked":["Blade Dance","Poisoned Stab"],"picked":"Underhanded Strike","floor":10},{"not_picked":["Reflex","Outmaneuver"],"picked":"Grand Finale","floor":11}],"player_experience":630880,"relics_obtained":[{"floor":6,"key":"Matryoshka"},{"floor":9,"key":"Tiny Chest"},{"floor":9,"key":"Sundial"}],"event_choices":[{"event_name":"Shining Light","player_choice":"Entered Light","floor":4,"damage_taken":0}],"is_beta":false,"boss_relics":[],"items_purged_floors":[],"is_endless":false,"potions_floor_spawned":[3,6,8],"killed_by":"3 Sentries","ascension_level":1}