{"gold_per_floor":[112,125,125,125,125,125,149,149,149,170,185,226,250,284,284,377,377,395,159,178,191,191,191,207,207,207,225,225,269,294,346,358,464,476,507,575,600,612,624,677,689,719,756,161,181,225,246,579,579,579],"floor_reached":51,"playtime":3773,"items_purged":["Strike_G","Strike_G"],"score":1406,"play_id":"80d0ee81-44b2-490e-aa87-ab15ba89168c","local_time":"20190209223034","is_ascension_mode":true,"campfire_choices":[{"data":"Dagger Spray","floor":6.0,"key":"SMITH"},{"data":"Neutralize","floor":8.0,"key":"SMITH"},{"data":"Terror","floor":15.0,"key":"SMITH"},{"data":"Caltrops","floor":23,"key":"SMITH"},{"data":"Well Laid Plans","floor":25,"key":"SMITH"},{"floor":32,"key":"REST"},{"data":"Dash","floor":41,"key":"SMITH"},{"data":"Footwork","floor":49,"key":"SMITH"}],"neow_cost":"NONE","seed_source_timestamp":0,"circlet_count":0,"master_deck":["AscendersBane","Defend_G","Defend_G","Defend_G","Defend_G","Defend_G","Strike_G","Strike_G","Survivor","Neutralize+1","Dagger Spray+1","Dash+1","Terror+1","Adrenaline+1","Acrobatics+1","Leg Sweep+1","Endless Agony","Doppelganger+1","Adrenaline+1","PiercingWail+1","Madness+1","Caltrops+1","Calculated Gamble+1","Deadly Poison+1","Well Laid Plans+1","Cloak And Dagger+1","Concentrate+1","Poisoned Stab","Cloak And Dagger+1","Adrenaline+1","Choke+1","Backflip+1","Footwork+1","Panache"],"special_seed":0,"relics":["Sozu","Letter Opener","Toxic Egg 2","Unceasing Top","Pear","WristBlade","StoneCalendar","MawBank","Red Mask","Busted Crown","FossilizedHelix","Snake Skull","Omamori","Shuriken","Bird Faced Urn"],"potions_floor_usage":[],"damage_taken":[{"damage":1.0,"enemies":"Cultist","floor":1.0,"turns":5.0},{"damage":0.0,"enemies":"2 Louse","floor":2.0,"turns":3.0},{"damage":0.0,"enemies":"Small Slimes","floor":7.0,"turns":3.0},{"damage":0.0,"enemies":"Red Slaver","floor":10.0,"turns":4.0},{"damage":0.0,"enemies":"2 Fungi Beasts","floor":11.0,"turns":2.0},{"damage":0.0,"enemies":"Lagavulin","floor":12.0,"turns":5.0},{"damage":2.0,"enemies":"Exordium Thugs","floor":13.0,"turns":4.0},{"damage":6.0,"enemies":"Gremlin Nob","floor":14.0,"turns":4.0},{"damage":25.0,"enemies":"Slime Boss","floor":16.0,"turns":9.0},{"damage":0,"enemies":"Chosen","floor":18,"turns":4},{"damage":12,"enemies":"Shell Parasite","floor":20,"turns":4},{"damage":0,"enemies":"Shelled Parasite and Fungi","floor":21,"turns":2},{"damage":2,"enemies":"Centurion and Healer","floor":24,"turns":4},{"damage":0,"enemies":"Cultist and Chosen","floor":27,"turns":6},{"damage":7,"enemies":"Gremlin Leader","floor":29,"turns":5},{"damage":10,"enemies":"3 Cultists","floor":30,"turns":3},{"damage":13,"enemies":"Masked Bandits","floor":31,"turns":3},{"damage":3,"enemies":"Collector","floor":33,"turns":7},{"damage":0,"enemies":"Orb Walker","floor":35,"turns":1},{"damage":0,"enemies":"2 Orb Walkers","floor":36,"turns":3},{"damage":0,"enemies":"3 Shapes","floor":37,"turns":3},{"damage":0,"enemies":"Giant Head","floor":40,"turns":5},{"damage":0,"enemies":"Writhing Mass","floor":42,"turns":4},{"damage":0,"enemies":"4 Shapes","floor":45,"turns":3},{"damage":0,"enemies":"Nemesis","floor":46,"turns":3},{"damage":0,"enemies":"Transient","floor":47,"turns":5},{"damage":3,"enemies":"Time Eater","floor":50,"turns":8}],"seed_played":"-5702521809789590823","potions_obtained":[],"is_trial":false,"path_per_floor":["M","M","?","?","?","R","M","R","T","M","M","E","M","E","R","B",null,"M","$","M","M","?","R","M","R","T","M","?","E","M","?","R","B",null,"M","?","M","?","?","E","R","M","T","$","M","E","M","?","R","B",null],"character_chosen":"THE_SILENT","items_purchased":["Madness+1","Caltrops","Shuriken","Footwork","Panache"],"campfire_rested":1,"item_purchase_floors":[19,19,44,44,44],"current_hp_per_floor":[58,58,51,51,46,46,46,46,46,46,46,46,44,48,48,23,58,58,58,46,46,46,46,44,44,44,44,37,30,20,7,28,25,59,59,59,59,59,59,59,59,59,59,59,59,59,67,67,67,67],"gold":579,"neow_bonus":"BOSS_RELIC","is_prod":false,"is_daily":false,"chose_seed":false,"campfire_upgraded":7,"win_rate":0,"timestamp":1549704634,"path_taken":["M","M","?","?","?","R","M","R","T","M","M","E","M","E","R","BOSS","M","$","M","M","?","R","M","R","T","M","?","E","?","?","R","BOSS","M","?","M","?","?","E","R","?","T","$","M","E","M","?","R","BOSS"],"build_version":"2019-01-23","purchased_purges":2,"victory":true,"max_hp_per_floor":[66,66,66,60,60,60,60,60,60,60,60,60,60,70,70,70,70,70,70,70,70,70,70,70,70,70,70,70,70,70,70,70,70,70,70,70,70,70,70,70,70,70,70,70,70,70,70,70,70,70],"card_choices":[{"not_picked":["Concentrate","Flying Knee"],"picked":"Dagger Spray","floor":1.0},{"not_picked":["Well Laid Plans","Dagger Spray"],"picked":"Dash","floor":2.0},{"not_picked":["Infinite Blades","PiercingWail"],"picked":"Terror","floor":7.0},{"not_picked":["Deflect+1","PiercingWail+1"],"picked":"Adrenaline+1","floor":10.0},{"not_picked":["Quick Slash","Deflect+1"],"picked":"Acrobatics+1","floor":11.0},{"not_picked":["Backflip+1","Dagger Spray"],"picked":"Leg Sweep+1","floor":12.0},{"not_picked":["Deflect+1","Outmaneuver+1"],"picked":"Endless Agony","floor":13.0},{"not_picked":["Underhanded Strike","Backstab"],"picked":"Doppelganger+1","floor":14.0},{"not_picked":["Bullet Time+1","Die Die Die"],"picked":"Adrenaline+1","floor":16.0},{"not_picked":["Quick Slash","Reflex+1"],"picked":"PiercingWail+1","floor":18},{"not_picked":["Eviscerate","Bane+1"],"picked":"Calculated Gamble+1","floor":20},{"not_picked":["Underhanded Strike","Outmaneuver+1"],"picked":"Deadly Poison+1","floor":21},{"not_picked":["Endless Agony","Backflip+1"],"picked":"Well Laid Plans","floor":24},{"not_picked":["Backflip+1","Flying Knee"],"picked":"Cloak And Dagger+1","floor":27},{"not_picked":["Dodge and Roll+1","Sucker Punch"],"picked":"Concentrate+1","floor":29},{"not_picked":["PiercingWail+1","Venomology+1"],"picked":"Poisoned Stab","floor":30},{"not_picked":["Poisoned Stab","Bouncing Flask+1"],"picked":"Cloak And Dagger+1","floor":31},{"not_picked":["Night Terror+1","Grand Finale"],"picked":"Adrenaline+1","floor":33},{"not_picked":["Predator"],"picked":"SKIP","floor":35},{"not_picked":["Prepared+1"],"picked":"SKIP","floor":37},{"not_picked":[],"picked":"Choke+1","floor":40},{"not_picked":[],"picked":"Backflip+1","floor":42},{"not_picked":["Predator"],"picked":"SKIP","floor":45},{"not_picked":["Outmaneuver+1"],"picked":"SKIP","floor":46},{"not_picked":["Terror+1"],"picked":"SKIP","floor":47}],"player_experience":201620,"relics_obtained":[{"floor":9.0,"key":"Toxic Egg 2"},{"floor":12.0,"key":"Unceasing Top"},{"floor":14.0,"key":"Pear"},{"floor":26,"key":"StoneCalendar"},{"floor":29,"key":"MawBank"},{"floor":31,"key":"Red Mask"},{"floor":36,"key":"FossilizedHelix"},{"floor":40,"key":"Snake Skull"},{"floor":43,"key":"Omamori"},{"floor":46,"key":"Bird Faced Urn"}],"event_choices":[{"cards_removed":["Strike_G"],"damage_healed":0.0,"max_hp_gain":0.0,"max_hp_loss":0.0,"gold_gain":0.0,"event_name":"Golden Wing","player_choice":"Card Removal","floor":3.0,"gold_loss":0.0,"damage_taken":7.0},{"damage_healed":0.0,"max_hp_gain":0.0,"max_hp_loss":6.0,"gold_gain":0.0,"event_name":"Golden Idol","player_choice":"Lose Max HP","floor":4.0,"gold_loss":0.0,"damage_taken":0.0,"relics_obtained":["Golden Idol"]},{"damage_healed":0.0,"max_hp_gain":0.0,"max_hp_loss":0.0,"gold_gain":0.0,"event_name":"Scrap Ooze","player_choice":"Success","floor":5.0,"gold_loss":0.0,"damage_taken":5.0,"relics_obtained":["Letter Opener"]},{"damage_healed":0,"gold_gain":0,"player_choice":"Ignored","damage_taken":0,"max_hp_gain":0,"max_hp_loss":0,"event_name":"Vampires","floor":22,"gold_loss":0},{"damage_healed":0,"gold_gain":0,"player_choice":"","damage_taken":7,"max_hp_gain":0,"max_hp_loss":0,"event_name":"Knowing Skull","floor":28,"potions_obtained":[],"gold_loss":0,"cards_obtained":[]},{"damage_healed":0,"gold_gain":0,"player_choice":"Fought Bandits","damage_taken":0,"max_hp_gain":0,"max_hp_loss":0,"event_name":"Masked Bandits","floor":31,"gold_loss":0},{"damage_healed":0,"gold_gain":0,"player_choice":"Fight","damage_taken":0,"max_hp_gain":0,"max_hp_loss":0,"event_name":"Mysterious Sphere","floor":36,"gold_loss":0},{"damage_healed":0,"gold_gain":0,"player_choice":"Memory 1","damage_taken":0,"max_hp_gain":0,"max_hp_loss":0,"event_name":"SensoryStone","floor":38,"gold_loss":0},{"damage_healed":0,"gold_gain":0,"player_choice":"Ignored","damage_taken":0,"max_hp_gain":0,"max_hp_loss":0,"event_name":"SecretPortal","floor":39,"gold_loss":0},{"damage_healed":0,"gold_gain":333,"player_choice":"Gave Idol","damage_taken":0,"max_hp_gain":0,"max_hp_loss":0,"event_name":"The Moai Head","floor":48,"relics_lost":["Golden Idol"],"gold_loss":0}],"is_beta":false,"boss_relics":[{"not_picked":["Velvet Choker","Tiny House"],"picked":"WristBlade"},{"not_picked":["Coffee Dripper","Calling Bell"],"picked":"Busted Crown"}],"items_purged_floors":[19,44],"is_endless":false,"potions_floor_spawned":[1,7,12,13,16,21,29,30,31,33,37,42,46],"ascension_level":15}