{"gold_per_floor":[119,135,152,172,191,191,217,217,244,244,274,44,44,61,61,159,159,169,189,7,19,37,37,48,60,111,111,111,136,136,153,153,254,254,264,284,194,96,106,106,116,116,167,179,190,200,200,215,215,215],"floor_reached":50,"playtime":4443,"items_purged":["Strike_B"],"score":610,"play_id":"57455806-7b59-4512-bcce-502e57aad742","local_time":"20190129151726","is_ascension_mode":true,"campfire_choices":[{"data":"Scrape","floor":6.0,"key":"SMITH"},{"data":"Dualcast","floor":8.0,"key":"SMITH"},{"data":"Secret Technique","floor":13.0,"key":"SMITH"},{"data":"Zap","floor":15.0,"key":"SMITH"},{"data":"Gash","floor":23,"key":"SMITH"},{"data":"Creative AI","floor":28,"key":"SMITH"},{"data":"Gash","floor":30,"key":"SMITH"},{"data":"Ghostly","floor":32,"key":"SMITH"},{"data":"Gash","floor":40,"key":"SMITH"},{"data":"Ghostly","floor":42,"key":"SMITH"},{"floor":47,"key":"REST"},{"data":"Ghostly","floor":49,"key":"SMITH"}],"neow_cost":"NONE","seed_source_timestamp":0,"circlet_count":0,"master_deck":["Strike_B","Defend_B","Defend_B","Defend_B","Zap+1","Dualcast+1","Go for the Eyes","Scrape+1","Glacier","Go for the Eyes","Darkness","All For One+1","Conserve Battery","Secret Technique+1","Gash+1","Creative AI+1","Flash of Steel","Stack","Auto Shields","Gash+1","Ghostly+1","Ghostly+1","Ghostly+1","Ghostly","Ghostly","Lockon","Glacier","Gash+1","Coolheaded","Stack+1","Parasite","FTL","Darkness"],"special_seed":0,"relics":["Cracked Core","Strawberry","Ancient Tea Set","PreservedInsect","Busted Crown","Lantern","Dream Catcher","Empty Cage","Orichalcum"],"potions_floor_usage":[41,44,44,50,50,50],"damage_taken":[{"damage":6.0,"enemies":"Jaw Worm","floor":1.0,"turns":4.0},{"damage":0.0,"enemies":"2 Louse","floor":2.0,"turns":2.0},{"damage":0.0,"enemies":"Cultist","floor":3.0,"turns":3.0},{"damage":16.0,"enemies":"Gremlin Gang","floor":4.0,"turns":5.0},{"damage":5.0,"enemies":"3 Louse","floor":5.0,"turns":3.0},{"damage":13.0,"enemies":"3 Sentries","floor":7.0,"turns":10.0},{"damage":15.0,"enemies":"Gremlin Nob","floor":11.0,"turns":4.0},{"damage":4.0,"enemies":"Large Slime","floor":14.0,"turns":3.0},{"damage":0.0,"enemies":"Slime Boss","floor":16.0,"turns":7.0},{"damage":0.0,"enemies":"Shell Parasite","floor":18.0,"turns":6.0},{"damage":3.0,"enemies":"Chosen","floor":19.0,"turns":6.0},{"damage":0.0,"enemies":"Snecko","floor":21.0,"turns":6.0},{"damage":0.0,"enemies":"Chosen and Byrds","floor":22.0,"turns":4.0},{"damage":12,"enemies":"Snake Plant","floor":24,"turns":4},{"damage":11,"enemies":"Shelled Parasite and Fungi","floor":25,"turns":7},{"damage":0,"enemies":"Gremlin Leader","floor":29,"turns":7},{"damage":2,"enemies":"Sentry and Sphere","floor":31,"turns":4},{"damage":19,"enemies":"Collector","floor":33,"turns":12},{"damage":0,"enemies":"Orb Walker","floor":35,"turns":4},{"damage":0,"enemies":"3 Darklings","floor":36,"turns":9},{"damage":0,"enemies":"Transient","floor":39,"turns":5},{"damage":2,"enemies":"Maw","floor":41,"turns":8},{"damage":1,"enemies":"Jaw Worm Horde","floor":44,"turns":8},{"damage":6,"enemies":"Writhing Mass","floor":45,"turns":7},{"damage":16,"enemies":"Spire Growth","floor":46,"turns":7},{"damage":0,"enemies":"Jaw Worm Horde","floor":48,"turns":8},{"damage":36,"enemies":"Time Eater","floor":50,"turns":9}],"seed_played":"-9153749960578513705","potions_obtained":[{"floor":2.0,"key":"Swift Potion"},{"floor":4.0,"key":"SteroidPotion"},{"floor":11.0,"key":"Fruit Juice"},{"floor":14.0,"key":"GamblersBrew"},{"floor":16.0,"key":"FearPotion"},{"floor":18.0,"key":"Strength Potion"},{"floor":21.0,"key":"SkillPotion"},{"floor":24,"key":"Energy Potion"},{"floor":41,"key":"SpeedPotion"},{"floor":46,"key":"FearPotion"},{"floor":48,"key":"Block Potion"}],"is_trial":false,"path_per_floor":["M","M","M","M","M","R","E","R","T","?","E","$","R","M","R","B",null,"M","M","$","M","M","R","M","M","T","?","R","E","R","M","R","B",null,"M","M","?","$","M","R","M","R","T","M","M","M","R","M","R","B"],"character_chosen":"DEFECT","items_purchased":["Conserve Battery","Secret Technique","Flash of Steel","Stack","Gash","Coolheaded"],"campfire_rested":1,"item_purchase_floors":[12,12,20,20,38,38],"current_hp_per_floor":[76,76,76,60,55,55,49,49,49,49,39,39,39,35,35,35,94,94,91,91,91,91,91,79,68,68,47,47,47,47,45,45,26,47,47,47,47,47,47,47,45,45,45,44,38,22,36,36,36,0],"gold":215,"neow_bonus":"TEN_PERCENT_HP_BONUS","is_prod":false,"is_daily":false,"chose_seed":false,"campfire_upgraded":11,"win_rate":0,"timestamp":1548793046,"path_taken":["M","M","M","M","M","R","E","R","T","?","E","$","R","M","R","BOSS","M","M","$","M","M","R","M","M","T","?","R","E","R","M","R","BOSS","M","M","?","$","?","R","M","R","T","M","M","M","R","M","R","BOSS"],"build_version":"2019-01-23","purchased_purges":1,"victory":false,"max_hp_per_floor":[82,82,82,82,82,82,89,89,89,89,94,94,94,94,94,94,94,94,94,94,94,94,94,94,94,94,47,47,47,47,47,47,47,47,47,47,47,47,47,47,47,47,47,47,47,47,47,47,47,47],"card_choices":[{"not_picked":["Barrage","Leap"],"picked":"Go for the Eyes","floor":1.0},{"not_picked":["Redo","Stack","Hologram"],"picked":"SKIP","floor":2.0},{"not_picked":["Stack","Barrage"],"picked":"Scrape","floor":3.0},{"not_picked":["Force Field","Leap"],"picked":"Glacier","floor":4.0},{"not_picked":["Coolheaded","Turbo"],"picked":"Go for the Eyes","floor":5.0},{"not_picked":["Tempest","Amplify"],"picked":"Darkness","floor":7.0},{"not_picked":["Sunder","Barrage","Tempest"],"picked":"SKIP","floor":11.0},{"not_picked":["Leap","Stack"],"picked":"Gash","floor":14.0},{"not_picked":["Multi-Cast","All For One"],"picked":"Creative AI","floor":16.0},{"not_picked":["Cold Snap"],"picked":"SKIP","floor":18.0},{"not_picked":["Genetic Algorithm+1"],"picked":"SKIP","floor":19.0},{"not_picked":["Auto Shields"],"picked":"SKIP","floor":21.0},{"not_picked":[],"picked":"Auto Shields","floor":21.0},{"not_picked":[],"picked":"Storm+1","floor":22},{"not_picked":[],"picked":"Gash","floor":24},{"not_picked":["Conserve Battery"],"picked":"SKIP","floor":25},{"not_picked":[],"picked":"Lockon","floor":29},{"not_picked":["Auto Shields"],"picked":"SKIP","floor":31},{"not_picked":[],"picked":"Glacier","floor":35},{"not_picked":["Redo+1"],"picked":"SKIP","floor":36},{"not_picked":[],"picked":"Stack+1","floor":39},{"not_picked":["Cold Snap"],"picked":"SKIP","floor":41},{"not_picked":["Conserve Battery+1"],"picked":"SKIP","floor":44},{"not_picked":[],"picked":"FTL","floor":45},{"not_picked":["Streamline"],"picked":"SKIP","floor":46},{"not_picked":[],"picked":"Darkness","floor":48}],"player_experience":1188014,"relics_obtained":[{"floor":7.0,"key":"Strawberry"},{"floor":9.0,"key":"Ancient Tea Set"},{"floor":11.0,"key":"PreservedInsect"},{"floor":26,"key":"Lantern"},{"floor":29,"key":"Dream Catcher"},{"floor":43,"key":"Orichalcum"}],"event_choices":[{"damage_healed":0.0,"max_hp_gain":0.0,"max_hp_loss":0.0,"gold_gain":0.0,"cards_transformed":["Strike_B"],"event_name":"Living Wall","player_choice":"Change","floor":10.0,"gold_loss":0.0,"damage_taken":0.0,"cards_obtained":["All For One"]},{"damage_healed":0,"gold_gain":0,"player_choice":"Became a Ghost","damage_taken":0,"max_hp_gain":0,"max_hp_loss":47,"event_name":"Ghosts","floor":27,"gold_loss":0,"cards_obtained":["Ghostly","Ghostly","Ghostly","Ghostly","Ghostly"]},{"cards_removed":["Storm"],"damage_healed":0,"gold_gain":0,"player_choice":"Upgrade and Remove","damage_taken":0,"max_hp_gain":0,"max_hp_loss":0,"event_name":"Designer","floor":37,"gold_loss":90,"cards_upgraded":["All For One"]}],"is_beta":false,"boss_relics":[{"not_picked":["Runic Pyramid","Coffee Dripper"],"picked":"Busted Crown"},{"not_picked":["Fusion Hammer","Calling Bell"],"picked":"Empty Cage"}],"items_purged_floors":[20],"is_endless":false,"potions_floor_spawned":[2,4,11,14,16,18,21,24,25,29,33,36,41,46,48],"killed_by":"Time Eater","ascension_level":1}