{"gold_per_floor":[112,132,143,93,16,16,41,41,66,66,66],"floor_reached":11,"playtime":719,"items_purged":[],"score":71,"play_id":"b1cae019-c466-4a0f-a249-83ac363001d2","local_time":"20180724151705","is_ascension_mode":false,"campfire_choices":[{"data":"Rainbow","floor":6,"key":"SMITH"},{"data":"Go for the Eyes","floor":8,"key":"SMITH"}],"neow_cost":"NONE","seed_source_timestamp":0,"circlet_count":0,"master_deck":["Strike_B","Strike_B","Strike_B","Defend_B","Defend_B","Defend_B","Defend_B","Zap","Dualcast","Rainbow+1","Redo","Leap","Capacitor","Consume","Go for the Eyes+1","Genetic Algorithm"],"special_seed":0,"relics":["Cracked Core","Potion Belt","Ancient Tea Set"],"potions_floor_usage":[7],"damage_taken":[{"damage":0.0,"enemies":"2 Louse","floor":1.0,"turns":1.0},{"damage":5.0,"enemies":"Small Slimes","floor":2.0,"turns":3.0},{"damage":0.0,"enemies":"Jaw Worm","floor":3.0,"turns":4.0},{"damage":30,"enemies":"Gremlin Nob","floor":7,"turns":5},{"damage":41,"enemies":"Lots of Slimes","floor":11,"turns":5}],"seed_played":"827782129928087509","potions_obtained":[{"floor":2.0,"key":"Block Potion"}],"is_trial":false,"path_per_floor":["M","M","M","?","$","R","E","R","T","?"],"character_chosen":"DEFECT","items_purchased":["Consume"],"campfire_rested":0,"item_purchase_floors":[5],"current_hp_per_floor":[75,70,70,70,70,70,40,40,40,40,0],"gold":66,"neow_bonus":"ONE_RANDOM_RARE_CARD","is_prod":false,"is_daily":false,"chose_seed":false,"campfire_upgraded":2,"win_rate":0,"timestamp":1532459825,"path_taken":["M","M","M","?","$","R","E","R","T","?","M"],"build_version":"2018-07-19v2","purchased_purges":0,"victory":false,"max_hp_per_floor":[75,75,75,75,75,75,75,75,75,75,75],"card_choices":[{"not_picked":["Steam","Streamline"],"picked":"Redo","floor":1.0},{"not_picked":["Skim","Scrape"],"picked":"Leap","floor":2.0},{"not_picked":["Static Discharge","Hologram"],"picked":"Capacitor","floor":3.0},{"not_picked":["Thunder Strike","Tempest"],"picked":"Go for the Eyes","floor":7}],"player_experience":263206,"relics_obtained":[{"floor":7,"key":"Potion Belt"},{"floor":9,"key":"Ancient Tea Set"}],"event_choices":[{"event_name":"The Cleric","player_choice":"Card Removal","floor":4.0,"damage_taken":0.0},{"event_name":"Match and Keep!","player_choice":"1 cards matched","floor":10,"damage_taken":0},{"event_name":"Match and Keep!","player_choice":"1 cards matched","floor":10,"damage_taken":0}],"is_beta":false,"boss_relics":[],"items_purged_floors":[],"is_endless":false,"potions_floor_spawned":[2],"killed_by":"Lots of Slimes","ascension_level":0}