{"gold_per_floor":[109,109,34,50,64,93,93,93,175,41,41,61,61,71,71,167,167,182,199,212,228,228],"floor_reached":22,"playtime":1865,"items_purged":["Decay","Strike_R"],"score":188,"play_id":"e3d5dd3c-1f5d-4ea3-99c4-7175d2635ff7","local_time":"20180628011423","is_ascension_mode":false,"campfire_choices":[{"floor":7,"key":"REST"},{"data":"Juggernaut","floor":11,"key":"SMITH"},{"data":"Entrench","floor":15,"key":"SMITH"}],"neow_cost":"NONE","seed_source_timestamp":43752332055233,"circlet_count":0,"master_deck":["Strike_R","Strike_R","Strike_R","Strike_R","Defend_R","Defend_R","Defend_R","Bash","Reaper","Shrug It Off","Armaments","Flame Barrier","Juggernaut+1","Entrench+1","Metallicize","Dark Embrace","Second Wind","Pommel Strike","Seeing Red","Metallicize","Seeing Red","Wild Strike"],"relics":["Burning Blood","Regal Pillow","Gremlin Horn","Orrery"],"potions_floor_usage":[6,12,14,16,22],"damage_taken":[{"damage":5,"enemies":"2 Louse","floor":1,"turns":3},{"damage":9,"enemies":"Cultist","floor":4,"turns":5},{"damage":14,"enemies":"Jaw Worm","floor":5,"turns":6},{"damage":62,"enemies":"Gremlin Nob","floor":6,"turns":7},{"damage":13,"enemies":"Lots of Slimes","floor":12,"turns":3},{"damage":4,"enemies":"Blue Slaver","floor":14,"turns":4},{"damage":74,"enemies":"Hexaghost","floor":16,"turns":14},{"damage":39,"enemies":"Spheric Guardian","floor":18,"turns":8},{"damage":16,"enemies":"Shell Parasite","floor":19,"turns":9},{"damage":23,"enemies":"Chosen and Byrds","floor":20,"turns":8},{"damage":30,"enemies":"Centurion and Healer","floor":21,"turns":13},{"damage":7,"enemies":"Snecko","floor":22,"turns":3}],"seed_played":"-2067717989356661695","potions_obtained":[{"floor":4,"key":"SneckoOil"},{"floor":5,"key":"SteroidPotion"},{"floor":12,"key":"Block Potion"},{"floor":14,"key":"Explosive Potion"},{"floor":19,"key":"SpeedPotion"}],"is_trial":false,"path_per_floor":["M","?","$","M","M","E","R","$","T","$","R","M","?","M","R","B",null,"M","M","M","M"],"character_chosen":"IRONCLAD","items_purchased":["Entrench"],"campfire_rested":1,"item_purchase_floors":[10],"current_hp_per_floor":[80,80,80,77,73,23,62,62,62,62,62,73,73,75,75,11,80,47,37,23,7,0],"gold":228,"neow_bonus":"ONE_RANDOM_RARE_CARD","is_prod":false,"is_daily":false,"chose_seed":false,"campfire_upgraded":2,"win_rate":0.0,"timestamp":1530162863,"path_taken":["M","?","$","M","M","E","R","$","T","$","R","M","?","M","R","BOSS","M","M","M","M","M"],"build_version":"2018-06-21v2","purchased_purges":2,"victory":false,"max_hp_per_floor":[80,80,80,80,80,80,80,80,80,80,80,80,80,80,80,80,80,80,80,80,80,80],"card_choices":[{"not_picked":["Wild Strike","Battle Trance"],"picked":"Shrug It Off","floor":1},{"not_picked":["Combust","Warcry"],"picked":"Armaments","floor":4},{"not_picked":["Clothesline","Wild Strike"],"picked":"Flame Barrier","floor":5},{"not_picked":["Uppercut","Infernal Blade"],"picked":"Juggernaut","floor":6},{"not_picked":["Hemokinesis","Searing Blow"],"picked":"Metallicize","floor":12},{"not_picked":["Heavy Blade","Wild Strike","Searing Blow"],"picked":"SKIP","floor":14},{"not_picked":["Double Tap","Brutality"],"picked":"Dark Embrace","floor":16},{"not_picked":["Power Through","Anger"],"picked":"Second Wind","floor":17},{"not_picked":["Burning Pact","Armaments"],"picked":"Pommel Strike","floor":17},{"not_picked":["Flex","Rupture"],"picked":"Seeing Red","floor":18},{"not_picked":["Whirlwind+1","Inflame+1"],"picked":"Metallicize","floor":19},{"not_picked":["Hemokinesis","Sword Boomerang+1"],"picked":"Seeing Red","floor":20},{"not_picked":["Shrug It Off+1","Carnage+1"],"picked":"Wild Strike","floor":21}],"player_experience":62047,"relics_obtained":[{"floor":6,"key":"Regal Pillow"},{"floor":9,"key":"Gremlin Horn"}],"event_choices":[{"event_name":"Wheel of Change","player_choice":"Curse","floor":2,"damage_taken":0},{"event_name":"Purifier","player_choice":"One Purge","floor":13,"damage_taken":0}],"boss_relics":[{"not_picked":["Astrolabe","Fusion Hammer"],"picked":"Orrery"}],"items_purged_floors":[3,10],"is_endless":false,"potions_floor_spawned":[4,5,12,14,19],"killed_by":"Snecko","ascension_level":0}