{"gold_per_floor":[110,110,183,183,198,231,231,272,272,223,17,94,112,127,127,257,257,275,275,190,33,33,33,59,71,98,98,114,114,182,26,26,121,121,134,184,201,271,286,311,311,328,353,353,278,305,305,331,331,331,331,331,22,47,47],"floor_reached":55,"playtime":2585,"items_purged":["Pain"],"score":1129,"play_id":"6b637223-687f-46aa-938b-5d6d4eddb3be","local_time":"20190226163936","is_ascension_mode":true,"campfire_choices":[{"floor":7,"key":"REST"},{"floor":15,"key":"REST"},{"data":"Defragment","floor":23,"key":"SMITH"},{"floor":27,"key":"REST"},{"data":"Chaos","floor":32,"key":"SMITH"},{"data":"Coolheaded","floor":41,"key":"SMITH"},{"data":"White Noise","floor":44,"key":"SMITH"},{"floor":47,"key":"REST"},{"floor":49,"key":"RECALL"},{"data":"Rainbow","floor":52,"key":"SMITH"}],"neow_cost":"TEN_PERCENT_HP_LOSS","seed_source_timestamp":9450840626034,"circlet_count":0,"master_deck":["Strike_B","Strike_B","Defend_B","Defend_B+1","Defend_B","Defend_B+1","Zap","Dualcast","Ball Lightning+1","Chaos+1","White Noise+1","Electrodynamics","Conserve Battery","Leap","Loop","Rainbow+1","Defragment+1","Reinforced Body","Undo+1","Defragment+1","Hologram","Compile Driver+1","Auto Shields","Skim","White Noise+1","Core Surge","Coolheaded+1","Barrage","White Noise","Compile Driver+1","Tempest","Hologram+1","Stack+1","White Noise","Defragment"],"relics":["Cracked Core","Gambling Chip","Bloody Idol","Prayer Wheel","FossilizedHelix","Strange Spoon","Question Card","Inserter","Blood Vial","Happy Flower","Calipers","DataDisk","SsserpentHead","Runic Capacitor","Busted Crown","WarpedTongs","Ginger","War Paint","Girya","Centennial Puzzle","Oddly Smooth Stone","Ornamental Fan"],"potions_floor_usage":[6,16,39,46,50,50,55,55],"damage_taken":[{"damage":0,"enemies":"Small Slimes","floor":1,"turns":2},{"damage":3,"enemies":"2 Louse","floor":5,"turns":2},{"damage":33,"enemies":"Gremlin Nob","floor":6,"turns":4},{"damage":31,"enemies":"3 Sentries","floor":8,"turns":8},{"damage":0,"enemies":"Cultist","floor":13,"turns":2},{"damage":0,"enemies":"Large Slime","floor":14,"turns":4},{"damage":4,"enemies":"Hexaghost","floor":16,"turns":8},{"damage":19,"enemies":"2 Thieves","floor":18,"turns":3},{"damage":26,"enemies":"Book of Stabbing","floor":24,"turns":6},{"damage":0,"enemies":"Spheric Guardian","floor":25,"turns":3},{"damage":0,"enemies":"Chosen and Byrds","floor":28,"turns":4},{"damage":16,"enemies":"Snake Plant","floor":30,"turns":3},{"damage":5,"enemies":"Collector","floor":33,"turns":8},{"damage":0,"enemies":"Orb Walker","floor":35,"turns":4},{"damage":17,"enemies":"3 Shapes","floor":37,"turns":3},{"damage":25,"enemies":"Jaw Worm Horde","floor":38,"turns":4},{"damage":14,"enemies":"3 Darklings","floor":39,"turns":3},{"damage":12,"enemies":"Giant Head","floor":40,"turns":6},{"damage":0,"enemies":"Sphere and 2 Shapes","floor":42,"turns":3},{"damage":32,"enemies":"Nemesis","floor":46,"turns":5},{"damage":0,"enemies":"Giant Head","floor":48,"turns":6},{"damage":9,"enemies":"Awakened One","floor":50,"turns":11},{"damage":51,"enemies":"Shield and Spear","floor":54,"turns":5},{"damage":23,"enemies":"The Heart","floor":55,"turns":5}],"seed_played":"-833491198806795647","potions_obtained":[{"floor":1,"key":"FocusPotion"},{"floor":8,"key":"EssenceOfSteel"},{"floor":18,"key":"SpeedPotion"},{"floor":25,"key":"FocusPotion"},{"floor":35,"key":"SpeedPotion"},{"floor":39,"key":"FocusPotion"},{"floor":48,"key":"SpeedPotion"},{"floor":54,"key":"Strength Potion"}],"is_trial":false,"path_per_floor":["M","?","?","?","M","E","R","E","T","?","$","T","M","M","R","B",null,"M","?","?","$","?","R","E","M","T","R","M","?","M","$","R","B",null,"M","?","M","M","M","E","R","M","T","R","$","E","R","E","R","B",null,"R","$","E","B"],"character_chosen":"DEFECT","items_purchased":["Strange Spoon","Happy Flower","Runic Capacitor","White Noise","Oddly Smooth Stone","Defragment"],"campfire_rested":4,"item_purchase_floors":[11,21,31,53,53,53],"current_hp_per_floor":[68,54,54,54,51,18,36,5,5,5,5,5,5,5,23,19,52,33,33,33,33,33,33,14,21,26,44,51,51,47,52,52,54,61,63,63,51,38,31,26,26,33,38,38,38,13,31,38,38,31,55,55,55,11,0],"gold":47,"neow_bonus":"ONE_RARE_RELIC","is_prod":false,"is_daily":false,"chose_seed":false,"campfire_upgraded":5,"win_rate":0,"timestamp":1551152376,"path_taken":["M","?","?","?","M","E","R","E","T","?","$","?","M","M","R","BOSS","M","?","?","$","?","R","E","M","T","R","M","?","?","?","R","BOSS","M","?","M","?","M","E","R","M","T","R","$","E","R","E","R","BOSS","R","$","E","BOSS"],"build_version":"2019-01-23","purchased_purges":1,"victory":false,"max_hp_per_floor":[68,68,68,63,63,63,63,63,63,63,63,63,63,63,63,63,63,63,63,63,63,63,63,63,63,63,63,63,63,63,63,63,63,63,63,63,63,63,63,63,63,63,63,63,63,63,63,63,63,63,63,63,63,63,63],"card_choices":[{"not_picked":["Redo","Darkness"],"picked":"Ball Lightning","floor":1},{"not_picked":["Stack","Turbo"],"picked":"Chaos","floor":5},{"not_picked":["Go for the Eyes","Hologram"],"picked":"White Noise","floor":6},{"not_picked":["Tempest","Steam"],"picked":"Electrodynamics","floor":8},{"not_picked":["Barrage","Beam Cell","Streamline"],"picked":"Conserve Battery","floor":13},{"not_picked":["Compile Driver","Reinforced Body","Chaos"],"picked":"Leap","floor":13},{"not_picked":["Barrage","Double Energy","Sunder"],"picked":"Loop","floor":14},{"not_picked":["Beam Cell","Heatsinks","Barrage","Stack"],"picked":"SKIP","floor":14},{"not_picked":["Amplify","Multi-Cast","Buffer"],"picked":"Rainbow","floor":16},{"not_picked":["Streamline","Ball Lightning+1","Leap+1"],"picked":"Defragment+1","floor":18},{"not_picked":["Sunder","Beam Cell","Stack"],"picked":"Reinforced Body","floor":18},{"not_picked":["Turbo","Conserve Battery","Melter"],"picked":"Hologram","floor":24},{"not_picked":["Fusion","Turbo+1","Beam Cell+1"],"picked":"Compile Driver+1","floor":25},{"not_picked":["Tempest","Heatsinks","Turbo"],"picked":"Auto Shields","floor":25},{"not_picked":["Biased Cognition","Defragment","Leap"],"picked":"Skim","floor":28},{"not_picked":["Beam Cell","Undo","Conserve Battery","Compile Driver"],"picked":"SKIP","floor":28},{"not_picked":["Storm+1","Chill","Hologram"],"picked":"White Noise+1","floor":30},{"not_picked":["Compile Driver","Beam Cell","Conserve Battery","Ball Lightning"],"picked":"SKIP","floor":30},{"not_picked":["Hyperbeam","Biased Cognition","Meteor Strike"],"picked":"Core Surge","floor":33},{"not_picked":["Gash"],"picked":"Coolheaded","floor":35},{"not_picked":["Rip and Tear","Conserve Battery"],"picked":"SKIP","floor":35},{"not_picked":["Turbo+1"],"picked":"Barrage","floor":37},{"not_picked":["Creative AI","Steam"],"picked":"SKIP","floor":37},{"not_picked":["Streamline"],"picked":"White Noise","floor":38},{"not_picked":["Stack"],"picked":"Compile Driver+1","floor":38},{"not_picked":["Conserve Battery+1"],"picked":"Tempest","floor":39},{"not_picked":["Heatsinks","Ball Lightning+1"],"picked":"SKIP","floor":39},{"not_picked":["Barrage+1","Scrape"],"picked":"SKIP","floor":40},{"not_picked":["Redo"],"picked":"Hologram+1","floor":42},{"not_picked":["Steam Power","BootSequence"],"picked":"SKIP","floor":42},{"not_picked":["Gash","Hyperbeam"],"picked":"SKIP","floor":46},{"not_picked":["Go for the Eyes"],"picked":"Stack+1","floor":48},{"not_picked":["Cold Snap","Auto Shields+1"],"picked":"SKIP","floor":54}],"player_experience":418832,"relics_obtained":[{"floor":6,"key":"Prayer Wheel"},{"floor":8,"key":"FossilizedHelix"},{"floor":12,"key":"Question Card"},{"floor":24,"key":"Calipers"},{"floor":26,"key":"DataDisk"},{"floor":40,"key":"Ginger"},{"floor":43,"key":"War Paint"},{"floor":46,"key":"Girya"},{"floor":48,"key":"Centennial Puzzle"},{"floor":54,"key":"Ornamental Fan"}],"event_choices":[{"damage_healed":0,"gold_gain":0,"player_choice":"Entered Light","damage_taken":14,"max_hp_gain":0,"max_hp_loss":0,"event_name":"Shining Light","floor":2,"gold_loss":0,"cards_upgraded":["Defend_B","Ball Lightning"]},{"damage_healed":0,"gold_gain":73,"player_choice":"Gained Gold","damage_taken":0,"max_hp_gain":0,"max_hp_loss":0,"event_name":"Golden Wing","floor":3,"gold_loss":0},{"damage_healed":0,"gold_gain":0,"player_choice":"Lose Max HP","damage_taken":0,"relics_obtained":["Golden Idol"],"max_hp_gain":0,"max_hp_loss":5,"event_name":"Golden Idol","floor":4,"gold_loss":0},{"damage_healed":0,"gold_gain":0,"player_choice":"Left Gold","damage_taken":0,"max_hp_gain":0,"max_hp_loss":0,"event_name":"World of Goop","floor":10,"gold_loss":49},{"damage_healed":0,"gold_gain":0,"player_choice":"Gave Idol","damage_taken":0,"relics_obtained":["Bloody Idol"],"max_hp_gain":0,"max_hp_loss":0,"event_name":"Forgotten Altar","floor":19,"relics_lost":["Golden Idol"],"gold_loss":0},{"damage_healed":0,"gold_gain":0,"player_choice":"Obtained Relic","damage_taken":0,"relics_obtained":["Blood Vial"],"max_hp_gain":0,"max_hp_loss":0,"event_name":"Addict","floor":20,"gold_loss":85},{"damage_healed":0,"gold_gain":0,"cards_transformed":["Strike_B","Strike_B"],"player_choice":"Became Test Subject","damage_taken":0,"max_hp_gain":0,"max_hp_loss":0,"event_name":"Drug Dealer","floor":22,"gold_loss":0,"cards_obtained":["Undo","Defragment"]},{"damage_healed":0,"gold_gain":0,"player_choice":"Trade","damage_taken":0,"relics_obtained":["SsserpentHead"],"max_hp_gain":0,"max_hp_loss":0,"event_name":"FaceTrader","floor":29,"gold_loss":0},{"damage_healed":0,"gold_gain":0,"player_choice":"Rummage","damage_taken":0,"relics_obtained":["WarpedTongs"],"max_hp_gain":0,"max_hp_loss":0,"event_name":"Accursed Blacksmith","floor":36,"gold_loss":0,"cards_obtained":["Pain"]}],"is_beta":false,"boss_relics":[{"not_picked":["Runic Dome","Philosopher\u0027s Stone"],"picked":"Inserter"},{"not_picked":["Lizard Tail","Empty Cage"],"picked":"Busted Crown"}],"items_purged_floors":[45],"is_endless":false,"potions_floor_spawned":[1,8,18,25,35,39,40,48,54],"killed_by":"The Heart","ascension_level":7}