{"gold_per_floor":[116,132,145,160,160,160,180,180,180,205,219,219,75,95,95,190,190,210,220,39,53,73,73,84,84,107,133,45,45,75,75,75,178,178,197,211,221,241,241,241,259,284,284,307,17,30,41,61,61,61],"floor_reached":51,"playtime":5316,"items_purged":["Strike_G","Strike_G","Strike_G","Strike_G"],"score":833,"play_id":"8b591966-335d-470f-84af-c482bc4aad51","local_time":"20180927194753","is_ascension_mode":true,"campfire_choices":[{"data":"Skewer","floor":6.0,"key":"SMITH"},{"data":"Defend_G","floor":8.0,"key":"SMITH"},{"data":"Catalyst","floor":12.0,"key":"SMITH"},{"data":"Bouncing Flask","floor":15.0,"key":"SMITH"},{"data":"Outmaneuver","floor":23.0,"key":"SMITH"},{"data":"Blur","floor":29.0,"key":"SMITH"},{"data":"Leg Sweep","floor":32.0,"key":"SMITH"},{"data":"Dodge and Roll","floor":40,"key":"SMITH"},{"floor":49,"key":"REST"}],"neow_cost":"NONE","seed_source_timestamp":0,"circlet_count":0,"master_deck":["Defend_G","Defend_G","Defend_G","Defend_G","Defend_G+1","Survivor","Neutralize","Blade Dance","Skewer+1","Escape Plan","Bouncing Flask+1","Catalyst+1","PiercingWail","Dash","Outmaneuver+1","Noxious Fumes+1","Leg Sweep+1","Predator","Dodge and Roll+1","Blur+1","Dagger Throw","Malaise+1","Infinite Blades+1","Poisoned Stab+1","Metamorphosis+1","Footwork","Terror+1","Deadly Poison+1"],"special_seed":0,"relics":["Ring of the Snake","Odd Mushroom","Pear","Gambling Chip","Sozu","Smiling Mask","Vajra","Paper Crane","Toxic Egg 2","Busted Crown","Pocketwatch","Bag of Preparation","Regal Pillow"],"potions_floor_usage":[37,46],"damage_taken":[{"damage":0.0,"enemies":"Cultist","floor":1.0,"turns":5.0},{"damage":0.0,"enemies":"2 Louse","floor":2.0,"turns":2.0},{"damage":0.0,"enemies":"Jaw Worm","floor":3.0,"turns":4.0},{"damage":11.0,"enemies":"Gremlin Gang","floor":4.0,"turns":6.0},{"damage":9.0,"enemies":"The Mushroom Lair","floor":7.0,"turns":4.0},{"damage":15.0,"enemies":"Lagavulin","floor":10.0,"turns":6.0},{"damage":4.0,"enemies":"Blue Slaver","floor":11.0,"turns":3.0},{"damage":11.0,"enemies":"2 Fungi Beasts","floor":14.0,"turns":3.0},{"damage":5.0,"enemies":"Hexaghost","floor":16.0,"turns":7.0},{"damage":9.0,"enemies":"3 Byrds","floor":18.0,"turns":7.0},{"damage":2.0,"enemies":"Shell Parasite","floor":19.0,"turns":5.0},{"damage":0.0,"enemies":"Snake Plant","floor":21.0,"turns":3.0},{"damage":1.0,"enemies":"Snecko","floor":22.0,"turns":4.0},{"damage":0.0,"enemies":"Sentry and Sphere","floor":24.0,"turns":4.0},{"damage":1.0,"enemies":"Book of Stabbing","floor":27.0,"turns":4.0},{"damage":20.0,"enemies":"Gremlin Leader","floor":30.0,"turns":7.0},{"damage":17.0,"enemies":"Collector","floor":33.0,"turns":8.0},{"damage":4.0,"enemies":"3 Darklings","floor":35.0,"turns":7.0},{"damage":0.0,"enemies":"Orb Walker","floor":36.0,"turns":3.0},{"damage":0,"enemies":"4 Shapes","floor":37,"turns":6},{"damage":20,"enemies":"Sphere and 2 Shapes","floor":38,"turns":6},{"damage":2,"enemies":"3 Darklings","floor":41,"turns":8},{"damage":21,"enemies":"Giant Head","floor":42,"turns":7},{"damage":0,"enemies":"4 Shapes","floor":46,"turns":5},{"damage":5,"enemies":"Transient","floor":47,"turns":5},{"damage":11,"enemies":"Reptomancer","floor":48,"turns":7},{"damage":43,"enemies":"Donu and Deca","floor":50,"turns":11}],"seed_played":"-5593354712079308569","potions_obtained":[{"floor":2.0,"key":"GamblersBrew"},{"floor":7.0,"key":"SteroidPotion"},{"floor":11.0,"key":"Swift Potion"},{"floor":14.0,"key":"Strength Potion"},{"floor":16.0,"key":"Poison Potion"}],"is_trial":false,"path_per_floor":["M","M","M","M","?","R","?","R","T","E","M","R","$","M","R","B",null,"M","M","$","M","M","R","M","?","T","E","$","R","E","T","R","B",null,"M","M","M","M","?","R","M","E","T","T","$","M","M","M","R","B"],"character_chosen":"THE_SILENT","items_purchased":["Dash","Leg Sweep","Blur","Metamorphosis+1","Footwork"],"campfire_rested":1,"item_purchase_floors":[13,20,28,45,45],"current_hp_per_floor":[70,70,70,59,70,70,61,61,71,56,52,52,52,41,41,36,80,71,69,69,69,68,68,68,68,68,67,67,67,47,47,47,30,80,76,76,76,56,56,56,54,33,33,33,33,33,28,17,56,13],"gold":61,"neow_bonus":"REMOVE_CARD","is_prod":false,"is_daily":false,"chose_seed":false,"campfire_upgraded":8,"win_rate":0,"timestamp":1538092073,"path_taken":["M","M","M","M","?","R","?","R","T","E","M","R","$","?","R","BOSS","M","M","$","M","M","R","M","?","T","E","$","R","E","?","R","BOSS","M","M","?","M","?","R","?","E","T","?","$","M","?","M","R","BOSS"],"build_version":"2018-09-20","purchased_purges":4,"victory":true,"max_hp_per_floor":[70,70,70,70,70,70,70,70,80,80,80,80,80,80,80,80,80,80,80,80,80,80,80,80,80,80,80,80,80,80,80,80,80,80,80,80,80,80,80,80,80,80,80,80,80,80,80,80,80,80],"card_choices":[{"not_picked":["Dodge and Roll","Acrobatics"],"picked":"Blade Dance","floor":1.0},{"not_picked":["Eviscerate","Choke"],"picked":"Skewer","floor":2.0},{"not_picked":["Quick Slash","Backflip","Cloak And Dagger"],"picked":"SKIP","floor":3.0},{"not_picked":["Masterful Stab","Poisoned Stab"],"picked":"Escape Plan","floor":4.0},{"not_picked":["Riddle With Holes","Dagger Spray"],"picked":"Bouncing Flask","floor":7.0},{"not_picked":["Reflex","Prepared"],"picked":"Catalyst","floor":10.0},{"not_picked":["Prepared","Finisher"],"picked":"PiercingWail","floor":11.0},{"not_picked":["Acrobatics","Deflect"],"picked":"Outmaneuver","floor":14.0},{"not_picked":["Flechettes+1","Bane","Blade Dance"],"picked":"SKIP","floor":18.0},{"not_picked":["Flechettes+1","Bane","Blade Dance"],"picked":"SKIP","floor":18.0},{"not_picked":["Flechettes+1","Bane","Blade Dance"],"picked":"SKIP","floor":18.0},{"not_picked":["Bane+1","Tactician"],"picked":"Noxious Fumes+1","floor":19.0},{"not_picked":["Dodge and Roll","Deadly Poison"],"picked":"Predator","floor":21.0},{"not_picked":["Bouncing Flask+1","Eviscerate+1","Bane"],"picked":"SKIP","floor":22.0},{"not_picked":["Poisoned Stab","Blade Dance+1","Dodge and Roll"],"picked":"SKIP","floor":24.0},{"not_picked":["Deflect","Crippling Poison"],"picked":"Dodge and Roll","floor":27.0},{"not_picked":["PiercingWail","Calculated Gamble"],"picked":"Dagger Throw","floor":30.0},{"not_picked":["Grand Finale","Wraith Form v2"],"picked":"Malaise+1","floor":33.0},{"not_picked":["Eviscerate"],"picked":"SKIP","floor":35.0},{"not_picked":["Dodge and Roll+1"],"picked":"SKIP","floor":36},{"not_picked":["Flying Knee+1"],"picked":"SKIP","floor":37},{"not_picked":[],"picked":"Infinite Blades+1","floor":38},{"not_picked":["Dagger Throw+1"],"picked":"SKIP","floor":41},{"not_picked":[],"picked":"Poisoned Stab+1","floor":42},{"not_picked":["Deflect+1"],"picked":"SKIP","floor":46},{"not_picked":["Deflect+1"],"picked":"SKIP","floor":46},{"not_picked":[],"picked":"Terror+1","floor":47},{"not_picked":[],"picked":"Deadly Poison+1","floor":48}],"player_experience":664770,"relics_obtained":[{"floor":7.0,"key":"Odd Mushroom"},{"floor":9.0,"key":"Pear"},{"floor":10.0,"key":"Gambling Chip"},{"floor":26.0,"key":"Smiling Mask"},{"floor":27.0,"key":"Vajra"},{"floor":30.0,"key":"Paper Crane"},{"floor":31.0,"key":"Toxic Egg 2"},{"floor":42,"key":"Pocketwatch"},{"floor":43,"key":"Bag of Preparation"},{"floor":44,"key":"Regal Pillow"}],"event_choices":[{"event_name":"Wheel of Change","player_choice":"Full Heal","floor":5.0,"damage_taken":0.0},{"event_name":"Mushrooms","player_choice":"Fought Mushrooms","floor":7.0,"damage_taken":0.0},{"event_name":"The Mausoleum","player_choice":"No","floor":25.0,"damage_taken":0.0},{"event_name":"Tomb of Lord Red Mask","player_choice":"Ignored","floor":39,"damage_taken":0}],"is_beta":false,"boss_relics":[{"not_picked":["Snecko Eye","Calling Bell"],"picked":"Sozu"},{"not_picked":["Orrery","Lizard Tail"],"picked":"Busted Crown"}],"items_purged_floors":[13,20,28,45],"is_endless":false,"potions_floor_spawned":[2,7,11,14,16,19,24,27,33,37,41,47,48],"ascension_level":1}