{"gold_per_floor":[214,214,224,224,32,61,81,114,114,40,40,53,53,88,88,193,193,211,211,33,53,53,84,99,129,207,217,252,252,268,298,298,393,393,408,427,527,538,586,586,617,630,654,665,29,29,29,60,60,60],"floor_reached":50,"playtime":5445,"items_purged":["Regret","Strike_B","Strike_B"],"score":925,"play_id":"284d5135-cf0a-40a6-8c08-b0a1f5e57d3c","local_time":"20190227211208","is_ascension_mode":true,"campfire_choices":[{"data":"Zap","floor":11,"key":"SMITH"},{"data":"Core Surge","floor":13,"key":"SMITH"},{"data":"Consume","floor":15,"key":"SMITH"},{"data":"Capacitor","floor":29,"key":"SMITH"},{"data":"Hologram","floor":32,"key":"SMITH"},{"floor":40,"key":"REST"},{"data":"Creative AI","floor":47,"key":"SMITH"},{"floor":49,"key":"RECALL"}],"neow_cost":"NONE","seed_source_timestamp":264465009261822,"circlet_count":0,"master_deck":["Defend_B","Defend_B","Defend_B","Defend_B","Zap+1","Dualcast","Chill","Cold Snap","Rip and Tear+1","Blizzard","Reprogram","Compile Driver","Consume+1","Capacitor+1","Core Surge+1","Auto Shields","Electrodynamics","White Noise+1","Hologram+1","Go for the Eyes+1","Glacier+1","Reboot","Leap","Cold Snap+1","Cold Snap+1","Creative AI+1","White Noise+1","Conserve Battery","Doom and Gloom+1","Leap+1","White Noise+1","Go for the Eyes+1","Sunder+1","Secret Technique","Force Field","Coolheaded+1"],"relics":["Cracked Core","Regal Pillow","Symbiotic Virus","Sundial","Orichalcum","Bag of Preparation","Nuclear Battery","Pen Nib","Potion Belt","Kunai","Shuriken","Molten Egg 2","Runic Pyramid","Calipers","StoneCalendar","Whetstone","Mummified Hand","Unceasing Top"],"potions_floor_usage":[6,8,23,25,33,33,38,39,39,48,50],"damage_taken":[{"damage":2,"enemies":"Jaw Worm","floor":1,"turns":3},{"damage":7,"enemies":"Small Slimes","floor":3,"turns":4},{"damage":9,"enemies":"3 Sentries","floor":6,"turns":7},{"damage":0,"enemies":"Cultist","floor":7,"turns":2},{"damage":17,"enemies":"Lagavulin","floor":8,"turns":6},{"damage":0,"enemies":"Large Slime","floor":12,"turns":6},{"damage":13,"enemies":"Gremlin Nob","floor":14,"turns":4},{"damage":3,"enemies":"The Guardian","floor":16,"turns":11},{"damage":6,"enemies":"Spheric Guardian","floor":18,"turns":3},{"damage":0,"enemies":"3 Byrds","floor":21,"turns":3},{"damage":1,"enemies":"Slavers","floor":23,"turns":6},{"damage":6,"enemies":"Shelled Parasite and Fungi","floor":24,"turns":5},{"damage":4,"enemies":"Gremlin Leader","floor":25,"turns":6},{"damage":19,"enemies":"Snake Plant","floor":27,"turns":3},{"damage":0,"enemies":"Book of Stabbing","floor":28,"turns":8},{"damage":0,"enemies":"Snecko","floor":30,"turns":4},{"damage":2,"enemies":"Slavers","floor":31,"turns":4},{"damage":2,"enemies":"Collector","floor":33,"turns":11},{"damage":10,"enemies":"3 Darklings","floor":35,"turns":6},{"damage":10,"enemies":"Orb Walker","floor":36,"turns":2},{"damage":0,"enemies":"Mind Bloom Boss Battle","floor":37,"turns":4},{"damage":10,"enemies":"4 Shapes","floor":38,"turns":4},{"damage":59,"enemies":"2 Orb Walkers","floor":39,"turns":7},{"damage":5,"enemies":"Nemesis","floor":41,"turns":9},{"damage":0,"enemies":"Maw","floor":42,"turns":7},{"damage":22,"enemies":"Sphere and 2 Shapes","floor":44,"turns":7},{"damage":0,"enemies":"Reptomancer","floor":48,"turns":5},{"damage":58,"enemies":"Time Eater","floor":50,"turns":7}],"seed_played":"8829663388820746831","potions_obtained":[{"floor":1,"key":"Strength Potion"},{"floor":3,"key":"SkillPotion"},{"floor":7,"key":"SkillPotion"},{"floor":14,"key":"Swift Potion"},{"floor":18,"key":"Regen Potion"},{"floor":24,"key":"Dexterity Potion"},{"floor":30,"key":"Strength Potion"},{"floor":31,"key":"Strength Potion"},{"floor":33,"key":"FairyPotion"},{"floor":35,"key":"Weak Potion"},{"floor":36,"key":"SpeedPotion"},{"floor":39,"key":"SpeedPotion"},{"floor":41,"key":"Energy Potion"}],"is_trial":false,"path_per_floor":["M","?","M","?","$","E","M","E","T","$","R","M","R","E","R","B",null,"M","?","$","M","?","E","M","E","T","M","E","R","M","E","R","B",null,"M","M","?","M","?","R","E","M","T","M","$","?","R","E","R","B"],"character_chosen":"DEFECT","items_purchased":["Rip and Tear","Blizzard","Capacitor","Self Repair","Mummified Hand","Secret Technique","Force Field"],"campfire_rested":1,"item_purchase_floors":[5,5,10,20,45,45,45],"current_hp_per_floor":[66,66,59,59,59,50,50,33,33,33,33,33,33,20,20,17,61,55,55,55,62,62,75,75,75,75,63,70,70,70,68,68,73,75,72,62,62,59,14,51,53,60,60,45,45,45,45,45,45,0],"gold":60,"neow_bonus":"HUNDRED_GOLD","is_prod":false,"is_daily":false,"chose_seed":false,"campfire_upgraded":6,"win_rate":0,"timestamp":1551330728,"path_taken":["M","?","M","?","$","E","M","E","T","$","R","?","R","E","R","BOSS","M","?","$","?","?","E","M","E","T","M","E","R","?","E","R","BOSS","M","?","?","M","?","R","E","M","T","M","$","?","R","E","R","BOSS"],"build_version":"2019-01-23","purchased_purges":3,"victory":false,"max_hp_per_floor":[75,75,75,75,75,75,75,75,75,75,75,75,75,75,75,75,75,75,75,75,75,75,75,75,75,75,75,75,75,75,75,75,75,75,75,75,75,75,75,75,75,75,75,75,75,75,75,75,75,75],"card_choices":[{"not_picked":["Chaos","Aggregate","Hello World"],"picked":"SKIP","floor":1},{"not_picked":["Genetic Algorithm","Turbo"],"picked":"Cold Snap","floor":3},{"not_picked":["Beam Cell","Rebound"],"picked":"Reprogram","floor":6},{"not_picked":["Hologram","Skim"],"picked":"Compile Driver","floor":7},{"not_picked":["Tempest","Barrage"],"picked":"Consume","floor":8},{"not_picked":["Streamline","Chill"],"picked":"Core Surge","floor":12},{"not_picked":["Sweeping Beam","Scrape"],"picked":"Auto Shields","floor":14},{"not_picked":["Multi-Cast","Buffer"],"picked":"Electrodynamics","floor":16},{"not_picked":["Consume","Ball Lightning"],"picked":"White Noise","floor":18},{"not_picked":["Hello World+1","Turbo"],"picked":"Hologram","floor":21},{"not_picked":["Storm","Ball Lightning"],"picked":"Go for the Eyes+1","floor":23},{"not_picked":["Rebound","Steam"],"picked":"Glacier+1","floor":24},{"not_picked":["Cold Snap","Blizzard"],"picked":"Reboot","floor":25},{"not_picked":["Turbo","Compile Driver"],"picked":"Leap","floor":27},{"not_picked":["Gash","Scrape"],"picked":"Cold Snap","floor":28},{"not_picked":["Compile Driver","Hologram"],"picked":"Cold Snap+1","floor":30},{"not_picked":["Steam Power+1","Gash","Compile Driver+1"],"picked":"SKIP","floor":31},{"not_picked":["Hyperbeam+1","Electrodynamics"],"picked":"Creative AI","floor":33},{"not_picked":["Ball Lightning+1","Streamline+1"],"picked":"White Noise+1","floor":35},{"not_picked":["Self Repair","Redo"],"picked":"Conserve Battery","floor":36},{"not_picked":["Skim+1","Steam"],"picked":"Doom and Gloom+1","floor":37},{"not_picked":["Sweeping Beam+1","Hello World+1"],"picked":"Leap+1","floor":38},{"not_picked":["Redo","BootSequence+1"],"picked":"White Noise+1","floor":39},{"not_picked":["Heatsinks","Stack","Rainbow"],"picked":"SKIP","floor":41},{"not_picked":["Gash+1","Sweeping Beam+1"],"picked":"Go for the Eyes+1","floor":42},{"not_picked":["Capacitor+1","Streamline+1"],"picked":"Sunder+1","floor":44},{"not_picked":["Steam Power+1","Doom and Gloom+1"],"picked":"Coolheaded+1","floor":48}],"player_experience":442268,"relics_obtained":[{"floor":6,"key":"Symbiotic Virus"},{"floor":8,"key":"Sundial"},{"floor":9,"key":"Orichalcum"},{"floor":14,"key":"Bag of Preparation"},{"floor":23,"key":"Pen Nib"},{"floor":25,"key":"Potion Belt"},{"floor":26,"key":"Kunai"},{"floor":28,"key":"Shuriken"},{"floor":31,"key":"Molten Egg 2"},{"floor":37,"key":"Calipers"},{"floor":39,"key":"StoneCalendar"},{"floor":41,"key":"Whetstone"},{"floor":48,"key":"Unceasing Top"}],"event_choices":[{"damage_healed":0,"gold_gain":0,"cards_transformed":["Strike_B"],"player_choice":"Change","damage_taken":0,"max_hp_gain":0,"max_hp_loss":0,"event_name":"Living Wall","floor":2,"gold_loss":0,"cards_obtained":["Chill"]},{"damage_healed":0,"gold_gain":0,"player_choice":"Box","damage_taken":0,"relics_obtained":["Regal Pillow"],"max_hp_gain":0,"max_hp_loss":0,"event_name":"Big Fish","floor":4,"gold_loss":0,"cards_obtained":["Regret"]},{"cards_removed":["Strike_B"],"damage_healed":0,"gold_gain":0,"player_choice":"Purged","damage_taken":0,"max_hp_gain":0,"max_hp_loss":0,"event_name":"Purifier","floor":19,"gold_loss":0},{"damage_healed":0,"gold_gain":0,"player_choice":"Forge","damage_taken":0,"max_hp_gain":0,"max_hp_loss":0,"event_name":"Accursed Blacksmith","floor":22,"gold_loss":0,"cards_upgraded":["White Noise"]},{"damage_healed":0,"gold_gain":0,"player_choice":"Fight","damage_taken":0,"max_hp_gain":0,"max_hp_loss":0,"event_name":"MindBloom","floor":37,"gold_loss":0},{"damage_healed":0,"gold_gain":0,"player_choice":"Fight","damage_taken":0,"max_hp_gain":0,"max_hp_loss":0,"event_name":"Mysterious Sphere","floor":39,"gold_loss":0},{"cards_removed":["Self Repair"],"damage_healed":0,"gold_gain":0,"player_choice":"Removed Power","damage_taken":0,"max_hp_gain":0,"max_hp_loss":0,"event_name":"Falling","floor":46,"gold_loss":0}],"is_beta":false,"boss_relics":[{"not_picked":["Pandora\u0027s Box","Ectoplasm"],"picked":"Nuclear Battery"},{"not_picked":["Lizard Tail","Velvet Choker"],"picked":"Runic Pyramid"}],"items_purged_floors":[5,20,45],"is_endless":false,"potions_floor_spawned":[1,3,7,14,18,21,24,30,31,33,35,36,39,41],"killed_by":"Time Eater","ascension_level":7}