{"gold_per_floor":[116,133,53,53,64,127,137,171,171,171,186,202,202,44,44,146,146,163,190,209,209,223,223,7,33,33,61,61,91,91,101,101,204,204,223,223,243,254,1,32,32,32,77,109,109,135,153,4,4,4],"floor_reached":51,"playtime":2659,"items_purged":["Writhe"],"score":931,"play_id":"cf1849ea-2d60-47de-8b35-50cba0cc0969","local_time":"20190228051441","is_ascension_mode":true,"campfire_choices":[{"data":"Heavy Blade","floor":10,"key":"SMITH"},{"data":"Pommel Strike","floor":15,"key":"SMITH"},{"data":"Dark Embrace","floor":23,"key":"SMITH"},{"data":"Fiend Fire","floor":28,"key":"SMITH"},{"floor":32,"key":"REST"},{"data":"Limit Break","floor":42,"key":"SMITH"},{"floor":49,"key":"REST"}],"neow_cost":"NONE","seed_source_timestamp":1205723937104933,"circlet_count":0,"master_deck":["Bash","Shrug It Off","Wild Strike","Spot Weakness","Seeing Red","Heavy Blade+1","Pommel Strike+1","Impervious+1","Intimidate+1","Rage","Pummel","Flame Barrier","Immolate","Demon Form","Havoc","Reckless Charge","Thunderclap","Fiend Fire+1","Limit Break+1","Dark Embrace+1","Armaments+1","Havoc+1","Dropkick","Metallicize","Metallicize+1","Thunderclap","Iron Wave+1","Reaper","Iron Wave+1","Clothesline+1","Warcry+1","Second Wind+1","Jack Of All Trades","Sword Boomerang+1","Power Through","Metallicize","Iron Wave+1","Impervious","Madness","Madness","Shrug It Off","Fire Breathing","Bandage Up","Inflame"],"relics":["Burning Blood","Strawberry","Tiny Chest","Red Skull","Self Forming Clay","Unceasing Top","Pandora\u0027s Box","Anchor","Happy Flower","Centennial Puzzle","Sundial","Vajra","Regal Pillow","Omamori","Astrolabe","War Paint","Bag of Marbles","Letter Opener","Bronze Scales","Smiling Mask","Blue Candle"],"potions_floor_usage":[33,50,50,50],"damage_taken":[{"damage":1,"enemies":"Cultist","floor":1,"turns":4},{"damage":9,"enemies":"Small Slimes","floor":2,"turns":5},{"damage":1,"enemies":"2 Louse","floor":5,"turns":3},{"damage":28,"enemies":"3 Sentries","floor":6,"turns":8},{"damage":1,"enemies":"Exordium Wildlife","floor":7,"turns":4},{"damage":44,"enemies":"Lagavulin","floor":8,"turns":8},{"damage":0,"enemies":"Gremlin Gang","floor":11,"turns":4},{"damage":0,"enemies":"Exordium Thugs","floor":12,"turns":4},{"damage":33,"enemies":"Hexaghost","floor":16,"turns":8},{"damage":0,"enemies":"Chosen","floor":18,"turns":4},{"damage":11,"enemies":"Spheric Guardian","floor":20,"turns":4},{"damage":9,"enemies":"Snake Plant","floor":22,"turns":2},{"damage":4,"enemies":"Book of Stabbing","floor":25,"turns":5},{"damage":23,"enemies":"Gremlin Leader","floor":27,"turns":5},{"damage":11,"enemies":"Book of Stabbing","floor":29,"turns":5},{"damage":23,"enemies":"Snecko","floor":31,"turns":4},{"damage":50,"enemies":"Collector","floor":33,"turns":7},{"damage":16,"enemies":"3 Darklings","floor":35,"turns":4},{"damage":0,"enemies":"Orb Walker","floor":37,"turns":3},{"damage":35,"enemies":"3 Darklings","floor":38,"turns":3},{"damage":36,"enemies":"Reptomancer","floor":40,"turns":6},{"damage":9,"enemies":"Giant Head","floor":44,"turns":4},{"damage":27,"enemies":"Nemesis","floor":46,"turns":5},{"damage":14,"enemies":"Maw","floor":47,"turns":6},{"damage":90,"enemies":"Awakened One","floor":50,"turns":9}],"seed_played":"-7187411913515064747","potions_obtained":[{"floor":2,"key":"Swift Potion"},{"floor":8,"key":"LiquidBronze"},{"floor":11,"key":"EssenceOfSteel"},{"floor":16,"key":"Poison Potion"},{"floor":20,"key":"Block Potion"},{"floor":29,"key":"PowerPotion"},{"floor":33,"key":"Energy Potion"},{"floor":46,"key":"BloodPotion"}],"is_trial":false,"path_per_floor":["M","M","$","?","M","E","M","E","T","R","M","M","?","$","R","B",null,"M","T","M","?","M","R","$","E","T","E","R","E","?","M","R","B",null,"M","?","M","M","$","E","T","R","T","E","?","E","M","$","R","B",null],"character_chosen":"IRONCLAD","items_purchased":["Spot Weakness","Pummel","Pommel Strike","Flame Barrier","Happy Flower","Metallicize","Metallicize","War Paint","Bandage Up","Inflame"],"campfire_rested":2,"item_purchase_floors":[3,14,14,14,24,24,39,39,48,48],"current_hp_per_floor":[87,84,84,84,87,65,70,32,32,32,38,44,44,44,44,17,87,87,87,82,82,79,79,79,81,81,64,64,59,59,42,83,39,87,77,77,83,78,78,48,48,48,48,64,53,32,24,24,65,38],"gold":4,"neow_bonus":"RANDOM_COMMON_RELIC","is_prod":false,"is_daily":false,"chose_seed":false,"campfire_upgraded":5,"win_rate":0,"timestamp":1551298481,"path_taken":["M","M","?","?","?","E","M","E","T","R","M","M","?","$","R","BOSS","M","?","?","?","M","R","$","E","T","E","R","E","?","M","R","BOSS","M","?","M","?","$","E","?","R","T","E","?","E","M","$","R","BOSS"],"build_version":"2019-01-23","purchased_purges":1,"victory":true,"max_hp_per_floor":[87,87,87,87,87,87,87,87,87,87,87,87,87,87,87,87,87,87,87,87,87,87,87,87,87,87,87,87,87,87,87,87,87,87,87,87,87,87,87,87,87,87,87,87,87,87,87,87,87,87],"card_choices":[{"not_picked":["Twin Strike","Headbutt"],"picked":"Shrug It Off","floor":1},{"not_picked":["Hemokinesis","Power Through"],"picked":"Wild Strike","floor":2},{"not_picked":["Perfected Strike","True Grit"],"picked":"Seeing Red","floor":5},{"not_picked":["Flame Barrier","Headbutt"],"picked":"Heavy Blade","floor":6},{"not_picked":["Juggernaut","Havoc"],"picked":"Pommel Strike","floor":7},{"not_picked":["Reckless Charge","Iron Wave"],"picked":"Impervious","floor":8},{"not_picked":["Wild Strike","Entrench"],"picked":"Intimidate","floor":11},{"not_picked":["Rupture","Intimidate"],"picked":"Rage","floor":12},{"not_picked":["Double Tap","Fiend Fire"],"picked":"Immolate","floor":16},{"not_picked":["True Grit+1","Wild Strike"],"picked":"Armaments+1","floor":18},{"not_picked":["Thunderclap","True Grit"],"picked":"Havoc+1","floor":20},{"not_picked":["Body Slam+1","Thunderclap"],"picked":"Dropkick","floor":22},{"not_picked":["Flex","Shrug It Off"],"picked":"Metallicize+1","floor":25},{"not_picked":["Twin Strike","Limit Break"],"picked":"Bloodletting","floor":27},{"not_picked":["Flame Barrier","Headbutt"],"picked":"Thunderclap","floor":29},{"not_picked":["Warcry","Twin Strike"],"picked":"Iron Wave+1","floor":31},{"not_picked":["Impervious","Feed"],"picked":"Reaper","floor":33},{"not_picked":["Wild Strike","Havoc+1"],"picked":"Second Wind+1","floor":35},{"not_picked":["Perfected Strike+1","Intimidate"],"picked":"Sword Boomerang+1","floor":37},{"not_picked":["Wild Strike+1","Perfected Strike"],"picked":"Power Through","floor":38},{"not_picked":["Berserk","Cleave"],"picked":"Iron Wave+1","floor":40},{"not_picked":["Warcry+1","Havoc+1"],"picked":"Impervious","floor":44},{"not_picked":["Uppercut","Anger"],"picked":"Shrug It Off","floor":46},{"not_picked":["Wild Strike","Combust+1"],"picked":"Fire Breathing","floor":47}],"player_experience":155543,"relics_obtained":[{"floor":6,"key":"Tiny Chest"},{"floor":8,"key":"Red Skull"},{"floor":9,"key":"Self Forming Clay"},{"floor":19,"key":"Anchor"},{"floor":25,"key":"Centennial Puzzle"},{"floor":26,"key":"Sundial"},{"floor":27,"key":"Vajra"},{"floor":29,"key":"Regal Pillow"},{"floor":40,"key":"Bag of Marbles"},{"floor":41,"key":"Letter Opener"},{"floor":43,"key":"Bronze Scales"},{"floor":44,"key":"Smiling Mask"},{"floor":46,"key":"Blue Candle"}],"event_choices":[{"cards_removed":["Strike_R"],"damage_healed":0,"gold_gain":0,"player_choice":"Offered Basic","damage_taken":0,"max_hp_gain":0,"max_hp_loss":0,"event_name":"Bonfire Elementals","floor":4,"gold_loss":0},{"damage_healed":0,"gold_gain":0,"player_choice":"Gave Potion","damage_taken":0,"relics_obtained":["Unceasing Top"],"max_hp_gain":0,"max_hp_loss":0,"event_name":"WeMeetAgain","floor":13,"gold_loss":0},{"damage_healed":0,"gold_gain":0,"player_choice":"Ignored","damage_taken":0,"max_hp_gain":0,"max_hp_loss":0,"event_name":"Ghosts","floor":21,"gold_loss":0},{"damage_healed":0,"gold_gain":0,"player_choice":"Opened","damage_taken":0,"relics_obtained":["Omamori"],"max_hp_gain":0,"max_hp_loss":0,"event_name":"The Mausoleum","floor":30,"gold_loss":0,"cards_obtained":["Writhe"]},{"damage_healed":0,"gold_gain":0,"player_choice":"1 cards matched","damage_taken":0,"max_hp_gain":0,"max_hp_loss":0,"event_name":"Match and Keep!","floor":36,"gold_loss":0,"cards_obtained":["Jack Of All Trades"]},{"damage_healed":0,"gold_gain":0,"player_choice":"Embrace Madness","damage_taken":11,"max_hp_gain":0,"max_hp_loss":0,"event_name":"Winding Halls","floor":45,"gold_loss":0,"cards_obtained":["Madness","Madness"]}],"is_beta":false,"boss_relics":[{"not_picked":["Fusion Hammer","Busted Crown"],"picked":"Pandora\u0027s Box"},{"not_picked":["Sozu","Black Blood"],"picked":"Astrolabe"}],"items_purged_floors":[39],"is_endless":false,"potions_floor_spawned":[2,8,11,16,20,22,27,29,33,38,46],"ascension_level":2}