{"gold_per_floor":[17,17,30,50,125,125,160,160,160,193,204,223,250,261,261,356,356,367,367,20,20,20],"floor_reached":22,"playtime":2052,"items_purged":[],"score":224,"play_id":"a1562c73-4e2d-478d-8afc-00408f6a25e6","local_time":"20180929035241","is_ascension_mode":true,"campfire_choices":[{"data":"Cloak And Dagger","floor":6,"key":"SMITH"},{"data":"Envenom","floor":8,"key":"SMITH"},{"data":"Footwork","floor":15,"key":"SMITH"}],"neow_cost":"NO_GOLD","seed_source_timestamp":57029996004670,"circlet_count":0,"master_deck":["Defend_G","Defend_G","Defend_G","Defend_G","Defend_G","Strike_G","Strike_G","Strike_G","Survivor","Neutralize","Flying Knee","Envenom+1","Riddle With Holes","Blade Dance","Cloak And Dagger+1","Bane","Bane+1","Footwork+1","Slice+1","Slice+1","Bullet Time","Calculated Gamble","Escape Plan","Well Laid Plans","Enlightenment"],"relics":["Ring of the Snake","Potion Belt","Unceasing Top","The Courier","Molten Egg 2","Singing Bowl","Busted Crown","Bottled Lightning"],"potions_floor_usage":[13,16,22,22],"damage_taken":[{"damage":0,"enemies":"Small Slimes","floor":1,"turns":3},{"damage":0,"enemies":"Cultist","floor":3,"turns":4},{"damage":0,"enemies":"Jaw Worm","floor":4,"turns":3},{"damage":12,"enemies":"3 Sentries","floor":7,"turns":9},{"damage":6,"enemies":"Gremlin Nob","floor":10,"turns":3},{"damage":14,"enemies":"Lots of Slimes","floor":11,"turns":5},{"damage":0,"enemies":"Exordium Thugs","floor":12,"turns":4},{"damage":4,"enemies":"3 Sentries","floor":13,"turns":6},{"damage":0,"enemies":"2 Fungi Beasts","floor":14,"turns":2},{"damage":2,"enemies":"The Guardian","floor":16,"turns":10},{"damage":12,"enemies":"2 Thieves","floor":18,"turns":4},{"damage":0,"enemies":"Colosseum Slavers","floor":22,"turns":4},{"damage":38,"enemies":"Colosseum Nobs","floor":22,"turns":5}],"seed_played":"2672026499474319650","potions_obtained":[{"floor":1,"key":"LiquidBronze"},{"floor":12,"key":"Dexterity Potion"},{"floor":13,"key":"Dexterity Potion"},{"floor":14,"key":"PowerPotion"},{"floor":18,"key":"GhostInAJar"}],"is_trial":false,"path_per_floor":["M","?","M","M","?","R","E","R","T","E","M","M","E","M","R","B",null,"M","?","$","?"],"character_chosen":"THE_SILENT","items_purchased":["Calculated Gamble","Escape Plan","Well Laid Plans","Bottled Lightning"],"campfire_rested":0,"item_purchase_floors":[20,20,20,20],"current_hp_per_floor":[70,70,70,70,63,63,51,51,51,45,31,31,27,27,27,25,70,60,47,47,33,0],"gold":20,"neow_bonus":"TRANSFORM_TWO_CARDS","is_prod":false,"is_daily":false,"chose_seed":false,"campfire_upgraded":3,"win_rate":0,"timestamp":1538207561,"path_taken":["M","?","M","?","?","R","E","R","T","E","M","M","E","M","R","BOSS","M","?","$","?","?"],"build_version":"2018-09-27","purchased_purges":0,"victory":false,"max_hp_per_floor":[70,70,70,70,70,70,70,70,70,70,70,70,70,70,70,70,70,72,77,77,77,77],"card_choices":[{"not_picked":["Outmaneuver","Quick Slash"],"picked":"Riddle With Holes","floor":1},{"not_picked":["Crippling Poison","Finisher"],"picked":"Blade Dance","floor":3},{"not_picked":["Tactician","Heel Hook"],"picked":"Cloak And Dagger","floor":4},{"not_picked":["Eviscerate","Slice"],"picked":"Bane","floor":7},{"not_picked":["Cloak And Dagger","Slice","Blade Dance"],"picked":"SKIP","floor":10},{"not_picked":["Dodge and Roll","Endless Agony+1"],"picked":"Bane+1","floor":11},{"not_picked":["Backstab+1","Dagger Spray+1"],"picked":"Footwork","floor":12},{"not_picked":["Caltrops","Dagger Spray+1"],"picked":"Slice+1","floor":13},{"not_picked":["Setup","Catalyst"],"picked":"Slice+1","floor":14},{"not_picked":["Corpse Explosion","Tools of the Trade"],"picked":"Bullet Time","floor":16},{"not_picked":["Dodge and Roll+1"],"picked":"Singing Bowl","floor":18}],"player_experience":690442,"relics_obtained":[{"floor":7,"key":"Unceasing Top"},{"floor":9,"key":"The Courier"},{"floor":10,"key":"Molten Egg 2"},{"floor":13,"key":"Singing Bowl"}],"event_choices":[{"event_name":"WeMeetAgain","player_choice":"Potion","floor":2,"damage_taken":0},{"event_name":"FaceTrader","player_choice":"Touch","floor":5,"damage_taken":0},{"event_name":"Forgotten Altar","player_choice":"Shed Blood","floor":19,"damage_taken":0},{"event_name":"Knowing Skull","player_choice":"CARD ","floor":21,"damage_taken":0},{"event_name":"Colosseum","player_choice":"Fight","floor":22,"damage_taken":0},{"event_name":"Colosseum","player_choice":"Fought Nobs","floor":22,"damage_taken":0}],"is_beta":false,"boss_relics":[{"not_picked":["Astrolabe","Coffee Dripper"],"picked":"Busted Crown"}],"items_purged_floors":[],"is_endless":false,"potions_floor_spawned":[1,12,13,14,18],"killed_by":"Colosseum Nobs","ascension_level":2}