{"path_per_floor":["M","M","M","?","M","M","M","M","T","M","R","M","M","M","R","B",null,"M","?","M","?","?","R"],"character_chosen":"IRONCLAD","items_purchased":[],"gold_per_floor":[119,138,150,400,420,434,445,456,456,472,472,482,498,513,513,608,608,623,623,641,666,666,666,666],"floor_reached":24,"campfire_rested":1,"playtime":1744,"item_purchase_floors":[],"current_hp_per_floor":[80,80,80,80,72,55,36,37,37,38,38,40,41,37,37,10,80,69,80,80,48,33,58,47],"items_purged":[],"gold":666,"score":196,"play_id":"7f9924b4-7a78-4a29-b66d-b8823c62ae48","local_time":"20180618152058","is_prod":false,"is_daily":false,"chose_seed":false,"is_ascension_mode":false,"campfire_upgraded":2,"win_rate":0.0,"timestamp":1529349658,"campfire_choices":[{"data":"Juggernaut","floor":11,"key":"SMITH"},{"data":"Armaments","floor":15,"key":"SMITH"},{"floor":23,"key":"REST"}],"path_taken":["M","M","?","?","M","M","M","M","T","M","R","M","M","M","R","BOSS","M","?","M","?","?","R","?"],"build_version":"2018-06-14v2","seed_source_timestamp":9358236751776,"purchased_purges":0,"victory":false,"master_deck":["Strike_R","Strike_R","Strike_R","Strike_R","Strike_R","Defend_R","Defend_R","Defend_R","Defend_R","Bash","Body Slam","Armaments+1","Metallicize","Regret","Evolve","Juggernaut+1","Power Through","Iron Wave","Flame Barrier","Ghostly Armor","Havoc","Bloodletting+1"],"max_hp_per_floor":[80,80,80,80,80,80,80,80,80,80,80,80,80,80,80,80,80,80,80,80,80,85,85,85],"relics":["Burning Blood","Bottled Tornado","Velvet Choker","Red Mask"],"card_choices":[{"not_picked":["Cleave","Shrug It Off"],"picked":"Body Slam","floor":1},{"not_picked":["Perfected Strike","Heavy Blade"],"picked":"Armaments","floor":2},{"not_picked":["Flex","Armaments"],"picked":"Metallicize","floor":3},{"not_picked":["Twin Strike","Thunderclap"],"picked":"Evolve","floor":5},{"not_picked":["Dual Wield","Shockwave"],"picked":"Juggernaut","floor":6},{"not_picked":["Thunderclap","Body Slam"],"picked":"Power Through","floor":7},{"not_picked":["Body Slam","Twin Strike","Iron Wave"],"picked":"SKIP","floor":8},{"not_picked":["Perfected Strike","Immolate","Havoc"],"picked":"SKIP","floor":10},{"not_picked":["Havoc","Intimidate"],"picked":"Iron Wave","floor":12},{"not_picked":["Warcry","Flex"],"picked":"Flame Barrier","floor":13},{"not_picked":["Flame Barrier","Infernal Blade"],"picked":"Ghostly Armor","floor":14},{"not_picked":["Headbutt","Twin Strike"],"picked":"Havoc","floor":18},{"not_picked":["Warcry","Cleave","Sword Boomerang"],"picked":"SKIP","floor":20},{"not_picked":["Carnage+1","Headbutt"],"picked":"Bloodletting+1","floor":21}],"player_experience":42422,"potions_floor_usage":[7,12,13,16,16,21],"damage_taken":[{"damage":1,"enemies":"Cultist","floor":1,"turns":3},{"damage":6,"enemies":"Jaw Worm","floor":2,"turns":3},{"damage":0,"enemies":"2 Louse","floor":3,"turns":3},{"damage":14,"enemies":"Blue Slaver","floor":5,"turns":4},{"damage":23,"enemies":"3 Louse","floor":6,"turns":6},{"damage":25,"enemies":"Gremlin Gang","floor":7,"turns":8},{"damage":5,"enemies":"Exordium Wildlife","floor":8,"turns":6},{"damage":5,"enemies":"3 Louse","floor":10,"turns":4},{"damage":4,"enemies":"Looter","floor":12,"turns":3},{"damage":5,"enemies":"Exordium Thugs","floor":13,"turns":5},{"damage":10,"enemies":"Exordium Wildlife","floor":14,"turns":6},{"damage":33,"enemies":"Slime Boss","floor":16,"turns":11},{"damage":17,"enemies":"Shell Parasite","floor":18,"turns":5},{"damage":3,"enemies":"Chosen","floor":20,"turns":4},{"damage":38,"floor":21,"turns":6},{"damage":11,"enemies":"Centurion and Healer","floor":24,"turns":8}],"relics_obtained":[{"floor":9,"key":"Bottled Tornado"},{"floor":21,"key":"Red Mask"}],"event_choices":[{"event_name":"Golden Shrine","player_choice":"Desecrate","floor":4,"damage_taken":0},{"event_name":"Wheel of Change","player_choice":"Full Heal","floor":19,"damage_taken":0},{"event_name":"Masked Bandits","player_choice":"Fought over 641 gold","floor":21,"damage_taken":0},{"event_name":"Forgotten Altar","player_choice":"Shed Blood","floor":22,"damage_taken":0}],"boss_relics":[{"not_picked":["Runic Dome","Mark of Pain"],"picked":"Velvet Choker"}],"items_purged_floors":[],"is_endless":false,"potions_floor_spawned":[2,5,8,12,13,16,18],"seed_played":"-7892144621251289008","killed_by":"Centurion and Healer","ascension_level":0,"potions_obtained":[{"floor":2,"key":"Ancient Potion"},{"floor":5,"key":"Weak Potion"},{"floor":8,"key":"Fire Potion"},{"floor":12,"key":"GamblersBrew"},{"floor":13,"key":"Fire Potion"},{"floor":16,"key":"Block Potion"},{"floor":18,"key":"FearPotion"}],"is_trial":false}