{"gold_per_floor":[117,117,131,306,45,78,78,112,112,127,127,161,161,176,176,274,274,284,384,12,12,29,29,29,59,82,82,109,122,136,161,161,260,260,275,275,275,57,72,72],"floor_reached":40,"playtime":1777,"items_purged":["Doubt","Defend_R"],"score":739,"play_id":"7e9282eb-f439-4c1c-9b74-18325bc37ee0","local_time":"20190225173627","is_ascension_mode":true,"campfire_choices":[{"data":"Inflame","floor":7,"key":"SMITH"},{"floor":13,"key":"REST"},{"data":"Uppercut","floor":15,"key":"SMITH"},{"data":"Inflame","floor":23,"key":"SMITH"},{"floor":27,"key":"RECALL"},{"data":"Heavy Blade","floor":32,"key":"SMITH"}],"neow_cost":"TEN_PERCENT_HP_LOSS","seed_source_timestamp":0,"circlet_count":0,"master_deck":["Defend_R","Defend_R","Defend_R","Immolate","Thunderclap","Armaments","Inflame+1","Master of Strategy","Shrug It Off","Headbutt","Demon Form","Heavy Blade+1","Uppercut+1","Seeing Red","Demon Form","Seeing Red+1","Inflame+1","Shrug It Off","Bite","Bite","Bite","Bite","Bite","Warcry+1","Sword Boomerang","Flex+1","Brutality","Whirlwind","Madness","Madness"],"special_seed":0,"relics":["Burning Blood","Prayer Wheel","Pocketwatch","Pantograph","Thread and Needle","StoneCalendar","Busted Crown","Bird Faced Urn","Dodecahedron","Membership Card","Juzu Bracelet","Omamori","Oddly Smooth Stone","Vajra","Meat on the Bone","Turnip","Empty Cage","OrangePellets"],"potions_floor_usage":[12,16,16,19,28,29,31,31,40,40,40],"damage_taken":[{"damage":9.0,"enemies":"Jaw Worm","floor":1.0,"turns":3.0},{"damage":0.0,"enemies":"2 Louse","floor":3.0,"turns":1.0},{"damage":32,"enemies":"3 Sentries","floor":6,"turns":6},{"damage":14,"enemies":"Lagavulin","floor":8,"turns":6},{"damage":0,"enemies":"Cultist","floor":10,"turns":2},{"damage":23,"enemies":"Gremlin Nob","floor":12,"turns":4},{"damage":0,"enemies":"Exordium Wildlife","floor":14,"turns":5},{"damage":15,"enemies":"The Guardian","floor":16,"turns":7},{"damage":5,"enemies":"Shell Parasite","floor":18,"turns":5},{"damage":27,"enemies":"Colosseum Slavers","floor":19,"turns":3},{"damage":7,"enemies":"Colosseum Nobs","floor":19,"turns":3},{"damage":0,"enemies":"Spheric Guardian","floor":22,"turns":3},{"damage":0,"enemies":"Gremlin Leader","floor":25,"turns":3},{"damage":16,"enemies":"Book of Stabbing","floor":28,"turns":3},{"damage":30,"enemies":"Shelled Parasite and Fungi","floor":29,"turns":3},{"damage":10,"enemies":"3 Cultists","floor":30,"turns":4},{"damage":35,"enemies":"Slavers","floor":31,"turns":5},{"damage":10,"enemies":"Champ","floor":33,"turns":6},{"damage":32,"enemies":"3 Darklings","floor":35,"turns":4},{"damage":2,"enemies":"Orb Walker","floor":39,"turns":4},{"damage":59,"enemies":"Nemesis","floor":40,"turns":6}],"seed_played":"3479846894653948753","potions_obtained":[{"floor":6,"key":"LiquidBronze"},{"floor":12,"key":"Weak Potion"},{"floor":14,"key":"PowerPotion"},{"floor":16,"key":"FearPotion"},{"floor":19,"key":"Fire Potion"},{"floor":25,"key":"SkillPotion"},{"floor":29,"key":"Energy Potion"},{"floor":30,"key":"SkillPotion"},{"floor":33,"key":"Swift Potion"}],"is_trial":false,"path_per_floor":["M","?","M","?","$","E","R","E","T","M","T","E","R","M","R","B",null,"M","?","$","?","M","R","?","E","T","R","E","M","M","E","R","B",null,"M","?","?","$","M","E"],"character_chosen":"IRONCLAD","items_purchased":["Master of Strategy","Membership Card","Shrug It Off","Juzu Bracelet","Omamori","OrangePellets","BloodPotion","Weak Potion"],"campfire_rested":1,"item_purchase_floors":[5,20,20,20,20,38,38,38],"current_hp_per_floor":[69,51,57,57,57,31,31,23,23,29,29,12,33,39,39,55,68,69,47,47,47,50,50,50,50,50,50,40,42,48,41,41,50,50,42,32,26,26,38,0],"gold":72,"neow_bonus":"TRANSFORM_TWO_CARDS","is_prod":false,"is_daily":false,"chose_seed":false,"campfire_upgraded":4,"win_rate":0,"timestamp":1551069387,"path_taken":["M","?","M","?","$","E","R","E","T","M","?","E","R","M","R","BOSS","M","?","$","?","M","R","?","E","T","R","E","M","M","E","R","BOSS","M","?","?","$","M","E"],"build_version":"2019-01-23","purchased_purges":2,"victory":false,"max_hp_per_floor":[72,72,72,72,72,72,72,72,72,72,72,72,72,72,72,72,72,72,72,72,50,50,50,50,50,50,50,50,50,50,50,50,50,50,50,50,50,50,50,50],"card_choices":[{"not_picked":["Anger","Entrench"],"picked":"Thunderclap","floor":1.0},{"not_picked":["Perfected Strike","Sword Boomerang"],"picked":"Armaments","floor":3.0},{"not_picked":["Flex","Body Slam"],"picked":"Inflame","floor":3.0},{"not_picked":["Battle Trance","Twin Strike"],"picked":"Shrug It Off","floor":6},{"not_picked":["Iron Wave","Shrug It Off"],"picked":"Headbutt","floor":8},{"not_picked":["Thunderclap","True Grit"],"picked":"Demon Form","floor":10},{"not_picked":["Pommel Strike","Warcry"],"picked":"Heavy Blade","floor":10},{"not_picked":["Intimidate","Dark Embrace","Heavy Blade"],"picked":"SKIP","floor":12},{"not_picked":["Combust","Power Through"],"picked":"Uppercut","floor":14},{"not_picked":["Havoc","Warcry"],"picked":"Seeing Red","floor":14},{"not_picked":["Barricade","Fiend Fire"],"picked":"Demon Form","floor":16},{"not_picked":[],"picked":"Seeing Red+1","floor":18},{"not_picked":["Evolve"],"picked":"SKIP","floor":18},{"not_picked":[],"picked":"Inflame","floor":19},{"not_picked":[],"picked":"Warcry+1","floor":22},{"not_picked":["Cleave"],"picked":"SKIP","floor":22},{"not_picked":["Armaments"],"picked":"SKIP","floor":25},{"not_picked":[],"picked":"Sword Boomerang","floor":28},{"not_picked":["Impervious"],"picked":"SKIP","floor":29},{"not_picked":["Body Slam"],"picked":"SKIP","floor":29},{"not_picked":["Wild Strike"],"picked":"SKIP","floor":30},{"not_picked":["Entrench+1"],"picked":"SKIP","floor":30},{"not_picked":[],"picked":"Flex+1","floor":31},{"not_picked":[],"picked":"Brutality","floor":33},{"not_picked":[],"picked":"Whirlwind","floor":35},{"not_picked":["Warcry"],"picked":"SKIP","floor":35},{"not_picked":["Wild Strike+1"],"picked":"SKIP","floor":39},{"not_picked":["Pommel Strike"],"picked":"SKIP","floor":39}],"player_experience":408196,"relics_obtained":[{"floor":6,"key":"Pocketwatch"},{"floor":8,"key":"Pantograph"},{"floor":11,"key":"Thread and Needle"},{"floor":12,"key":"StoneCalendar"},{"floor":19,"key":"Bird Faced Urn"},{"floor":19,"key":"Dodecahedron"},{"floor":25,"key":"Oddly Smooth Stone"},{"floor":26,"key":"Vajra"},{"floor":28,"key":"Meat on the Bone"},{"floor":31,"key":"Turnip"}],"event_choices":[{"damage_healed":0.0,"max_hp_gain":0.0,"max_hp_loss":0.0,"gold_gain":0.0,"event_name":"Scrap Ooze","player_choice":"Success","floor":2.0,"gold_loss":0.0,"damage_taken":18.0,"relics_obtained":["Prayer Wheel"]},{"damage_healed":0.0,"max_hp_gain":0.0,"max_hp_loss":0.0,"gold_gain":175.0,"event_name":"Liars Game","player_choice":"AGREE","floor":4.0,"gold_loss":0.0,"damage_taken":0.0,"cards_obtained":["Doubt"]},{"damage_healed":0,"gold_gain":0,"player_choice":"Fight","damage_taken":0,"max_hp_gain":0,"max_hp_loss":0,"event_name":"Colosseum","floor":19,"gold_loss":0},{"damage_healed":0,"gold_gain":0,"player_choice":"Fought Nobs","damage_taken":0,"max_hp_gain":0,"max_hp_loss":0,"event_name":"Colosseum","floor":19,"gold_loss":0},{"damage_healed":0,"gold_gain":0,"player_choice":"Became a vampire","damage_taken":0,"max_hp_gain":0,"max_hp_loss":22,"event_name":"Vampires","floor":21,"gold_loss":0,"cards_obtained":["Bite","Bite","Bite","Bite","Bite"]},{"damage_healed":0,"gold_gain":0,"player_choice":"Ignored","damage_taken":0,"max_hp_gain":0,"max_hp_loss":0,"event_name":"Ghosts","floor":24,"gold_loss":0},{"damage_healed":0,"gold_gain":0,"player_choice":"Memory 3","damage_taken":10,"max_hp_gain":0,"max_hp_loss":0,"event_name":"SensoryStone","floor":36,"gold_loss":0},{"damage_healed":0,"gold_gain":0,"player_choice":"Embrace Madness","damage_taken":6,"max_hp_gain":0,"max_hp_loss":0,"event_name":"Winding Halls","floor":37,"gold_loss":0,"cards_obtained":["Madness","Madness"]}],"is_beta":false,"boss_relics":[{"not_picked":["Philosopher\u0027s Stone","White Beast Statue"],"picked":"Busted Crown"},{"not_picked":["Velvet Choker","Tiny House"],"picked":"Empty Cage"}],"items_purged_floors":[5,38],"is_endless":false,"potions_floor_spawned":[6,12,14,16,19,25,29,30,33],"killed_by":"Nemesis","ascension_level":8}