{"gold_per_floor":[114,114,128,128,146,189,189,214,214,245,263,277,277,317,317,317],"floor_reached":16,"playtime":2069,"items_purged":[],"score":122,"play_id":"f2e52c90-17a5-4007-a78e-835c79d2fa09","local_time":"20190212162723","is_ascension_mode":false,"campfire_choices":[{"floor":7,"key":"REST"},{"floor":13,"key":"REST"},{"floor":15,"key":"REST"}],"neow_cost":"NONE","seed_source_timestamp":8830579388274,"circlet_count":0,"master_deck":["Defend_G","Defend_G","Defend_G","Defend_G","Defend_G","Strike_G","Strike_G","Strike_G+1","Strike_G","Strike_G+1","Survivor","Neutralize","Dagger Throw","Poisoned Stab","Flash of Steel","Deadly Poison","Injury","Heel Hook","Underhanded Strike","Dodge and Roll","Burst","PiercingWail","Endless Agony","Bouncing Flask"],"relics":["Ring of the Snake","NeowsBlessing","Golden Idol","Ancient Tea Set","Centennial Puzzle","Pear","Whetstone"],"potions_floor_usage":[10,10,10],"damage_taken":[{"damage":0,"enemies":"Small Slimes","floor":1,"turns":1},{"damage":0,"enemies":"Jaw Worm","floor":3,"turns":1},{"damage":0,"enemies":"Cultist","floor":5,"turns":1},{"damage":24,"enemies":"Gremlin Nob","floor":6,"turns":4},{"damage":10,"enemies":"Large Slime","floor":8,"turns":6},{"damage":40,"enemies":"3 Sentries","floor":10,"turns":13},{"damage":1,"enemies":"2 Fungi Beasts","floor":11,"turns":4},{"damage":4,"enemies":"3 Louse","floor":12,"turns":5},{"damage":21,"enemies":"Lagavulin","floor":14,"turns":6},{"damage":56,"enemies":"Slime Boss","floor":16,"turns":9}],"seed_played":"-6253210749980014004","potions_obtained":[{"floor":1,"key":"Regen Potion"},{"floor":3,"key":"EntropicBrew"},{"floor":10,"key":"GhostInAJar"}],"is_trial":false,"path_per_floor":["?","?","M"],"character_chosen":"THE_SILENT","items_purchased":[],"campfire_rested":3,"item_purchase_floors":[],"current_hp_per_floor":[70,53,53,53,53,29,50,40,40,25,24,20,44,23,47,0],"gold":317,"neow_bonus":"THREE_ENEMY_KILL","is_prod":false,"is_daily":false,"chose_seed":false,"campfire_upgraded":0,"win_rate":0.0,"timestamp":1549963643,"path_taken":["M","?","M","?","M","E","R","?","T","E","M","M","R","E","R","BOSS"],"build_version":"2019-01-23","purchased_purges":0,"victory":false,"max_hp_per_floor":[70,70,70,70,70,70,70,70,70,80,80,80,80,80,80,80],"card_choices":[{"not_picked":["Footwork","Prepared"],"picked":"Dagger Throw","floor":1},{"not_picked":["Acrobatics","Endless Agony"],"picked":"Poisoned Stab","floor":3},{"not_picked":["Deadly Poison","Acrobatics"],"picked":"Heel Hook","floor":5},{"not_picked":["Blade Dance","Prepared"],"picked":"Underhanded Strike","floor":6},{"not_picked":["Acrobatics","Poisoned Stab"],"picked":"Dodge and Roll","floor":8},{"not_picked":["Deadly Poison","Quick Slash"],"picked":"Burst","floor":10},{"not_picked":["Backflip","Dagger Throw"],"picked":"PiercingWail","floor":11},{"not_picked":["Well Laid Plans","Prepared"],"picked":"Endless Agony","floor":12},{"not_picked":["Acrobatics","Expertise"],"picked":"Bouncing Flask","floor":14}],"player_experience":70483,"relics_obtained":[{"floor":6,"key":"Ancient Tea Set"},{"floor":9,"key":"Centennial Puzzle"},{"floor":10,"key":"Pear"},{"floor":14,"key":"Whetstone"}],"event_choices":[{"damage_healed":0,"gold_gain":0,"player_choice":"Take Damage","damage_taken":17,"relics_obtained":["Golden Idol"],"max_hp_gain":0,"max_hp_loss":0,"event_name":"Golden Idol","floor":2,"gold_loss":0},{"damage_healed":0,"gold_gain":0,"player_choice":"3 cards matched","damage_taken":0,"max_hp_gain":0,"max_hp_loss":0,"event_name":"Match and Keep!","floor":4,"gold_loss":0,"cards_obtained":["Flash of Steel","Deadly Poison","Injury"]}],"is_beta":false,"boss_relics":[],"items_purged_floors":[],"is_endless":false,"potions_floor_spawned":[1,3,10],"killed_by":"Slime Boss","ascension_level":0}