{"gold_per_floor":[219,100,120,136,211,211,211,211,211,225,236,269,269,269,269,269],"floor_reached":16,"playtime":458,"items_purged":[],"score":100,"play_id":"fbb0dc59-181a-4deb-a9e6-0c15b94abec5","local_time":"20190123165723","is_ascension_mode":false,"campfire_choices":[{"data":"Whirlwind","floor":6.0,"key":"SMITH"},{"data":"Inflame","floor":15.0,"key":"SMITH"}],"neow_cost":"NONE","seed_source_timestamp":0,"circlet_count":0,"master_deck":["Strike_R","Strike_R","Strike_R","Strike_R","Defend_R","Defend_R","Defend_R","Defend_R","Bash","Iron Wave","Inflame+1","Whirlwind+1","Flex","Sword Boomerang"],"special_seed":0,"relics":["Burning Blood","Dodecahedron","Juzu Bracelet","Potion Belt"],"potions_floor_usage":[16],"damage_taken":[{"damage":12.0,"enemies":"Small Slimes","floor":1.0,"turns":5.0},{"damage":1.0,"enemies":"Jaw Worm","floor":3.0,"turns":3.0},{"damage":1.0,"enemies":"Cultist","floor":4.0,"turns":3.0},{"damage":1.0,"enemies":"Exordium Thugs","floor":10.0,"turns":3.0},{"damage":10.0,"enemies":"Looter","floor":11.0,"turns":3.0},{"damage":11.0,"enemies":"Lagavulin","floor":12.0,"turns":6.0},{"damage":51,"enemies":"Hexaghost","floor":16,"turns":10}],"seed_played":"5026210761961846918","potions_obtained":[{"floor":10.0,"key":"SteroidPotion"},{"floor":11.0,"key":"EssenceOfSteel"}],"is_trial":false,"path_per_floor":["M","$","M","M","?","R","?","?","T","M","M","E","?","?","R","B"],"character_chosen":"IRONCLAD","items_purchased":["Inflame","Whirlwind"],"campfire_rested":0,"item_purchase_floors":[2,2],"current_hp_per_floor":[74,74,79,80,69,69,69,62,62,67,63,58,63,45,45,0],"gold":269,"neow_bonus":"HUNDRED_GOLD","is_prod":false,"is_daily":false,"chose_seed":false,"campfire_upgraded":2,"win_rate":1,"timestamp":1548215843,"path_taken":["M","$","M","M","?","R","?","?","T","M","M","E","?","?","R","BOSS"],"build_version":"2019-01-17v2","purchased_purges":0,"victory":false,"max_hp_per_floor":[80,80,80,80,80,80,80,80,80,80,80,80,85,85,85,85],"card_choices":[{"not_picked":["Body Slam","Entrench"],"picked":"Iron Wave","floor":1.0},{"not_picked":["Searing Blow","Rage","Cleave"],"picked":"SKIP","floor":3.0},{"not_picked":["Warcry","Intimidate"],"picked":"Flex","floor":4.0},{"not_picked":["Heavy Blade","Iron Wave"],"picked":"Sword Boomerang","floor":10.0},{"not_picked":["Bloodletting","Clash","Sword Boomerang"],"picked":"SKIP","floor":11.0},{"not_picked":["Sever Soul","Carnage","Burning Pact"],"picked":"SKIP","floor":12.0}],"player_experience":3786,"relics_obtained":[{"floor":9.0,"key":"Dodecahedron"},{"floor":12.0,"key":"Juzu Bracelet"}],"event_choices":[{"damage_healed":0.0,"max_hp_gain":0.0,"max_hp_loss":0.0,"gold_gain":75.0,"event_name":"World of Goop","player_choice":"Gather Gold","floor":5.0,"gold_loss":0.0,"damage_taken":11.0},{"damage_healed":0.0,"max_hp_gain":0.0,"max_hp_loss":0.0,"gold_gain":0.0,"event_name":"Liars Game","player_choice":"Ignored","floor":7.0,"gold_loss":0.0,"damage_taken":0.0},{"cards_removed":["Strike_R"],"damage_healed":0.0,"max_hp_gain":0.0,"max_hp_loss":0.0,"gold_gain":0.0,"event_name":"Golden Wing","player_choice":"Card Removal","floor":8.0,"gold_loss":0.0,"damage_taken":7.0},{"damage_healed":0.0,"max_hp_gain":5.0,"max_hp_loss":0.0,"gold_gain":0.0,"event_name":"Big Fish","player_choice":"Donut","floor":13.0,"gold_loss":0.0,"damage_taken":0.0},{"damage_healed":0.0,"max_hp_gain":0.0,"max_hp_loss":0.0,"gold_gain":0.0,"event_name":"Scrap Ooze","player_choice":"Success","floor":14.0,"gold_loss":0.0,"damage_taken":18.0,"relics_obtained":["Potion Belt"]}],"is_beta":false,"boss_relics":[],"items_purged_floors":[],"is_endless":false,"potions_floor_spawned":[10,11],"killed_by":"Hexaghost","ascension_level":0}