{"path_per_floor":["M","M","M","?","$","E","M","R","T","?","M","M","M","M","R","B",null,"M","M","M","M","?","E","T","M","T","?","M","$","R","M","R","B",null,"M","M","?","?","M","$","M","M","T","R","M","R","E","M","R","B"],"character_chosen":"IRONCLAD","items_purchased":["Blood for Blood","Seeing Red+1","Bottled Tornado","Dual Wield+1","Corruption","Havoc+1"],"gold_per_floor":[114,129,144,144,66,96,111,111,111,111,156,171,186,201,201,301,301,316,331,346,361,361,391,416,431,481,481,496,90,90,105,105,205,205,220,235,235,235,250,42,57,72,72,72,87,87,117,132,132,132],"floor_reached":51,"campfire_rested":0,"playtime":1681,"item_purchase_floors":[5,29,29,29,40,40],"current_hp_per_floor":[80,83,86,69,69,70,56,56,56,53,47,57,64,62,62,89,95,101,90,94,99,104,104,104,101,101,85,93,93,93,100,100,106,109,106,109,114,100,99,99,102,114,124,124,127,127,134,131,131,103],"items_purged":["Madness+1"],"gold":132,"score":1084,"play_id":"06661398-acf7-498e-af1b-5ea9818d6eeb","local_time":"20180530190130","daily_mods":["Shiny","Uncertain Future","Vintage"],"is_prod":false,"is_daily":true,"chose_seed":false,"is_ascension_mode":false,"campfire_upgraded":7,"win_rate":0,"timestamp":1527663690,"campfire_choices":[{"data":"Offering","floor":8,"key":"SMITH"},{"data":"Brutality","floor":15,"key":"SMITH"},{"data":"Dark Embrace","floor":30,"key":"SMITH"},{"data":"Exhume","floor":32,"key":"SMITH"},{"data":"Corruption","floor":44,"key":"SMITH"},{"data":"Bludgeon","floor":46,"key":"SMITH"},{"data":"Immolate","floor":49,"key":"SMITH"}],"path_taken":["M","M","M","?","$","E","?","R","T","?","M","M","M","M","R","BOSS","M","M","M","M","?","E","?","M","T","?","M","$","R","M","R","BOSS","M","M","?","?","M","$","M","M","T","R","?","R","E","M","R","BOSS"],"build_version":"2018-05-28","seed_source_timestamp":0,"purchased_purges":1,"victory":true,"master_deck":["Double Tap+1","Demon Form+1","Bludgeon+1","Feed+1","Limit Break+1","Barricade","Fiend Fire+1","Dark Embrace+1","Berserk","Impervious","Juggernaut","Brutality+1","Reaper+1","Exhume+1","Offering+1","Immolate+1","Blood for Blood","Sentinel+1","Necronomicurse","Seeing Red+1","Dual Wield+1","Madness+1","Corruption+1","Havoc+1","Fire Breathing+1"],"max_hp_per_floor":[80,83,86,86,86,86,86,86,86,86,89,89,92,95,95,95,95,101,101,101,104,104,104,104,104,104,104,104,104,104,107,107,109,109,109,109,114,114,114,114,114,114,124,124,127,127,134,138,138,138],"relics":["Burning Blood","War Paint","Bronze Scales","Paper Frog","Toxic Egg 2","Self Forming Clay","Prayer Wheel","Pantograph","Tiny Chest","Blood Vial","Lantern","Sundial","Bottled Flame","Philosopher\u0027s Stone","Singing Bowl","Matryoshka","Happy Flower","Mummified Hand","Molten Egg 2","Regal Pillow","Dream Catcher","Meat on the Bone","Vajra","Bag of Preparation","Necronomicon","Dead Branch","Bottled Tornado","Omamori","Question Card","White Beast Statue","Mercury Hourglass","Orichalcum","Centennial Puzzle","Bag of Marbles","Toolbox","Pear","Whetstone","Strawberry","Blue Candle"],"card_choices":[{"not_picked":["Anger","Perfected Strike","Body Slam"],"picked":"SKIP","floor":6},{"not_picked":["Fiend Fire","Searing Blow+1"],"picked":"Sentinel+1","floor":23},{"not_picked":["Dark Embrace","Fiend Fire+1","Bludgeon+1"],"picked":"Singing Bowl","floor":33},{"not_picked":["Pummel+1","Perfected Strike+1","Body Slam+1"],"picked":"Fire Breathing+1","floor":47}],"player_experience":303104,"potions_floor_usage":[6,23,33,33,37,42,50,50],"damage_taken":[{"damage":0,"enemies":"2 Louse","floor":1,"turns":1},{"damage":1,"enemies":"Small Slimes","floor":2,"turns":2},{"damage":4,"enemies":"Cultist","floor":3,"turns":2},{"damage":5,"enemies":"Gremlin Nob","floor":6,"turns":3},{"damage":20,"enemies":"Blue Slaver","floor":7,"turns":2},{"damage":15,"enemies":"Exordium Wildlife","floor":11,"turns":3},{"damage":5,"enemies":"Gremlin Gang","floor":12,"turns":2},{"damage":4,"enemies":"Blue Slaver","floor":13,"turns":1},{"damage":13,"enemies":"Red Slaver","floor":14,"turns":2},{"damage":6,"enemies":"Slime Boss","floor":16,"turns":3},{"damage":4,"enemies":"2 Thieves","floor":18,"turns":1},{"damage":17,"enemies":"Shell Parasite","floor":19,"turns":2},{"damage":4,"enemies":"Snake Plant","floor":20,"turns":1},{"damage":17,"enemies":"3 Cultists","floor":21,"turns":4},{"damage":5,"enemies":"Gremlin Leader","floor":23,"turns":2},{"damage":9,"enemies":"Cultist and Chosen","floor":25,"turns":2},{"damage":0,"enemies":"Sentry and Sphere","floor":28,"turns":1},{"damage":4,"enemies":"Centurion and Healer","floor":31,"turns":1},{"damage":10,"enemies":"Automaton","floor":33,"turns":3},{"damage":12,"enemies":"3 Shapes","floor":35,"turns":1},{"damage":2,"enemies":"Flame Bruiser 1 Orb","floor":36,"turns":2},{"damage":9,"enemies":"Maw","floor":39,"turns":2},{"damage":5,"enemies":"Spire Growth","floor":41,"turns":2},{"damage":0,"enemies":"3 Darklings","floor":42,"turns":1},{"damage":6,"enemies":"Sphere and 2 Shapes","floor":45,"turns":1},{"damage":4,"enemies":"Giant Head","floor":47,"turns":1},{"damage":13,"enemies":"4 Shapes","floor":48,"turns":1},{"damage":41,"enemies":"Time Eater","floor":50,"turns":3}],"relics_obtained":[{"floor":1,"key":"War Paint"},{"floor":2,"key":"Bronze Scales"},{"floor":3,"key":"Paper Frog"},{"floor":6,"key":"Toxic Egg 2"},{"floor":7,"key":"Self Forming Clay"},{"floor":9,"key":"Prayer Wheel"},{"floor":11,"key":"Tiny Chest"},{"floor":12,"key":"Blood Vial"},{"floor":13,"key":"Lantern"},{"floor":14,"key":"Sundial"},{"floor":16,"key":"Bottled Flame"},{"floor":18,"key":"Singing Bowl"},{"floor":19,"key":"Matryoshka"},{"floor":20,"key":"Happy Flower"},{"floor":21,"key":"Mummified Hand"},{"floor":23,"key":"Molten Egg 2"},{"floor":24,"key":"Regal Pillow"},{"floor":24,"key":"Dream Catcher"},{"floor":25,"key":"Meat on the Bone"},{"floor":26,"key":"Vajra"},{"floor":26,"key":"Bag of Preparation"},{"floor":27,"key":"Necronomicon"},{"floor":28,"key":"Dead Branch"},{"floor":31,"key":"Omamori"},{"floor":33,"key":"Question Card"},{"floor":35,"key":"Mercury Hourglass"},{"floor":36,"key":"Orichalcum"},{"floor":39,"key":"Centennial Puzzle"},{"floor":41,"key":"Bag of Marbles"},{"floor":42,"key":"Toolbox"},{"floor":43,"key":"Pear"},{"floor":45,"key":"Whetstone"},{"floor":47,"key":"Strawberry"},{"floor":48,"key":"Blue Candle"}],"event_choices":[{"event_name":"Shining Light","player_choice":"Entered Light","floor":4,"damage_taken":0},{"event_name":"Scrap Ooze","player_choice":"success","floor":10,"damage_taken":3},{"event_name":"Wheel of Change","player_choice":"Full Heal","floor":22,"damage_taken":0},{"event_name":"Cursed Tome","player_choice":"Obtained Book","floor":27,"damage_taken":0},{"event_name":"Tomb of Lord Red Mask","player_choice":"Ignored","floor":37,"damage_taken":0},{"event_name":"Winding Halls","player_choice":"Embrace Madness","floor":38,"damage_taken":0}],"boss_relics":[{"not_picked":["Black Blood","Runic Cube"],"picked":"Philosopher\u0027s Stone"},{"not_picked":["Eternal Feather","Runic Pyramid"],"picked":"White Beast Statue"}],"items_purged_floors":[40],"potions_floor_spawned":[3,7,12,14,16,18,19,21,33,35,36,39,41,42,45,47,48],"seed_played":"-522671777961550399","ascension_level":0,"potions_obtained":[{"floor":3,"key":"SkillPotion"},{"floor":7,"key":"EssenceOfSteel"},{"floor":12,"key":"SneckoOil"},{"floor":14,"key":"Fire Potion"},{"floor":16,"key":"LiquidBronze"},{"floor":18,"key":"Block Potion"},{"floor":21,"key":"PowerPotion"},{"floor":33,"key":"Explosive Potion"},{"floor":35,"key":"FearPotion"},{"floor":36,"key":"Fruit Juice"},{"floor":39,"key":"BloodPotion"},{"floor":42,"key":"AttackPotion"},{"floor":45,"key":"SkillPotion"}],"is_trial":false}