{"gold_per_floor":[113,113,128,138,138,138,149,149,174,194,204,204,218,249,261,273],"floor_reached":16,"playtime":1328,"items_purged":[],"score":104,"play_id":"3b369392-78f4-44a7-a02a-782097bc0be1","local_time":"20190217220117","is_ascension_mode":false,"campfire_choices":[{"data":"Poisoned Stab","floor":6,"key":"SMITH"},{"data":"1","floor":8,"key":"LIFT"},{"floor":15,"key":"REST"}],"neow_cost":"PERCENT_DAMAGE","seed_source_timestamp":461598639711675,"circlet_count":0,"master_deck":["Defend_G","Defend_G","Defend_G","Defend_G","Defend_G","Strike_G","Strike_G","Strike_G","Strike_G","Strike_G","Survivor","Neutralize","Tactician","Poisoned Stab+1","Underhanded Strike","Dagger Spray","Poisoned Stab","Regret","Deadly Poison+1","Backstab"],"relics":["Ring of the Snake","Girya","Potion Belt","Boot","Toxic Egg 2","MawBank"],"potions_floor_usage":[14],"damage_taken":[{"damage":0,"enemies":"2 Louse","floor":1,"turns":4},{"damage":0,"enemies":"Cultist","floor":3,"turns":5},{"damage":0,"enemies":"Small Slimes","floor":4,"turns":3},{"damage":0,"enemies":"3 Louse","floor":7,"turns":3},{"damage":0,"enemies":"Looter","floor":10,"turns":3},{"damage":0,"enemies":"Exordium Wildlife","floor":11,"turns":3},{"damage":14,"enemies":"Large Slime","floor":13,"turns":7},{"damage":14,"enemies":"Gremlin Nob","floor":14,"turns":3},{"damage":49,"enemies":"The Guardian","floor":16,"turns":8}],"seed_played":"-4691103354549667986","potions_obtained":[{"floor":1,"key":"Ancient Potion"},{"floor":10,"key":"Ancient Potion"},{"floor":13,"key":"Fire Potion"}],"is_trial":false,"path_per_floor":["?","M","?","M","?"],"character_chosen":"THE_SILENT","items_purchased":[],"campfire_rested":1,"item_purchase_floors":[],"current_hp_per_floor":[49,49,49,49,54,54,54,54,54,54,54,54,40,26,47,0],"gold":273,"neow_bonus":"ONE_RARE_RELIC","is_prod":false,"is_daily":false,"chose_seed":false,"campfire_upgraded":1,"win_rate":0.0,"timestamp":1550415677,"path_taken":["M","?","?","M","?","R","M","R","T","M","?","?","M","E","R","BOSS"],"build_version":"2019-01-23","purchased_purges":0,"victory":false,"max_hp_per_floor":[70,70,70,70,70,70,70,70,70,70,70,70,70,70,70,70],"card_choices":[{"not_picked":["Slice","Dash"],"picked":"Tactician","floor":1},{"not_picked":["Well Laid Plans","Sucker Punch"],"picked":"Poisoned Stab","floor":3},{"not_picked":["PiercingWail","Acrobatics"],"picked":"Backflip","floor":4},{"not_picked":["Sucker Punch","Quick Slash"],"picked":"Underhanded Strike","floor":7},{"not_picked":["Acrobatics","Deadly Poison"],"picked":"Dagger Spray","floor":10},{"not_picked":["Expertise","Slice"],"picked":"Poisoned Stab","floor":11},{"not_picked":["Calculated Gamble+1","Deflect+1"],"picked":"Deadly Poison+1","floor":13},{"not_picked":["Flechettes","PiercingWail+1"],"picked":"Backstab","floor":14}],"player_experience":137054,"relics_obtained":[{"floor":9,"key":"Boot"},{"floor":14,"key":"MawBank"}],"event_choices":[{"damage_healed":0,"gold_gain":0,"player_choice":"Gave Potion","damage_taken":0,"relics_obtained":["Potion Belt"],"max_hp_gain":0,"max_hp_loss":0,"event_name":"WeMeetAgain","floor":2,"gold_loss":0},{"cards_removed":["Backflip"],"damage_healed":5,"gold_gain":0,"player_choice":"Offered Common","damage_taken":0,"max_hp_gain":0,"max_hp_loss":0,"event_name":"Bonfire Elementals","floor":5,"gold_loss":0},{"cards_removed":["Backflip"],"damage_healed":5,"gold_gain":0,"player_choice":"Offered Special","damage_taken":0,"max_hp_gain":0,"max_hp_loss":0,"event_name":"Bonfire Elementals","floor":5,"gold_loss":0},{"damage_healed":0,"gold_gain":0,"player_choice":"Box","damage_taken":0,"relics_obtained":["Toxic Egg 2"],"max_hp_gain":0,"max_hp_loss":0,"event_name":"Big Fish","floor":12,"gold_loss":0,"cards_obtained":["Regret"]}],"is_beta":false,"boss_relics":[],"items_purged_floors":[],"is_endless":false,"potions_floor_spawned":[1,10,13],"killed_by":"The Guardian","ascension_level":0}