{"gold_per_floor":[110,110,124,142,122,157,175,175,175,175,42,75,75,95,95,190,190,210,210,285,300,300,325,325,325,403,421,431,24,42,52,52,153,153,168,0,13,13,30,30,49,149,172,172,0,14,33,33,33,33],"floor_reached":51,"playtime":7991,"items_purged":[],"score":704,"play_id":"08b8d820-e70e-4d15-8ec1-8a1e6aa7bb75","local_time":"20190216015153","is_ascension_mode":false,"campfire_choices":[{"data":"Genetic Algorithm","floor":8,"key":"SMITH"},{"floor":10,"key":"REST"},{"floor":13,"key":"REST"},{"floor":15,"key":"REST"},{"floor":24,"key":"REST"},{"floor":32,"key":"REST"},{"floor":40,"key":"REST"},{"data":"Hello World","floor":44,"key":"SMITH"},{"data":"Loop","floor":49,"key":"SMITH"}],"neow_cost":"NONE","seed_source_timestamp":295947877509437,"circlet_count":0,"master_deck":["Defend_B","Defend_B","Defend_B","Defend_B","Zap","Dualcast","Stack","Leap","Consume+1","Steam","Genetic Algorithm+1","Dramatic Entrance+1","Rebound+1","Storm","Beam Cell+1","Meteor Strike+1","Streamline+1","Bite+1","Bite+1","Bite+1","Bite+1","Bite+1","Glacier+1","RitualDagger+1","Stack+1","Double Energy+1","Electrodynamics","Sunder+1","Bandage Up+1","Gash+1","Hello World+1","Ball Lightning+1","All For One+1","Cold Snap+1","Double Energy+1","Madness+1","Madness+1","Self Repair+1","Hologram+1","Loop+1","Compile Driver+1","Conserve Battery+1","All For One+1","Violence+1"],"relics":["Cracked Core","NeowsBlessing","Molten Egg 2","Ornamental Fan","Pen Nib","Philosopher\u0027s Stone","Symbiotic Virus","Toxic Egg 2","Toy Ornithopter","Inserter","Red Mask","Emotion Chip","Omamori","Oddly Smooth Stone"],"potions_floor_usage":[12,16,16,23,31,33,47,50],"damage_taken":[{"damage":0,"enemies":"2 Louse","floor":1,"turns":1},{"damage":0,"enemies":"Small Slimes","floor":3,"turns":1},{"damage":0,"enemies":"Cultist","floor":4,"turns":1},{"damage":46,"enemies":"3 Sentries","floor":6,"turns":12},{"damage":3,"enemies":"Looter","floor":7,"turns":5},{"damage":38,"enemies":"Gremlin Nob","floor":12,"turns":5},{"damage":0,"enemies":"Gremlin Gang","floor":14,"turns":4},{"damage":47,"enemies":"The Guardian","floor":16,"turns":16},{"damage":16,"enemies":"Shell Parasite","floor":18,"turns":6},{"damage":1,"enemies":"Chosen","floor":21,"turns":4},{"damage":31,"enemies":"Slavers","floor":23,"turns":6},{"damage":18,"enemies":"Centurion and Healer","floor":27,"turns":6},{"damage":28,"enemies":"Snake Plant","floor":28,"turns":4},{"damage":12,"enemies":"3 Cultists","floor":30,"turns":6},{"damage":25,"enemies":"Shelled Parasite and Fungi","floor":31,"turns":6},{"damage":23,"enemies":"Automaton","floor":33,"turns":11},{"damage":7,"enemies":"Orb Walker","floor":35,"turns":2},{"damage":3,"enemies":"3 Shapes","floor":37,"turns":5},{"damage":25,"enemies":"Sphere and 2 Shapes","floor":39,"turns":5},{"damage":18,"enemies":"3 Darklings","floor":41,"turns":7},{"damage":20,"enemies":"Mind Bloom Boss Battle","floor":42,"turns":5},{"damage":13,"enemies":"Spire Growth","floor":46,"turns":5},{"damage":22,"enemies":"Jaw Worm Horde","floor":47,"turns":4},{"damage":59,"enemies":"Donu and Deca","floor":50,"turns":8}],"seed_played":"-867271703832948875","potions_obtained":[{"floor":1,"key":"SmokeBomb"},{"floor":5,"key":"AttackPotion"},{"floor":6,"key":"GamblersBrew"},{"floor":14,"key":"Dexterity Potion"},{"floor":21,"key":"Explosive Potion"},{"floor":30,"key":"SkillPotion"},{"floor":31,"key":"Fire Potion"},{"floor":42,"key":"Regen Potion"},{"floor":46,"key":"FearPotion"}],"is_trial":false,"path_per_floor":["?","?","M","?","?","M","?","?","?","?","?","$","M","?"],"character_chosen":"DEFECT","items_purchased":["Dramatic Entrance+1","Rebound+1","Toy Ornithopter","Sunder+1","Bandage Up+1","Gash+1","Oddly Smooth Stone","Compile Driver+1"],"campfire_rested":6,"item_purchase_floors":[11,11,29,29,29,29,45,45],"current_hp_per_floor":[75,75,75,75,75,29,26,26,26,48,48,10,32,32,54,7,75,59,52,47,52,46,30,45,45,45,39,20,20,26,27,42,47,52,48,48,52,45,32,47,52,48,48,48,48,42,52,52,52,26],"gold":33,"neow_bonus":"THREE_ENEMY_KILL","is_prod":false,"is_daily":false,"chose_seed":false,"campfire_upgraded":3,"win_rate":0.0,"timestamp":1550256713,"path_taken":["M","?","M","M","?","E","M","R","T","R","$","E","R","?","R","BOSS","M","?","?","?","?","E","R","?","T","M","M","$","M","M","R","BOSS","M","?","M","?","M","R","M","?","T","R","?","?","M","?","R","BOSS"],"build_version":"2019-01-23","purchased_purges":0,"victory":true,"max_hp_per_floor":[75,75,75,75,75,75,75,75,75,75,75,75,75,75,75,75,75,75,52,52,52,52,52,52,52,52,52,52,52,52,52,52,52,52,52,52,52,52,52,52,52,52,52,52,52,52,52,52,52,52],"card_choices":[{"not_picked":["Steam Power","Cold Snap"],"picked":"Stack","floor":1},{"not_picked":["Cold Snap","Streamline"],"picked":"Leap","floor":3},{"not_picked":["Sunder","Leap"],"picked":"Consume","floor":4},{"not_picked":["Barrage","Gash"],"picked":"Steam","floor":6},{"not_picked":["Force Field","Undo"],"picked":"Genetic Algorithm","floor":7},{"not_picked":["Cold Snap+1","Heatsinks"],"picked":"Storm","floor":12},{"not_picked":["Multi-Cast","Conserve Battery"],"picked":"Beam Cell+1","floor":14},{"not_picked":["Electrodynamics","Seek"],"picked":"Meteor Strike+1","floor":16},{"not_picked":["Gash+1","Turbo"],"picked":"Streamline+1","floor":18},{"not_picked":["Storm","Redo"],"picked":"Glacier+1","floor":21},{"not_picked":["Cold Snap+1","Barrage+1"],"picked":"Stack+1","floor":23},{"not_picked":["Streamline+1","Chaos+1"],"picked":"Double Energy+1","floor":27},{"not_picked":["Ball Lightning+1","Compile Driver+1"],"picked":"Electrodynamics","floor":28},{"not_picked":["Go for the Eyes+1","Stack+1"],"picked":"Hello World","floor":30},{"not_picked":["Gash+1","Meteor Strike+1"],"picked":"Ball Lightning+1","floor":31},{"not_picked":["Electrodynamics","Reboot+1"],"picked":"All For One+1","floor":33},{"not_picked":["Glacier+1","Hello World"],"picked":"Cold Snap+1","floor":35},{"not_picked":["Steam+1","Ball Lightning+1"],"picked":"Double Energy+1","floor":37},{"not_picked":["Cold Snap+1","Gash+1"],"picked":"Self Repair+1","floor":39},{"not_picked":["Recycle+1","Coolheaded+1"],"picked":"Hologram+1","floor":41},{"not_picked":["Beam Cell+1","Compile Driver+1"],"picked":"Loop","floor":42},{"not_picked":["Leap+1","Heatsinks"],"picked":"Conserve Battery+1","floor":46},{"not_picked":["Coolheaded+1","Redo+1"],"picked":"All For One+1","floor":47},{"not_picked":["Swift Strike+1","Metamorphosis+1"],"picked":"Violence+1","floor":48}],"player_experience":117324,"relics_obtained":[{"floor":6,"key":"Molten Egg 2"},{"floor":9,"key":"Ornamental Fan"},{"floor":12,"key":"Pen Nib"},{"floor":23,"key":"Symbiotic Virus"},{"floor":26,"key":"Toxic Egg 2"},{"floor":42,"key":"Emotion Chip"},{"floor":43,"key":"Omamori"}],"event_choices":[{"damage_healed":0,"gold_gain":0,"player_choice":"Ignored","damage_taken":0,"max_hp_gain":0,"max_hp_loss":0,"event_name":"Golden Wing","floor":2,"gold_loss":0},{"damage_healed":0,"gold_gain":0,"player_choice":"Bought 1 Potion","damage_taken":0,"max_hp_gain":0,"max_hp_loss":0,"event_name":"The Woman in Blue","floor":5,"gold_loss":0},{"damage_healed":0,"gold_gain":0,"player_choice":"Became a vampire","damage_taken":0,"max_hp_gain":0,"max_hp_loss":23,"event_name":"Vampires","floor":19,"gold_loss":0,"cards_obtained":["Bite","Bite","Bite","Bite","Bite"]},{"damage_healed":0,"gold_gain":75,"player_choice":"Touch","damage_taken":5,"max_hp_gain":0,"max_hp_loss":0,"event_name":"FaceTrader","floor":20,"gold_loss":0},{"damage_healed":0,"gold_gain":0,"player_choice":"Joined the Cult","damage_taken":6,"max_hp_gain":0,"max_hp_loss":0,"event_name":"Nest","floor":22,"gold_loss":0,"cards_obtained":["RitualDagger"]},{"damage_healed":0,"gold_gain":0,"player_choice":"Upgraded","damage_taken":0,"max_hp_gain":0,"max_hp_loss":0,"event_name":"Upgrade Shrine","floor":25,"gold_loss":0,"cards_upgraded":["Consume"]},{"damage_healed":0,"gold_gain":0,"player_choice":"Paid","damage_taken":0,"relics_obtained":["Red Mask"],"max_hp_gain":0,"max_hp_loss":0,"event_name":"Tomb of Lord Red Mask","floor":36,"gold_loss":168},{"damage_healed":0,"gold_gain":0,"player_choice":"Embrace Madness","damage_taken":7,"max_hp_gain":0,"max_hp_loss":0,"event_name":"Winding Halls","floor":38,"gold_loss":0,"cards_obtained":["Madness","Madness"]},{"damage_healed":0,"gold_gain":0,"player_choice":"Fight","damage_taken":0,"max_hp_gain":0,"max_hp_loss":0,"event_name":"MindBloom","floor":42,"gold_loss":0},{"damage_healed":0,"gold_gain":0,"player_choice":"Memory 1","damage_taken":0,"max_hp_gain":0,"max_hp_loss":0,"event_name":"SensoryStone","floor":48,"gold_loss":0}],"is_beta":false,"boss_relics":[{"not_picked":["Ectoplasm","Coffee Dripper"],"picked":"Philosopher\u0027s Stone"},{"not_picked":["Busted Crown","Astrolabe"],"picked":"Inserter"}],"items_purged_floors":[],"is_endless":false,"potions_floor_spawned":[1,6,14,21,30,31,42,46],"ascension_level":0}