{"gold_per_floor":[115,132,152,167,187,187,198,230,230,230],"floor_reached":10,"playtime":1184,"items_purged":[],"score":72,"play_id":"703f43b9-32eb-4c32-a440-3a8df9e9aa25","local_time":"20190113112432","is_ascension_mode":false,"campfire_choices":[{"data":"Neutralize","floor":6,"key":"SMITH"}],"neow_cost":"NONE","seed_source_timestamp":216298066677241,"circlet_count":0,"master_deck":["Defend_G","Defend_G","Defend_G","Defend_G","Defend_G","Strike_G","Strike_G","Strike_G","Strike_G","Strike_G","Survivor","Neutralize+1","Acrobatics","Backstab","Malaise"],"relics":["Ring of the Snake","Bag of Marbles","Matryoshka"],"potions_floor_usage":[8],"damage_taken":[{"damage":0,"enemies":"2 Louse","floor":1,"turns":4},{"damage":0,"enemies":"Jaw Worm","floor":2,"turns":4},{"damage":0,"enemies":"Small Slimes","floor":3,"turns":4},{"damage":3,"enemies":"Red Slaver","floor":4,"turns":7},{"damage":0,"enemies":"3 Louse","floor":5,"turns":4},{"damage":1,"enemies":"2 Fungi Beasts","floor":7,"turns":3},{"damage":48,"enemies":"3 Sentries","floor":8,"turns":13},{"damage":3,"enemies":"Lots of Slimes","floor":10,"turns":3}],"seed_played":"-6098433484572074617","potions_obtained":[{"floor":1,"key":"Poison Potion"},{"floor":2,"key":"Explosive Potion"},{"floor":8,"key":"Weak Potion"}],"is_trial":false,"path_per_floor":["M","M","M","M","M","R","M","E","T","M"],"character_chosen":"THE_SILENT","items_purchased":[],"campfire_rested":0,"item_purchase_floors":[],"current_hp_per_floor":[77,77,77,74,74,74,73,25,25,22],"gold":230,"neow_bonus":"TEN_PERCENT_HP_BONUS","is_prod":false,"is_daily":false,"chose_seed":false,"campfire_upgraded":1,"win_rate":0.0,"timestamp":1547407472,"path_taken":["M","M","M","M","M","R","M","E","T","M"],"build_version":"2019-01-10","purchased_purges":0,"victory":false,"max_hp_per_floor":[77,77,77,77,77,77,77,77,77,77],"card_choices":[{"not_picked":["Choke","Blade Dance","Eviscerate"],"picked":"SKIP","floor":1},{"not_picked":["Bane","Escape Plan"],"picked":"Acrobatics","floor":2},{"not_picked":["Dash","Wraith Form v2"],"picked":"Backstab","floor":3},{"not_picked":["Deadly Poison","Outmaneuver","Slice"],"picked":"SKIP","floor":4},{"not_picked":["Underhanded Strike","Flying Knee","Bane"],"picked":"SKIP","floor":5},{"not_picked":["Blade Dance","Endless Agony"],"picked":"Malaise","floor":7},{"not_picked":["Blade Dance","Poisoned Stab","Skewer"],"picked":"SKIP","floor":8}],"player_experience":49636,"relics_obtained":[{"floor":8,"key":"Bag of Marbles"},{"floor":9,"key":"Matryoshka"}],"event_choices":[],"is_beta":false,"boss_relics":[],"items_purged_floors":[],"is_endless":false,"potions_floor_spawned":[1,2,8],"killed_by":"Lots of Slimes","ascension_level":0}