{"gold_per_floor":[363,378,6,6,19,52,72,72,72,72,72,110,131,156,156,286,286,301,426,426,450,550,586,586,629,683,683,180,180,200,200,200,321,321,345,368,33,57,80,113,0,65,91,91],"floor_reached":44,"playtime":1261,"items_purged":["Strike_R"],"score":728,"play_id":"eaa0926c-0f51-4638-9a6d-c54410bb5f7e","local_time":"20181118233627","is_ascension_mode":true,"campfire_choices":[{"data":"Inflame","floor":10,"key":"SMITH"},{"data":"Double Tap","floor":15,"key":"SMITH"},{"data":"Pummel","floor":24,"key":"SMITH"},{"data":"Havoc","floor":27,"key":"SMITH"},{"data":"Havoc","floor":29,"key":"SMITH"},{"floor":32,"key":"REST"}],"neow_cost":"TEN_PERCENT_HP_LOSS","seed_source_timestamp":3130162992193900,"circlet_count":0,"master_deck":["Strike_R","Strike_R","Strike_R","Defend_R","Defend_R","Defend_R+1","Bash","Flex","Double Tap+1","Twin Strike","Thunderclap","Inflame+1","Juggernaut","Shrug It Off+1","Havoc+1","Pummel+1","Havoc+1","Seeing Red","Inflame","Sword Boomerang","Shrug It Off+1","Immolate","Whirlwind","Infernal Blade","Flame Barrier","Acrobatics+1","Flex+1","Blur"],"relics":["Burning Blood","Brimstone","Golden Idol","Sundial","Red Skull","Pantograph","Ancient Tea Set","Sozu","Charon\u0027s Ashes","Shuriken","Pear","Darkstone Periapt","War Paint","Membership Card","StoneCalendar","Busted Crown","PrismaticShard","Singing Bowl","Ice Cream","Red Mask","Tiny Chest","Happy Flower"],"potions_floor_usage":[14,16,19,25],"damage_taken":[{"damage":6,"enemies":"2 Louse","floor":1,"turns":3},{"damage":10,"enemies":"Small Slimes","floor":2,"turns":3},{"damage":0,"enemies":"Cultist","floor":5,"turns":2},{"damage":23,"enemies":"3 Sentries","floor":6,"turns":4},{"damage":4,"enemies":"Blue Slaver","floor":7,"turns":2},{"damage":0,"enemies":"Lagavulin","floor":12,"turns":4},{"damage":7,"enemies":"Looter","floor":13,"turns":2},{"damage":10,"enemies":"Lots of Slimes","floor":14,"turns":3},{"damage":31,"enemies":"The Guardian","floor":16,"turns":6},{"damage":0,"enemies":"Spheric Guardian","floor":18,"turns":2},{"damage":49,"enemies":"Colosseum Slavers","floor":19,"turns":4},{"damage":0,"enemies":"Colosseum Nobs","floor":19,"turns":2},{"damage":11,"enemies":"Shell Parasite","floor":21,"turns":2},{"damage":28,"enemies":"Gremlin Leader","floor":23,"turns":4},{"damage":31,"enemies":"Slavers","floor":25,"turns":4},{"damage":0,"enemies":"3 Cultists","floor":30,"turns":3},{"damage":20,"enemies":"Automaton","floor":33,"turns":5},{"damage":0,"enemies":"3 Darklings","floor":35,"turns":2},{"damage":1,"enemies":"Orb Walker","floor":36,"turns":2},{"damage":7,"enemies":"Spire Growth","floor":38,"turns":3},{"damage":10,"enemies":"Sphere and 2 Shapes","floor":39,"turns":2},{"damage":59,"enemies":"Nemesis","floor":40,"turns":3},{"damage":9,"enemies":"Reptomancer","floor":42,"turns":3},{"damage":29,"enemies":"Maw","floor":44,"turns":2}],"seed_played":"-1531821136232234020","potions_obtained":[{"floor":1,"key":"Strength Potion"},{"floor":5,"key":"Strength Potion"},{"floor":7,"key":"Explosive Potion"},{"floor":16,"key":"Block Potion"}],"is_trial":false,"path_per_floor":["M","M","$","?","M","E","M","?","T","R","?","E","M","M","R","B",null,"M","?","?","M","?","E","R","E","T","R","$","R","M","?","R","B",null,"M","M","$","M","M","E","?","E","T","M"],"character_chosen":"IRONCLAD","items_purchased":["Brimstone","Double Tap","Twin Strike","Inflame","Membership Card","StoneCalendar","Sword Boomerang","Whirlwind","Infernal Blade","Flame Barrier","PrismaticShard","Singing Bowl"],"campfire_rested":1,"item_purchase_floors":[3,3,3,28,28,28,28,37,37,37,37,37],"current_hp_per_floor":[72,68,68,67,67,50,52,45,45,45,45,51,50,46,46,42,61,67,30,77,72,72,60,60,35,35,35,35,35,41,41,67,73,84,87,87,87,86,82,29,29,28,28,0],"gold":91,"neow_bonus":"TWO_FIFTY_GOLD","is_prod":false,"is_daily":false,"chose_seed":false,"campfire_upgraded":5,"win_rate":0,"timestamp":1542537387,"path_taken":["M","M","$","?","M","E","M","?","T","R","?","E","M","?","R","BOSS","M","?","?","?","?","E","R","E","T","R","$","R","?","?","R","BOSS","M","M","$","M","M","E","?","E","T","M"],"build_version":"2018-11-15","purchased_purges":1,"victory":false,"max_hp_per_floor":[72,72,72,67,67,67,67,67,67,67,67,67,67,67,67,67,67,67,67,77,77,77,87,87,87,87,87,87,87,87,87,87,87,87,87,87,87,87,87,87,87,89,89,89],"card_choices":[{"not_picked":["Evolve","Clash","Sword Boomerang"],"picked":"SKIP","floor":1},{"not_picked":["Combust","Havoc"],"picked":"Flex","floor":2},{"not_picked":["Spot Weakness","Armaments"],"picked":"Thunderclap","floor":5},{"not_picked":["Evolve","Carnage","Sever Soul"],"picked":"SKIP","floor":6},{"not_picked":["Anger","Cleave"],"picked":"Inflame","floor":7},{"not_picked":["Thunderclap","Body Slam"],"picked":"Shrug It Off","floor":12},{"not_picked":["Hemokinesis","Clothesline"],"picked":"Havoc","floor":13},{"not_picked":["Body Slam","True Grit"],"picked":"Pummel","floor":14},{"not_picked":["Juggernaut","Double Tap"],"picked":"Barricade","floor":16},{"not_picked":["Rampage","Perfected Strike+1"],"picked":"Havoc","floor":18},{"not_picked":["Spot Weakness","Clash"],"picked":"Seeing Red","floor":19},{"not_picked":["Anger","Corruption","True Grit+1"],"picked":"SKIP","floor":21},{"not_picked":["Cleave","Combust","Feel No Pain"],"picked":"SKIP","floor":23},{"not_picked":["Ghostly Armor+1","Flex","Clash"],"picked":"SKIP","floor":25},{"not_picked":["Fire Breathing","True Grit+1"],"picked":"Shrug It Off+1","floor":30},{"not_picked":["Fiend Fire","Reaper"],"picked":"Immolate","floor":33},{"not_picked":["Clash+1"],"picked":"SKIP","floor":35},{"not_picked":["Clothesline"],"picked":"SKIP","floor":36},{"not_picked":[],"picked":"Acrobatics+1","floor":38},{"not_picked":[],"picked":"Flex+1","floor":39},{"not_picked":[],"picked":"Blur","floor":40},{"not_picked":["Enlightenment"],"picked":"Singing Bowl","floor":42}],"player_experience":360791,"relics_obtained":[{"floor":6,"key":"Sundial"},{"floor":9,"key":"Pantograph"},{"floor":12,"key":"Ancient Tea Set"},{"floor":19,"key":"Charon\u0027s Ashes"},{"floor":19,"key":"Shuriken"},{"floor":23,"key":"Pear"},{"floor":25,"key":"Darkstone Periapt"},{"floor":26,"key":"War Paint"},{"floor":40,"key":"Ice Cream"},{"floor":42,"key":"Tiny Chest"},{"floor":43,"key":"Happy Flower"}],"event_choices":[{"damage_healed":0,"gold_gain":0,"player_choice":"Lose Max HP","damage_taken":0,"relics_obtained":["Golden Idol"],"max_hp_gain":0,"max_hp_loss":5,"event_name":"Golden Idol","floor":4,"gold_loss":0},{"damage_healed":0,"gold_gain":0,"player_choice":"Success","damage_taken":7,"relics_obtained":["Red Skull"],"max_hp_gain":0,"max_hp_loss":0,"event_name":"Scrap Ooze","floor":8,"gold_loss":0},{"damage_healed":0,"gold_gain":0,"cards_transformed":["Strike_R"],"player_choice":"Transformed","damage_taken":0,"max_hp_gain":0,"max_hp_loss":0,"event_name":"Transmorgrifier","floor":11,"gold_loss":0,"cards_obtained":["Juggernaut"]},{"damage_healed":0,"gold_gain":0,"player_choice":"Fight","damage_taken":0,"max_hp_gain":0,"max_hp_loss":0,"event_name":"Colosseum","floor":19,"gold_loss":0},{"damage_healed":0,"gold_gain":0,"player_choice":"Fought Nobs","damage_taken":0,"max_hp_gain":0,"max_hp_loss":0,"event_name":"Colosseum","floor":19,"gold_loss":0},{"cards_removed":["Barricade"],"damage_healed":37,"gold_gain":0,"player_choice":"Offered Rare","damage_taken":0,"max_hp_gain":10,"max_hp_loss":0,"event_name":"Bonfire Elementals","floor":20,"gold_loss":0},{"damage_healed":0,"gold_gain":100,"player_choice":"Pray","damage_taken":0,"max_hp_gain":0,"max_hp_loss":0,"event_name":"Golden Shrine","floor":22,"gold_loss":0},{"cards_removed":["Defend_R"],"damage_healed":0,"gold_gain":0,"player_choice":"Purged","damage_taken":0,"max_hp_gain":0,"max_hp_loss":0,"event_name":"Purifier","floor":31,"gold_loss":0},{"damage_healed":0,"gold_gain":0,"player_choice":"Paid","damage_taken":0,"relics_obtained":["Red Mask"],"max_hp_gain":0,"max_hp_loss":0,"event_name":"Tomb of Lord Red Mask","floor":41,"gold_loss":113}],"is_beta":false,"boss_relics":[{"not_picked":["Black Star","Astrolabe"],"picked":"Sozu"},{"not_picked":["Philosopher\u0027s Stone","Mark of Pain"],"picked":"Busted Crown"}],"items_purged_floors":[28],"is_endless":false,"potions_floor_spawned":[1,5,7,16,18,19,21,30,35,36,40,42],"killed_by":"Maw","ascension_level":6}