{"gold_per_floor":[115,115,115,126,136,169,169,169,169,181,181,27,61],"floor_reached":13,"playtime":710,"items_purged":["Regret"],"score":93,"play_id":"b23d971c-3c2a-4b8e-ac1b-520f5cfd61f2","local_time":"20180707155203","is_ascension_mode":false,"campfire_choices":[{"floor":8,"key":"REST"},{"floor":11,"key":"REST"}],"neow_cost":"","seed_source_timestamp":14507581968856,"circlet_count":0,"master_deck":["Strike_R","Strike_R","Strike_R","Strike_R","Defend_R","Defend_R","Defend_R","Defend_R","Bash","Heavy Blade","Havoc","Seeing Red","Clash","Shrug It Off","Rage","Berserk","Dropkick","Fiend Fire"],"relics":["Burning Blood","Unceasing Top","Meat on the Bone","Question Card","Ancient Tea Set"],"potions_floor_usage":[6],"damage_taken":[{"damage":4,"enemies":"Small Slimes","floor":1,"turns":5},{"damage":18,"enemies":"Jaw Worm","floor":4,"turns":4},{"damage":8,"enemies":"Cultist","floor":5,"turns":5},{"damage":41,"enemies":"3 Sentries","floor":6,"turns":12},{"damage":1,"enemies":"2 Fungi Beasts","floor":10,"turns":4},{"damage":27,"enemies":"Lagavulin","floor":13,"turns":5}],"seed_played":"-1596464916124432448","potions_obtained":[{"floor":1,"key":"Ancient Potion"},{"floor":4,"key":"EssenceOfSteel"}],"is_trial":false,"path_per_floor":["M","?","?","M","M","E","?","R","T","M","R","$"],"character_chosen":"IRONCLAD","items_purchased":["Fiend Fire"],"campfire_rested":2,"item_purchase_floors":[12],"current_hp_per_floor":[80,73,73,61,59,24,24,48,48,53,77,77,56],"gold":61,"neow_bonus":"","is_prod":false,"is_daily":false,"chose_seed":false,"campfire_upgraded":0,"win_rate":0.0,"timestamp":1530993123,"path_taken":["M","?","?","M","M","E","?","R","T","?","R","?","E"],"build_version":"2018-07-05","purchased_purges":1,"victory":false,"max_hp_per_floor":[80,80,80,80,80,80,80,80,80,80,80,80,80],"card_choices":[{"not_picked":["Power Through","Rupture"],"picked":"Heavy Blade","floor":1},{"not_picked":["Thunderclap","Pummel"],"picked":"Havoc","floor":4},{"not_picked":["Blood for Blood","Clothesline"],"picked":"Seeing Red","floor":5},{"not_picked":["Wild Strike","Havoc"],"picked":"Clash","floor":6},{"not_picked":["Iron Wave","Clothesline","Hemokinesis"],"picked":"Dropkick","floor":10}],"player_experience":99499,"relics_obtained":[{"floor":6,"key":"Meat on the Bone"},{"floor":9,"key":"Question Card"},{"floor":13,"key":"Ancient Tea Set"}],"event_choices":[{"event_name":"Golden Wing","player_choice":"Card Removal","floor":2,"damage_taken":0},{"event_name":"Big Fish","player_choice":"Box","floor":3,"damage_taken":0},{"event_name":"Match and Keep!","player_choice":"3 cards matched","floor":7,"damage_taken":0}],"boss_relics":[],"items_purged_floors":[12],"is_endless":false,"potions_floor_spawned":[1,4],"killed_by":"Lagavulin","ascension_level":0}