{"gold_per_floor":[119,38,38,55,130,155,155,172,172,172,184,211,230,242,242,317,317,330,356,33,83,101,101,132,149,174,188,188,219,219,249,249,321,321,339,349,23,39,139,139,172,186,186,186,408,435,6,26,26,26],"floor_reached":51,"playtime":3022,"items_purged":["Strike_B","Strike_B+1"],"score":1670,"play_id":"5f5f6094-9690-407d-97bd-810692776e37","local_time":"20190216194214","is_ascension_mode":true,"campfire_choices":[{"data":"Turbo","floor":7,"key":"SMITH"},{"data":"Zap","floor":10,"key":"SMITH"},{"data":"Hologram","floor":15,"key":"SMITH"},{"data":"Hologram","floor":23,"key":"SMITH"},{"data":"Go for the Eyes","floor":28,"key":"SMITH"},{"data":"Coolheaded","floor":30,"key":"SMITH"},{"floor":32,"key":"REST"},{"data":"Fission","floor":40,"key":"SMITH"},{"data":"Strike_B","floor":44,"key":"PURGE"},{"data":"Defragment","floor":49,"key":"SMITH"}],"neow_cost":"NONE","seed_source_timestamp":29404712309260,"circlet_count":0,"master_deck":["AscendersBane","Strike_B+1","Defend_B+1","Defend_B","Defend_B","Defend_B","Zap+1","Dualcast","Ball Lightning","Doom and Gloom","Turbo+1","Meteor Strike","Skim","Double Energy+1","Electrodynamics","Hologram+1","Meteor Strike","Go for the Eyes+1","Hologram+1","Undo","BootSequence","Core Surge","Coolheaded+1","Fission+1","Compile Driver","Defragment+1"],"relics":["Cracked Core","NeowsBlessing","Meat on the Bone","Ice Cream","Peace Pipe","Bag of Marbles","Inserter","Red Mask","Incense Burner","Kunai","Potion Belt","FossilizedHelix","Whetstone","Busted Crown","Centennial Puzzle","Bird Faced Urn","Ancient Tea Set","Oddly Smooth Stone","Mango","War Paint"],"potions_floor_usage":[16,19,31,33,41,41,50,50,50,50],"damage_taken":[{"damage":0,"enemies":"Jaw Worm","floor":1,"turns":1},{"damage":0,"enemies":"Cultist","floor":4,"turns":1},{"damage":0,"enemies":"Gremlin Nob","floor":6,"turns":1},{"damage":0,"enemies":"Small Slimes","floor":8,"turns":2},{"damage":1,"enemies":"Exordium Thugs","floor":11,"turns":4},{"damage":25,"enemies":"Lagavulin","floor":12,"turns":6},{"damage":0,"enemies":"Large Slime","floor":13,"turns":3},{"damage":4,"enemies":"3 Louse","floor":14,"turns":3},{"damage":25,"enemies":"Hexaghost","floor":16,"turns":8},{"damage":18,"enemies":"Shell Parasite","floor":18,"turns":5},{"damage":2,"enemies":"Masked Bandits","floor":19,"turns":2},{"damage":19,"enemies":"Spheric Guardian","floor":22,"turns":4},{"damage":4,"enemies":"Gremlin Leader","floor":24,"turns":6},{"damage":0,"enemies":"Centurion and Healer","floor":25,"turns":6},{"damage":24,"enemies":"Cultist and Chosen","floor":27,"turns":6},{"damage":14,"enemies":"Book of Stabbing","floor":29,"turns":5},{"damage":0,"enemies":"Gremlin Leader","floor":31,"turns":5},{"damage":12,"enemies":"Collector","floor":33,"turns":10},{"damage":6,"enemies":"3 Shapes","floor":35,"turns":4},{"damage":1,"enemies":"3 Darklings","floor":36,"turns":3},{"damage":1,"enemies":"Transient","floor":38,"turns":5},{"damage":0,"enemies":"Mind Bloom Boss Battle","floor":39,"turns":4},{"damage":0,"enemies":"Reptomancer","floor":41,"turns":5},{"damage":17,"enemies":"Jaw Worm Horde","floor":42,"turns":3},{"damage":0,"enemies":"Giant Head","floor":46,"turns":7},{"damage":0,"enemies":"3 Darklings","floor":48,"turns":3},{"damage":0,"enemies":"Awakened One","floor":50,"turns":10}],"seed_played":"-7709652603871756152","potions_obtained":[{"floor":8,"key":"SpeedPotion"},{"floor":11,"key":"Regen Potion"},{"floor":12,"key":"AttackPotion"},{"floor":19,"key":"Energy Potion"},{"floor":25,"key":"Weak Potion"},{"floor":27,"key":"AttackPotion"},{"floor":35,"key":"Dexterity Potion"},{"floor":38,"key":"PowerPotion"},{"floor":48,"key":"SpeedPotion"}],"is_trial":false,"path_per_floor":["M","$","?","M","T","E","R","M","T","R","M","E","M","M","R","B",null,"M","?","$","?","M","R","E","M","T","M","R","E","R","E","R","B",null,"M","M","$","M","?","R","E","M","T","R","?","E","$","M","R","B",null],"character_chosen":"DEFECT","items_purchased":["Doom and Gloom","Incense Burner","FocusPotion","Centennial Puzzle","Defragment","War Paint","FocusPotion"],"campfire_rested":1,"item_purchase_floors":[2,20,37,37,47,47,47],"current_hp_per_floor":[64,64,64,64,64,64,64,64,64,64,63,38,38,46,46,36,62,44,42,42,42,35,35,43,43,43,31,31,29,29,41,62,50,66,60,59,59,58,58,58,64,49,49,49,49,65,65,69,69,73],"gold":26,"neow_bonus":"THREE_ENEMY_KILL","is_prod":false,"is_daily":false,"chose_seed":false,"campfire_upgraded":8,"win_rate":0,"timestamp":1550299334,"path_taken":["M","$","?","M","?","E","R","M","T","R","?","E","?","M","R","BOSS","M","?","$","?","M","R","E","?","T","M","R","E","R","E","R","BOSS","M","M","$","M","?","R","E","M","T","R","?","E","$","M","R","BOSS"],"build_version":"2019-01-23","purchased_purges":2,"victory":true,"max_hp_per_floor":[71,71,71,71,71,71,71,71,71,71,71,71,71,71,71,71,71,71,71,71,71,71,71,71,71,71,71,71,71,71,71,71,71,71,71,71,71,71,71,71,71,71,71,71,71,85,85,85,85,85],"card_choices":[{"not_picked":["Redo","Coolheaded"],"picked":"Ball Lightning","floor":1},{"not_picked":["Barrage","Darkness"],"picked":"Turbo","floor":4},{"not_picked":["Scrape","Compile Driver"],"picked":"Meteor Strike","floor":6},{"not_picked":["Rebound","Beam Cell"],"picked":"Skim","floor":8},{"not_picked":["Doom and Gloom","Gash"],"picked":"Double Energy","floor":11},{"not_picked":["Chaos","Sweeping Beam"],"picked":"Electrodynamics","floor":12},{"not_picked":["Scrape","Gash","Redo"],"picked":"SKIP","floor":13},{"not_picked":["Reprogram","Go for the Eyes"],"picked":"Hologram","floor":14},{"not_picked":["Thunder Strike","Seek"],"picked":"Meteor Strike","floor":16},{"not_picked":["Rebound","Steam"],"picked":"Go for the Eyes","floor":18},{"not_picked":["Rip and Tear","Turbo"],"picked":"Hologram","floor":19},{"not_picked":["Coolheaded","Beam Cell"],"picked":"Undo","floor":22},{"not_picked":["Undo","Turbo"],"picked":"BootSequence","floor":24},{"not_picked":["Streamline","Double Energy+1","Chaos"],"picked":"SKIP","floor":25},{"not_picked":["Reprogram","Double Energy"],"picked":"Core Surge","floor":27},{"not_picked":["Chaos","Stack"],"picked":"Coolheaded","floor":29},{"not_picked":["Capacitor","Rebound","Steam Power"],"picked":"SKIP","floor":31},{"not_picked":["Rainbow","Buffer"],"picked":"Fission","floor":33},{"not_picked":["Streamline"],"picked":"SKIP","floor":35},{"not_picked":["Capacitor"],"picked":"SKIP","floor":36},{"not_picked":["Cold Snap"],"picked":"SKIP","floor":38},{"not_picked":["Melter+1"],"picked":"SKIP","floor":41},{"not_picked":[],"picked":"Compile Driver","floor":42},{"not_picked":["Chill"],"picked":"SKIP","floor":46},{"not_picked":["Sunder"],"picked":"SKIP","floor":48}],"player_experience":271721,"relics_obtained":[{"floor":5,"key":"Meat on the Bone"},{"floor":6,"key":"Ice Cream"},{"floor":9,"key":"Peace Pipe"},{"floor":12,"key":"Bag of Marbles"},{"floor":19,"key":"Red Mask"},{"floor":24,"key":"Kunai"},{"floor":26,"key":"Potion Belt"},{"floor":29,"key":"FossilizedHelix"},{"floor":31,"key":"Whetstone"},{"floor":39,"key":"Bird Faced Urn"},{"floor":41,"key":"Ancient Tea Set"},{"floor":43,"key":"Oddly Smooth Stone"},{"floor":46,"key":"Mango"}],"event_choices":[{"damage_healed":0,"gold_gain":0,"player_choice":"Leave","damage_taken":0,"max_hp_gain":0,"max_hp_loss":0,"event_name":"The Cleric","floor":3,"gold_loss":0},{"damage_healed":0,"gold_gain":0,"player_choice":"Fought Bandits","damage_taken":0,"max_hp_gain":0,"max_hp_loss":0,"event_name":"Masked Bandits","floor":19,"gold_loss":0},{"damage_healed":0,"gold_gain":50,"player_choice":"Stole From Cult","damage_taken":0,"max_hp_gain":0,"max_hp_loss":0,"event_name":"Nest","floor":21,"gold_loss":0},{"damage_healed":0,"gold_gain":0,"player_choice":"Fight","damage_taken":0,"max_hp_gain":0,"max_hp_loss":0,"event_name":"MindBloom","floor":39,"gold_loss":0},{"damage_healed":0,"gold_gain":222,"player_choice":"Wore Mask","damage_taken":0,"max_hp_gain":0,"max_hp_loss":0,"event_name":"Tomb of Lord Red Mask","floor":45,"gold_loss":0}],"is_beta":false,"boss_relics":[{"not_picked":["Astrolabe","Ectoplasm"],"picked":"Inserter"},{"not_picked":["Calling Bell","Velvet Choker"],"picked":"Busted Crown"}],"items_purged_floors":[37,47],"is_endless":false,"potions_floor_spawned":[8,11,12,14,19,25,27,35,38,48],"ascension_level":16}