{"path_per_floor":["M","?","?","M","M","E","M","E","T","R","E","M","M","E","R","B",null,"M","M","?","?","?"],"character_chosen":"DEFECT","items_purchased":[],"gold_per_floor":[114,114,64,79,94,124,139,169,169,169,199,214,229,259,259,359,359,374,389,389,0,100,100],"floor_reached":23,"campfire_rested":2,"playtime":735,"item_purchase_floors":[],"current_hp_per_floor":[70,70,70,70,70,51,42,21,21,70,64,57,57,46,65,4,65,53,41,41,41,41,0],"items_purged":[],"gold":100,"score":221,"play_id":"8b6e5fe4-5e5a-48d6-8c18-b114e94ddb33","local_time":"20180603063711","daily_mods":["Diverse","Elite Swarm","Night Terrors"],"is_prod":false,"is_daily":true,"chose_seed":false,"is_ascension_mode":false,"campfire_upgraded":0,"win_rate":0,"timestamp":1527964631,"campfire_choices":[{"floor":10,"key":"REST"},{"floor":15,"key":"REST"}],"path_taken":["M","?","?","M","M","E","M","E","T","R","E","M","M","E","R","BOSS","M","M","?","?","?","E"],"build_version":"2018-05-31","seed_source_timestamp":108939399521704,"purchased_purges":0,"victory":false,"master_deck":["Strike_B","Strike_B","Strike_B","Defend_B","Defend_B","Defend_B","Defend_B","Zap+1","Dualcast","Headbutt","Hologram","Bullet Time","Slice","Demon Form","Immolate","Backstab","Ball Lightning","Venomology","After Image","Decay","Injury","Clumsy","Tempest+1","Leg Sweep","Go for the Eyes"],"max_hp_per_floor":[75,75,75,75,75,75,75,75,75,70,70,70,70,70,65,65,65,65,65,65,65,65,65],"relics":["Cracked Core","Bag of Marbles","Calipers","Question Card","Regal Pillow","Ancient Tea Set","Calling Bell","Juzu Bracelet","Pantograph","Turnip"],"card_choices":[{"not_picked":["Hologram","Combust"],"picked":"Headbutt","floor":1},{"not_picked":["Cleave","Heavy Blade"],"picked":"Hologram","floor":4},{"not_picked":["Burning Pact","Ghostly Armor","Blizzard"],"picked":"SKIP","floor":5},{"not_picked":["Storm of Steel","Fission"],"picked":"Bullet Time","floor":6},{"not_picked":["Chill","Static Discharge"],"picked":"Slice","floor":7},{"not_picked":["Barricade","Grand Finale"],"picked":"Demon Form","floor":8},{"not_picked":["Amplify","Barricade","Seek"],"picked":"Immolate","floor":11},{"not_picked":["Well Laid Plans","Thunderclap","Blur"],"picked":"Backstab","floor":12},{"not_picked":["Fire Breathing","Gash","Distraction"],"picked":"Ball Lightning","floor":13},{"not_picked":["Multi-Cast","Buffer","Storm of Steel"],"picked":"Venomology","floor":14},{"not_picked":["Unload","Tactician","Berserk"],"picked":"After Image","floor":16},{"not_picked":["Doom and Gloom","Power Through","Dodge and Roll"],"picked":"Tempest+1","floor":18},{"not_picked":["Dodge and Roll","Wild Strike+1","Warcry+1"],"picked":"Leg Sweep","floor":19}],"player_experience":241160,"potions_floor_usage":[6,6,11,16,16,16,16],"damage_taken":[{"damage":5,"enemies":"Small Slimes","floor":1,"turns":3},{"damage":0,"enemies":"2 Louse","floor":4,"turns":2},{"damage":0,"enemies":"Cultist","floor":5,"turns":2},{"damage":19,"enemies":"Gremlin Nob","floor":6,"turns":3},{"damage":9,"enemies":"3 Louse","floor":7,"turns":3},{"damage":21,"enemies":"Lagavulin","floor":8,"turns":7},{"damage":6,"enemies":"Gremlin Nob","floor":11,"turns":3},{"damage":7,"enemies":"2 Fungi Beasts","floor":12,"turns":3},{"damage":0,"enemies":"Looter","floor":13,"turns":1},{"damage":11,"enemies":"3 Sentries","floor":14,"turns":4},{"damage":61,"enemies":"The Guardian","floor":16,"turns":8},{"damage":12,"enemies":"Chosen","floor":18,"turns":5},{"damage":12,"enemies":"2 Thieves","floor":19,"turns":2},{"damage":42,"enemies":"Book of Stabbing","floor":23,"turns":4}],"relics_obtained":[{"floor":6,"key":"Bag of Marbles"},{"floor":8,"key":"Calipers"},{"floor":9,"key":"Question Card"},{"floor":11,"key":"Regal Pillow"},{"floor":14,"key":"Ancient Tea Set"},{"floor":17,"key":"Juzu Bracelet"},{"floor":17,"key":"Pantograph"},{"floor":17,"key":"Turnip"}],"event_choices":[{"event_name":"Living Wall","player_choice":"Grow","floor":2,"damage_taken":0},{"event_name":"The Cleric","player_choice":"Card Removal","floor":3,"damage_taken":0},{"event_name":"The Library","player_choice":"Read","floor":20,"damage_taken":0},{"event_name":"Masked Bandits","player_choice":"Paid Bandits 389 gold","floor":21,"damage_taken":0},{"event_name":"Golden Shrine","player_choice":"Pray","floor":22,"damage_taken":0}],"boss_relics":[{"not_picked":["Sozu","Tiny House"],"picked":"Calling Bell"}],"items_purged_floors":[],"potions_floor_spawned":[4,5,7,11,12,13,18],"seed_played":"8928587464129514231","killed_by":"Book of Stabbing","ascension_level":0,"potions_obtained":[{"floor":4,"key":"PowerPotion"},{"floor":5,"key":"Swift Potion"},{"floor":7,"key":"Fire Potion"},{"floor":11,"key":"SpeedPotion"},{"floor":12,"key":"SpeedPotion"},{"floor":13,"key":"GamblersBrew"},{"floor":18,"key":"SpeedPotion"}],"is_trial":false}