{"gold_per_floor":[118,118,137,152,162,196,206,226,226,226,244,244,38,64,64,167,167,177,192,212,212,212,242,242,242,268,287,314,314,314,325,325,430,430,450,450,450,470,470,470,482,482,482,517,534,550,550],"floor_reached":47,"playtime":1960,"items_purged":[],"score":899,"play_id":"bd0a2c02-2dab-4ded-b2ec-cb82161ac67e","local_time":"20180712043252","is_ascension_mode":true,"campfire_choices":[{"floor":10,"key":"REST"},{"data":"Double Tap","floor":15,"key":"SMITH"},{"floor":24,"key":"REST"},{"data":"Exhume","floor":29,"key":"SMITH"},{"data":"Double Tap","floor":32,"key":"SMITH"},{"floor":40,"key":"REST"},{"floor":42,"key":"REST"}],"neow_cost":"","seed_source_timestamp":8658370782982,"circlet_count":0,"master_deck":["Defend_R","Defend_R+1","Defend_R","Bash","Twin Strike","Seeing Red+1","Twin Strike","Double Tap+1","Shockwave","Spot Weakness","Iron Wave","Clothesline","Double Tap+1","Pummel","Brutality+1","Havoc","Flame Barrier","Havoc+1","Barricade+1","Ghostly","Ghostly","Ghostly","Ghostly","Ghostly","Exhume+1","Bite","Bite","Bite","Bite","Bite","Disarm+1","Impervious","Infernal Blade+1","Limit Break","Seeing Red","Flex","Shrug It Off","Evolve+1","Dual Wield+1","Shrug It Off+1","Trip","Finesse","Madness","Flame Barrier+1","Whirlwind+1","Armaments+1"],"relics":["Burning Blood","Bottled Lightning","Frozen Egg 2","DollysMirror","Boot","Mark of Pain","War Paint","Pen Nib","Dodecahedron","Pantograph","Orrery","Bird Faced Urn","Ice Cream"],"potions_floor_usage":[6,14,16,28,28,33,38,46],"damage_taken":[{"damage":14,"enemies":"2 Louse","floor":1,"turns":3},{"damage":6,"enemies":"Cultist","floor":3,"turns":3},{"damage":4,"enemies":"Jaw Worm","floor":4,"turns":3},{"damage":30,"enemies":"Lots of Slimes","floor":5,"turns":4},{"damage":7,"enemies":"Gremlin Nob","floor":6,"turns":3},{"damage":14,"enemies":"Exordium Thugs","floor":7,"turns":4},{"damage":13,"enemies":"Gremlin Gang","floor":8,"turns":4},{"damage":13,"enemies":"2 Fungi Beasts","floor":11,"turns":4},{"damage":9,"enemies":"3 Sentries","floor":14,"turns":5},{"damage":0,"enemies":"Slime Boss","floor":16,"turns":6},{"damage":36,"enemies":"Spheric Guardian","floor":18,"turns":5},{"damage":32,"enemies":"Chosen","floor":19,"turns":5},{"damage":5,"enemies":"Centurion and Healer","floor":20,"turns":6},{"damage":19,"enemies":"Book of Stabbing","floor":23,"turns":6},{"damage":30,"enemies":"Cultist and Chosen","floor":27,"turns":10},{"damage":8,"enemies":"Slavers","floor":28,"turns":9},{"damage":14,"enemies":"3 Cultists","floor":31,"turns":7},{"damage":9,"enemies":"Collector","floor":33,"turns":10},{"damage":37,"enemies":"3 Shapes","floor":35,"turns":7},{"damage":12,"enemies":"Orb Walker","floor":38,"turns":6},{"damage":24,"enemies":"3 Darklings","floor":41,"turns":9},{"damage":16,"enemies":"Nemesis","floor":44,"turns":10},{"damage":22,"enemies":"4 Shapes","floor":45,"turns":7},{"damage":8,"enemies":"Maw","floor":46,"turns":9},{"damage":46,"enemies":"2 Orb Walkers","floor":47,"turns":5}],"seed_played":"7130973040135097156","potions_obtained":[{"floor":1,"key":"Ancient Potion"},{"floor":5,"key":"Fire Potion"},{"floor":8,"key":"Dexterity Potion"},{"floor":14,"key":"Energy Potion"},{"floor":19,"key":"Ancient Potion"},{"floor":27,"key":"PowerPotion"},{"floor":31,"key":"SkillPotion"},{"floor":33,"key":"LiquidBronze"},{"floor":45,"key":"Poison Potion"},{"floor":46,"key":"Strength Potion"}],"is_trial":false,"path_per_floor":["M","?","M","M","M","E","M","M","T","R","M","T","$","E","R","B",null,"M","M","M","?","?","E","R","?","T","M","E","R","T","M","R","B",null,"M","?","?","M","?","R","M","R","T","E","M","M"],"character_chosen":"IRONCLAD","items_purchased":["DollysMirror"],"campfire_rested":4,"item_purchase_floors":[13],"current_hp_per_floor":[64,56,56,58,34,33,27,22,22,46,41,41,41,40,40,48,72,44,20,23,23,23,12,24,24,24,16,26,26,26,32,32,40,40,17,17,17,17,7,19,19,31,31,40,32,40,0],"gold":550,"neow_bonus":"","is_prod":false,"is_daily":false,"chose_seed":false,"campfire_upgraded":3,"win_rate":0,"timestamp":1531326772,"path_taken":["M","?","M","?","M","E","M","M","T","R","M","?","?","E","R","BOSS","M","M","?","?","?","E","R","?","T","M","E","R","?","M","R","BOSS","M","?","?","M","?","R","M","R","T","E","?","M","E"],"build_version":"2018-07-05","purchased_purges":0,"victory":false,"max_hp_per_floor":[80,80,80,80,80,80,80,80,80,80,80,80,80,80,80,80,80,80,80,80,80,40,40,40,40,40,40,40,40,40,40,40,40,40,40,40,40,40,40,40,40,40,40,40,40,40,40],"card_choices":[{"not_picked":["Heavy Blade","True Grit"],"picked":"Twin Strike","floor":1},{"not_picked":["Wild Strike","Havoc"],"picked":"Seeing Red","floor":3},{"not_picked":["Feel No Pain","True Grit"],"picked":"Twin Strike","floor":4},{"not_picked":["Armaments","Cleave"],"picked":"Double Tap","floor":5},{"not_picked":["Flex","Berserk"],"picked":"Shockwave","floor":6},{"not_picked":["Thunderclap","Heavy Blade"],"picked":"Spot Weakness","floor":7},{"not_picked":["Warcry","Heavy Blade"],"picked":"Iron Wave","floor":8},{"not_picked":["Entrench","Thunderclap"],"picked":"Clothesline","floor":11},{"not_picked":["Clothesline","Sentinel"],"picked":"Pummel","floor":14},{"not_picked":["Juggernaut+1","Dark Embrace+1"],"picked":"Brutality+1","floor":16},{"not_picked":["Wild Strike+1","Power Through+1"],"picked":"Havoc","floor":18},{"not_picked":["Corruption+1","Sword Boomerang+1"],"picked":"Flame Barrier","floor":19},{"not_picked":["Headbutt","Sword Boomerang+1"],"picked":"Havoc+1","floor":20},{"not_picked":["Inflame+1","Perfected Strike+1"],"picked":"Exhume","floor":23},{"not_picked":["Heavy Blade","Cleave"],"picked":"Disarm+1","floor":27},{"not_picked":["Disarm","Double Tap"],"picked":"Impervious","floor":28},{"not_picked":["Pummel+1","Disarm"],"picked":"Infernal Blade+1","floor":31},{"not_picked":["Brutality+1","Juggernaut+1"],"picked":"Limit Break","floor":33},{"not_picked":["Armaments+1","Heavy Blade"],"picked":"Seeing Red","floor":34},{"not_picked":["Pummel","Dual Wield"],"picked":"Flex","floor":34},{"not_picked":["Sword Boomerang","Intimidate"],"picked":"Shrug It Off","floor":34},{"not_picked":["Headbutt","Clothesline+1"],"picked":"Evolve+1","floor":34},{"not_picked":["Searing Blow","Burning Pact"],"picked":"Dual Wield+1","floor":35},{"not_picked":["Rupture+1","Sword Boomerang+1"],"picked":"Shrug It Off+1","floor":38},{"not_picked":["Jack Of All Trades","Panacea"],"picked":"Trip","floor":39},{"not_picked":["Enlightenment","Jack Of All Trades"],"picked":"Finesse","floor":39},{"not_picked":["Good Instincts","Mind Blast"],"picked":"Madness","floor":39},{"not_picked":["Shockwave+1","Havoc"],"picked":"Flame Barrier+1","floor":41},{"not_picked":["Reckless Charge+1","Rage"],"picked":"Whirlwind+1","floor":44},{"not_picked":["Pommel Strike","Clash"],"picked":"Armaments+1","floor":45},{"not_picked":["Spot Weakness","Havoc","Iron Wave"],"picked":"SKIP","floor":46}],"player_experience":290496,"relics_obtained":[{"floor":6,"key":"Blood Vial"},{"floor":9,"key":"Bottled Lightning"},{"floor":12,"key":"Frozen Egg 2"},{"floor":14,"key":"Boot"},{"floor":23,"key":"War Paint"},{"floor":26,"key":"Pen Nib"},{"floor":28,"key":"Dodecahedron"},{"floor":30,"key":"Pantograph"},{"floor":43,"key":"Bird Faced Urn"},{"floor":44,"key":"Ice Cream"}],"event_choices":[{"event_name":"Wheel of Change","player_choice":"Damage","floor":2,"damage_taken":0},{"event_name":"Match and Keep!","player_choice":"1 cards matched","floor":21,"damage_taken":0},{"event_name":"Ghosts","player_choice":"Became a Ghost","floor":22,"damage_taken":0},{"event_name":"Vampires","player_choice":"Became a vampire (Vial)","floor":25,"damage_taken":0},{"event_name":"Falling","player_choice":"Removed Skill","floor":36,"damage_taken":0},{"event_name":"Match and Keep!","player_choice":"0 cards matched","floor":37,"damage_taken":0},{"event_name":"SensoryStone","player_choice":"Memory 3","floor":39,"damage_taken":0}],"boss_relics":[{"not_picked":["Philosopher\u0027s Stone","Busted Crown"],"picked":"Mark of Pain"},{"not_picked":["Snecko Eye","Velvet Choker"],"picked":"Orrery"}],"items_purged_floors":[],"is_endless":false,"potions_floor_spawned":[1,5,8,14,19,27,31,33,45,46],"killed_by":"2 Orb Walkers","ascension_level":6}