{"gold_per_floor":[359,102,102,202,220,220,220,220,220,28,63,63,95,106,106,203,203,214,214,8,8,8,8,42,42,112,138,138,155,155,233,233,329,329,339,192,192,209,61,61,61,88,115,40,40,0,0,16,16,16],"floor_reached":51,"playtime":2626,"items_purged":["Strike_R+1","Strike_R+1"],"score":1179,"play_id":"ae4f3d49-c1f4-4abf-9912-6327ba7a2a0a","local_time":"20190124222647","is_ascension_mode":true,"campfire_choices":[{"data":"Havoc","floor":6.0,"key":"SMITH"},{"data":"Bash","floor":8.0,"key":"SMITH"},{"data":"Apotheosis","floor":12.0,"key":"SMITH"},{"data":"Whirlwind","floor":15.0,"key":"SMITH"},{"data":"Bludgeon","floor":23.0,"key":"SMITH"},{"data":"True Grit","floor":25.0,"key":"SMITH"},{"data":"Limit Break","floor":32.0,"key":"SMITH"},{"data":"Disarm","floor":40.0,"key":"SMITH"},{"data":"Disarm","floor":45.0,"key":"SMITH"},{"data":"Disarm","floor":49.0,"key":"SMITH"}],"neow_cost":"PERCENT_DAMAGE","seed_source_timestamp":0,"circlet_count":0,"master_deck":["AscendersBane","Strike_R+1","Strike_R+1","Defend_R+1","Defend_R+1","Defend_R+1","Bash+1","Havoc+1","Dark Embrace","Apotheosis+1","Whirlwind+1","Ghostly Armor","Intimidate","Offering","Spot Weakness","Feel No Pain","Bludgeon+1","True Grit+1","Feel No Pain+1","Flex+1","Sword Boomerang","Limit Break+1","Double Tap","Battle Trance","Disarm+1","Warcry","True Grit","Disarm+1","Blind","Disarm+1"],"special_seed":0,"relics":["Black Blood","ClockworkSouvenir","WingedGreaves","Question Card","Meat on the Bone","Coffee Dripper","Dream Catcher","Bottled Tornado","Pocketwatch","Regal Pillow","Pantograph","Gambling Chip","Juzu Bracelet","Red Mask"],"potions_floor_usage":[50,50],"damage_taken":[{"damage":0.0,"enemies":"Small Slimes","floor":1.0,"turns":3.0},{"damage":10.0,"enemies":"Cultist","floor":5.0,"turns":5.0},{"damage":16.0,"enemies":"Gremlin Nob","floor":11.0,"turns":3.0},{"damage":13.0,"enemies":"3 Sentries","floor":13.0,"turns":4.0},{"damage":9.0,"enemies":"Jaw Worm","floor":14.0,"turns":4.0},{"damage":0.0,"enemies":"Slime Boss","floor":16.0,"turns":5.0},{"damage":0.0,"enemies":"3 Byrds","floor":18.0,"turns":3.0},{"damage":41.0,"enemies":"Slavers","floor":24.0,"turns":6.0},{"damage":33.0,"enemies":"Gremlin Leader","floor":27.0,"turns":4.0},{"damage":6.0,"enemies":"Spheric Guardian","floor":29.0,"turns":2.0},{"damage":16.0,"enemies":"Collector","floor":33.0,"turns":7.0},{"damage":9.0,"enemies":"Orb Walker","floor":35.0,"turns":2.0},{"damage":5.0,"enemies":"3 Shapes","floor":38.0,"turns":9.0},{"damage":62.0,"enemies":"Reptomancer","floor":42.0,"turns":4.0},{"damage":6.0,"enemies":"Sphere and 2 Shapes","floor":48.0,"turns":3.0},{"damage":12,"enemies":"Awakened One","floor":50,"turns":10}],"seed_played":"8035777510018407155","potions_obtained":[{"floor":5.0,"key":"SteroidPotion"},{"floor":11.0,"key":"AttackPotion"},{"floor":13.0,"key":"LiquidBronze"},{"floor":24.0,"key":"Poison Potion"},{"floor":29.0,"key":"GamblersBrew"},{"floor":33.0,"key":"Dexterity Potion"},{"floor":35.0,"key":"Weak Potion"},{"floor":48.0,"key":"SpeedPotion"}],"is_trial":false,"path_per_floor":["M","$","?","?","M","R","?","R","T","$","E","R","E","M","R","B",null,"M","?","$","?","?","R","E","R","T","E","?","M","T","T","R","B",null,"M","$","?","M","$","R","?","E","T","$","R","?","?","M","R","B",null],"character_chosen":"IRONCLAD","items_purchased":["ClockworkSouvenir","SteroidPotion","Apotheosis","Feel No Pain","Bludgeon","True Grit","Disarm","True Grit","Disarm"],"campfire_rested":0,"item_purchase_floors":[2,2,10,20,20,20,36,39,44],"current_hp_per_floor":[57,57,57,57,53,53,46,46,46,46,36,36,29,38,38,56,74,80,80,80,80,80,80,57,57,57,42,42,54,54,54,54,69,77,78,78,78,80,80,80,80,40,40,40,40,40,40,56,56,78],"gold":16,"neow_bonus":"TWO_FIFTY_GOLD","is_prod":false,"is_daily":false,"chose_seed":false,"campfire_upgraded":10,"win_rate":0,"timestamp":1548322007,"path_taken":["M","$","?","?","?","R","?","R","T","$","E","R","E","M","R","BOSS","M","?","$","?","?","R","E","R","T","E","?","?","?","?","R","BOSS","M","$","?","?","$","R","?","E","T","$","R","?","?","M","R","BOSS"],"build_version":"2019-01-23","purchased_purges":2,"victory":true,"max_hp_per_floor":[80,80,80,80,80,80,80,80,80,80,80,80,80,80,80,80,80,80,80,80,80,80,80,80,80,80,80,80,80,80,80,80,80,80,80,80,80,80,80,80,80,80,80,80,80,80,80,80,80,80],"card_choices":[{"not_picked":["Iron Wave","Body Slam"],"picked":"Havoc","floor":1.0},{"not_picked":["Evolve","Dual Wield"],"picked":"Iron Wave","floor":5.0},{"not_picked":["Reckless Charge","Shrug It Off"],"picked":"Whirlwind","floor":11.0},{"not_picked":["Heavy Blade","Seeing Red","Rampage"],"picked":"Ghostly Armor","floor":13.0},{"not_picked":["Juggernaut","Anger","Heavy Blade"],"picked":"Intimidate","floor":14.0},{"not_picked":["Double Tap","Feed","Reaper"],"picked":"Offering","floor":16.0},{"not_picked":["Clothesline","Anger+1","Sword Boomerang"],"picked":"Spot Weakness","floor":18.0},{"not_picked":["Burning Pact+1","Perfected Strike+1","Pommel Strike"],"picked":"Flex+1","floor":24.0},{"not_picked":["Clash","Pommel Strike","Pummel"],"picked":"Sword Boomerang","floor":27.0},{"not_picked":["Iron Wave+1","Dual Wield","Body Slam"],"picked":"Limit Break","floor":29.0},{"not_picked":["Brutality","Barricade","Bludgeon"],"picked":"Double Tap","floor":33.0},{"not_picked":["Heavy Blade","Spot Weakness","Anger"],"picked":"Battle Trance","floor":35.0},{"not_picked":["Perfected Strike","Blood for Blood+1","Havoc"],"picked":"Warcry","floor":38.0},{"not_picked":["Combust","Armaments+1","Pommel Strike+1","Havoc"],"picked":"SKIP","floor":42.0},{"not_picked":["Finesse","Dramatic Entrance","Discovery"],"picked":"Blind","floor":47.0},{"not_picked":["Second Wind+1","Sword Boomerang+1","Hemokinesis+1"],"picked":"Disarm","floor":48.0}],"player_experience":31575,"relics_obtained":[{"floor":9.0,"key":"WingedGreaves"},{"floor":11.0,"key":"Question Card"},{"floor":13.0,"key":"Meat on the Bone"},{"floor":24.0,"key":"Dream Catcher"},{"floor":26.0,"key":"Bottled Tornado"},{"floor":27.0,"key":"Pocketwatch"},{"floor":30.0,"key":"Regal Pillow"},{"floor":31.0,"key":"Pantograph"},{"floor":42.0,"key":"Gambling Chip"},{"floor":43.0,"key":"Juzu Bracelet"}],"event_choices":[{"damage_healed":0.0,"max_hp_gain":0.0,"max_hp_loss":0.0,"gold_gain":0.0,"cards_transformed":["Strike_R"],"event_name":"Living Wall","player_choice":"Change","floor":3.0,"gold_loss":0.0,"damage_taken":0.0,"cards_obtained":["Dark Embrace"]},{"damage_healed":0.0,"max_hp_gain":0.0,"max_hp_loss":0.0,"gold_gain":100.0,"event_name":"Golden Shrine","player_choice":"Pray","floor":4.0,"gold_loss":0.0,"damage_taken":0.0},{"cards_removed":["Defend_R"],"damage_healed":0.0,"max_hp_gain":0.0,"max_hp_loss":0.0,"gold_gain":0.0,"event_name":"Golden Wing","player_choice":"Card Removal","floor":7.0,"gold_loss":0.0,"damage_taken":7.0},{"damage_healed":0.0,"max_hp_gain":0.0,"max_hp_loss":0.0,"gold_gain":0.0,"event_name":"Vampires","player_choice":"Ignored","floor":19.0,"gold_loss":0.0,"damage_taken":0.0},{"damage_healed":0.0,"max_hp_gain":0.0,"max_hp_loss":0.0,"gold_gain":0.0,"event_name":"Back to Basics","player_choice":"Simplicity","floor":21.0,"gold_loss":0.0,"damage_taken":0.0,"cards_upgraded":["Strike_R","Strike_R","Strike_R","Strike_R","Defend_R","Defend_R","Defend_R"]},{"damage_healed":0.0,"max_hp_gain":0.0,"max_hp_loss":0.0,"gold_gain":0.0,"event_name":"The Library","player_choice":"Read","floor":22.0,"gold_loss":0.0,"damage_taken":0.0,"cards_obtained":["Feel No Pain"]},{"damage_healed":0.0,"max_hp_gain":0.0,"max_hp_loss":0.0,"gold_gain":0.0,"event_name":"The Mausoleum","player_choice":"Ignored","floor":28.0,"gold_loss":0.0,"damage_taken":0.0},{"damage_healed":0.0,"max_hp_gain":0.0,"max_hp_loss":0.0,"gold_gain":0.0,"event_name":"Upgrade Shrine","player_choice":"Upgraded","floor":37.0,"gold_loss":0.0,"damage_taken":0.0,"cards_upgraded":["Feel No Pain"]},{"cards_removed":["Iron Wave"],"damage_healed":0.0,"max_hp_gain":0.0,"max_hp_loss":0.0,"gold_gain":0.0,"event_name":"Falling","player_choice":"Removed Attack","floor":41.0,"gold_loss":0.0,"damage_taken":0.0},{"damage_healed":0.0,"max_hp_gain":0.0,"max_hp_loss":0.0,"gold_gain":0.0,"event_name":"Tomb of Lord Red Mask","player_choice":"Paid","floor":46.0,"gold_loss":40.0,"damage_taken":0.0,"relics_obtained":["Red Mask"]},{"damage_healed":0.0,"max_hp_gain":0.0,"max_hp_loss":0.0,"gold_gain":0.0,"event_name":"SensoryStone","player_choice":"Memory 1","floor":47.0,"gold_loss":0.0,"damage_taken":0.0}],"is_beta":false,"boss_relics":[{"not_picked":["Runic Dome","Velvet Choker"],"picked":"Coffee Dripper"},{"not_picked":["Snecko Eye","Runic Pyramid"],"picked":"Black Blood"}],"items_purged_floors":[36,39],"is_endless":false,"potions_floor_spawned":[5,11,13,14,24,29,33,35,48],"ascension_level":10}