{"gold_per_floor":[144,189,234,279,324,324,369,459,459,459,504,549,639,684,684,984,984,1029,136,181,226,226,316,316,361,361,451,496,541,541,541,541,841,841,886,931,976,1021,1021,1111,0,45,45,165,165,255,255,300,300,300],"floor_reached":51,"playtime":1224,"items_purged":[],"score":1497,"play_id":"817e0a56-c22b-4c5c-a4ff-d808798d835f","local_time":"20181125203101","daily_mods":["Cursed Run","Hoarder","Midas"],"is_ascension_mode":false,"campfire_choices":[{"floor":6,"key":"REST"},{"floor":15,"key":"REST"},{"floor":24,"key":"REST"},{"floor":30,"key":"REST"},{"floor":32,"key":"REST"},{"floor":45,"key":"REST"},{"floor":49,"key":"REST"}],"neow_cost":"","seed_source_timestamp":13108298764820,"circlet_count":0,"master_deck":["Bash","Headbutt","Headbutt","Headbutt","Flex","Flex","Flex","Shrug It Off","Shrug It Off","Shrug It Off","Inflame","Inflame","Inflame","Flame Barrier","Flame Barrier","Flame Barrier","Injury","Injury","Injury","Pain","Pain","Pain","Headbutt+1","Headbutt+1","Headbutt+1","Sword Boomerang+1","Sword Boomerang+1","Sword Boomerang+1","Thunderclap+1","Thunderclap+1","Thunderclap+1","Cleave+1","Cleave+1","Cleave+1","Decay","Decay","Decay","Fiend Fire+1","Fiend Fire+1","Fiend Fire+1","Heavy Blade+1","Heavy Blade+1","Heavy Blade+1","Pommel Strike+1","Pommel Strike+1","Pommel Strike+1","Metamorphosis","Metamorphosis","Metamorphosis","Inflame","Inflame","Twin Strike+1","Twin Strike+1","Twin Strike+1","Decay","Decay","Decay","Thunderclap+1","Thunderclap+1","Thunderclap+1","Shame","Shame","Shame","Heavy Blade+1","Heavy Blade+1","Heavy Blade+1","Pommel Strike+1","Pommel Strike+1","Pommel Strike+1","Writhe","Writhe","Writhe","Shame","Shame","Shame","Limit Break","Limit Break","Limit Break","Body Slam+1","Body Slam+1","Body Slam+1","Headbutt+1","Headbutt+1","Headbutt+1","Rupture","Rupture","Rupture","Headbutt+1","Headbutt+1","Headbutt+1","Body Slam+1","Body Slam+1","Body Slam+1","Whirlwind+1","Whirlwind+1","Whirlwind+1","Flex","Flex","Flex","Sentinel","Sentinel","Sentinel","Flame Barrier","Flame Barrier","Flame Barrier","Thunderclap+1","Thunderclap+1","Thunderclap+1","Headbutt+1","Headbutt+1","Headbutt+1","Body Slam+1","Body Slam+1","Body Slam+1","Headbutt+1","Headbutt+1","Headbutt+1","Burning Pact+1","Burning Pact+1","Burning Pact+1","Twin Strike+1","Twin Strike+1","Twin Strike+1","Clumsy","Clumsy","Clumsy","Battle Trance+1","Battle Trance+1","Battle Trance+1","Doubt","Doubt","Doubt","Writhe","Writhe","Writhe"],"special_seed":17860,"relics":["Cursed Key","Darkstone Periapt","Du-Vu Doll","Molten Egg 2","Incense Burner","WarpedTongs","Mercury Hourglass","Sozu","Chemical X","Anchor","Blue Candle","Bag of Marbles","Red Skull","Paper Frog","Blood Vial","Pandora\u0027s Box","Pen Nib","Red Mask","Pear","Tiny Chest","Strawberry","The Courier"],"potions_floor_usage":[16,16,16],"damage_taken":[{"damage":0,"enemies":"Small Slimes","floor":1,"turns":3},{"damage":0,"enemies":"Cultist","floor":2,"turns":2},{"damage":1,"enemies":"Jaw Worm","floor":3,"turns":3},{"damage":6,"enemies":"2 Fungi Beasts","floor":4,"turns":3},{"damage":7,"enemies":"Blue Slaver","floor":5,"turns":3},{"damage":4,"enemies":"Large Slime","floor":7,"turns":5},{"damage":11,"enemies":"Lagavulin","floor":8,"turns":8},{"damage":4,"enemies":"Exordium Thugs","floor":11,"turns":3},{"damage":3,"enemies":"3 Louse","floor":12,"turns":1},{"damage":0,"enemies":"Gremlin Nob","floor":13,"turns":2},{"damage":10,"enemies":"Lots of Slimes","floor":14,"turns":2},{"damage":23,"enemies":"Hexaghost","floor":16,"turns":4},{"damage":0,"enemies":"Shell Parasite","floor":18,"turns":1},{"damage":2,"enemies":"3 Byrds","floor":20,"turns":2},{"damage":0,"enemies":"Snecko","floor":21,"turns":2},{"damage":1,"enemies":"Slavers","floor":23,"turns":2},{"damage":0,"enemies":"3 Cultists","floor":25,"turns":1},{"damage":1,"enemies":"Gremlin Leader","floor":27,"turns":1},{"damage":3,"enemies":"Centurion and Healer","floor":28,"turns":1},{"damage":0,"enemies":"Snake Plant","floor":29,"turns":1},{"damage":30,"enemies":"Automaton","floor":33,"turns":4},{"damage":21,"enemies":"Orb Walker","floor":35,"turns":3},{"damage":0,"enemies":"3 Darklings","floor":36,"turns":2},{"damage":0,"enemies":"Maw","floor":37,"turns":1},{"damage":0,"enemies":"Spire Growth","floor":38,"turns":2},{"damage":0,"enemies":"Nemesis","floor":40,"turns":1},{"damage":6,"enemies":"Transient","floor":42,"turns":4},{"damage":0,"enemies":"Reptomancer","floor":44,"turns":2},{"damage":6,"enemies":"Nemesis","floor":46,"turns":3},{"damage":5,"enemies":"3 Darklings","floor":48,"turns":3},{"damage":42,"enemies":"Awakened One","floor":50,"turns":7}],"seed_played":"-1394780119887161805","potions_obtained":[{"floor":3,"key":"Strength Potion"},{"floor":7,"key":"LiquidBronze"},{"floor":8,"key":"SkillPotion"},{"floor":11,"key":"Regen Potion"},{"floor":14,"key":"Block Potion"}],"is_trial":false,"path_per_floor":["M","M","M","M","M","R","M","E","T","?","M","M","E","M","R","B",null,"M","$","M","M","?","E","R","M","T","E","M","M","R","?","R","B",null,"M","M","M","M","?","E","?","M","T","E","R","E","T","M","R","B",null],"character_chosen":"IRONCLAD","items_purchased":["Chemical X","Anchor","Blue Candle","Pommel Strike+1","Metamorphosis","Inflame"],"campfire_rested":7,"item_purchase_floors":[19,19,19,19,19,19],"current_hp_per_floor":[80,80,79,73,66,80,76,65,71,77,73,70,70,60,87,79,98,98,98,96,96,102,101,104,104,110,109,106,106,110,116,116,92,122,101,103,105,107,107,109,109,105,121,123,138,139,145,142,151,115],"gold":300,"neow_bonus":"","is_prod":false,"is_daily":true,"chose_seed":false,"campfire_upgraded":0,"win_rate":0,"timestamp":1543131061,"path_taken":["M","M","M","M","M","R","M","E","T","?","?","M","E","M","R","BOSS","M","$","M","M","?","E","R","M","T","E","M","M","R","?","R","BOSS","M","M","M","M","?","E","?","M","T","E","R","E","?","M","R","BOSS"],"build_version":"2018-11-15","purchased_purges":0,"victory":true,"max_hp_per_floor":[80,80,80,80,80,80,80,80,86,92,92,92,92,92,92,98,98,98,98,98,98,104,104,104,104,110,110,110,110,110,116,116,122,122,122,122,122,122,122,122,122,122,138,138,138,145,151,151,151,157],"card_choices":[{"not_picked":["Dropkick","Perfected Strike"],"picked":"Headbutt","floor":1},{"not_picked":["Rage","Reckless Charge","Havoc"],"picked":"SKIP","floor":2},{"not_picked":["Sentinel","Armaments"],"picked":"Flex","floor":3},{"not_picked":["Armaments","Pommel Strike"],"picked":"Shrug It Off","floor":4},{"not_picked":["Heavy Blade","Rupture"],"picked":"Inflame","floor":5},{"not_picked":["True Grit","Flex"],"picked":"Flame Barrier","floor":7},{"not_picked":["Wild Strike","Demon Form","Clash"],"picked":"SKIP","floor":8},{"not_picked":["Reckless Charge+1","Clash+1"],"picked":"Headbutt+1","floor":11},{"not_picked":["Reckless Charge+1","Cleave+1"],"picked":"Sword Boomerang+1","floor":12},{"not_picked":["Shrug It Off","Wild Strike+1"],"picked":"Thunderclap+1","floor":13},{"not_picked":["Evolve","Body Slam+1"],"picked":"Cleave+1","floor":14},{"not_picked":["Dark Embrace","Barricade"],"picked":"Fiend Fire+1","floor":16},{"not_picked":["Pommel Strike+1","Evolve"],"picked":"Heavy Blade+1","floor":18},{"not_picked":["Armaments","Havoc","Combust"],"picked":"SKIP","floor":20},{"not_picked":["Thunderclap+1","Flex"],"picked":"Twin Strike+1","floor":21},{"not_picked":["Rage","Dual Wield+1"],"picked":"Thunderclap+1","floor":23},{"not_picked":["Ghostly Armor","Sentinel","Armaments"],"picked":"SKIP","floor":25},{"not_picked":["Armaments","Rampage+1"],"picked":"Heavy Blade+1","floor":27},{"not_picked":["Cleave+1","Warcry","True Grit"],"picked":"SKIP","floor":28},{"not_picked":["Clothesline+1","Iron Wave+1"],"picked":"Pommel Strike+1","floor":29},{"not_picked":["Juggernaut","Berserk"],"picked":"Limit Break","floor":33},{"not_picked":["Shrug It Off","Intimidate"],"picked":"Thunderclap+1","floor":35},{"not_picked":["Evolve+1","Wild Strike+1"],"picked":"Headbutt+1","floor":36},{"not_picked":["Second Wind+1","Dual Wield+1"],"picked":"Body Slam+1","floor":37},{"not_picked":["Anger+1","Blood for Blood+1"],"picked":"Headbutt+1","floor":38},{"not_picked":["Dropkick+1","Sever Soul+1"],"picked":"Burning Pact+1","floor":40},{"not_picked":["Armaments+1","Flex"],"picked":"Twin Strike+1","floor":42},{"not_picked":["Iron Wave+1","Wild Strike+1"],"picked":"Battle Trance+1","floor":44},{"not_picked":["Feed+1","Anger+1","Shockwave+1"],"picked":"SKIP","floor":46},{"not_picked":["Reckless Charge+1","Warcry","Iron Wave+1"],"picked":"SKIP","floor":48}],"player_experience":394017,"relics_obtained":[{"floor":8,"key":"Molten Egg 2"},{"floor":9,"key":"Incense Burner"},{"floor":13,"key":"Mercury Hourglass"},{"floor":23,"key":"Bag of Marbles"},{"floor":26,"key":"Red Skull"},{"floor":27,"key":"Paper Frog"},{"floor":40,"key":"Pen Nib"},{"floor":43,"key":"Pear"},{"floor":44,"key":"Tiny Chest"},{"floor":46,"key":"Strawberry"},{"floor":47,"key":"The Courier"}],"event_choices":[{"damage_healed":0,"gold_gain":0,"player_choice":"Rummage","damage_taken":0,"relics_obtained":["WarpedTongs"],"max_hp_gain":0,"max_hp_loss":0,"event_name":"Accursed Blacksmith","floor":10,"gold_loss":0,"cards_obtained":["Pain"]},{"damage_healed":0,"gold_gain":0,"player_choice":"Smashed Altar","damage_taken":0,"max_hp_gain":0,"max_hp_loss":0,"event_name":"Forgotten Altar","floor":22,"gold_loss":0,"cards_obtained":["Decay"]},{"damage_healed":0,"gold_gain":0,"player_choice":"Opened","damage_taken":0,"relics_obtained":["Blood Vial"],"max_hp_gain":0,"max_hp_loss":0,"event_name":"The Mausoleum","floor":31,"gold_loss":0,"cards_obtained":["Writhe"]},{"cards_removed":["Inflame"],"damage_healed":0,"gold_gain":0,"player_choice":"Removed Power","damage_taken":0,"max_hp_gain":0,"max_hp_loss":0,"event_name":"Falling","floor":39,"gold_loss":0},{"damage_healed":0,"gold_gain":0,"player_choice":"Paid","damage_taken":0,"relics_obtained":["Red Mask"],"max_hp_gain":0,"max_hp_loss":0,"event_name":"Tomb of Lord Red Mask","floor":41,"gold_loss":1111}],"is_beta":false,"boss_relics":[{"not_picked":["Orrery","Mark of Pain"],"picked":"Sozu"},{"not_picked":["Black Star","Snecko Eye"],"picked":"Pandora\u0027s Box"}],"items_purged_floors":[],"is_endless":false,"potions_floor_spawned":[3,7,8,11,12,14,18,23,28,29,36,38,44,48],"ascension_level":0}