{"gold_per_floor":[109,109,119,119,119,147,147,165,165,184,195,195,222,222,222,317,317,329,360,139,139,139,171,98,98,148,148,148,148,148,248,248,352,352,368,368,383,605,624,656,667,685,685,699,241,274,319,330,330,330],"floor_reached":51,"playtime":4232,"items_purged":["Strike_G","Defend_G"],"score":856,"play_id":"f385b7db-eacd-4962-865c-43904047950e","local_time":"20190127022830","is_ascension_mode":false,"campfire_choices":[{"data":"Skewer","floor":7,"key":"SMITH"},{"data":"Neutralize","floor":12,"key":"SMITH"},{"data":"Well Laid Plans","floor":15,"key":"SMITH"},{"data":"Footwork","floor":25,"key":"SMITH"},{"data":"Tactician","floor":28,"key":"SMITH"},{"data":"Bite","floor":30,"key":"SMITH"},{"data":"Bite","floor":32,"key":"SMITH"},{"data":"Noxious Fumes","floor":49,"key":"SMITH"}],"neow_cost":"NONE","seed_source_timestamp":59137180041458,"circlet_count":0,"master_deck":["Defend_G","Defend_G","Defend_G","Defend_G","Survivor","Neutralize+1","Skewer+1","Dash","Trip","Tactician+1","Dagger Throw","Well Laid Plans+1","Blur","Malaise+1","Leg Sweep+1","Tactician+1","Footwork+1","Acrobatics+1","Acrobatics+1","Prepared+1","Bite+1","Bite+1","Bite","Bite","Bite","Tools of the Trade","Backflip+1","Transmutation+1","Master of Strategy+1","Tactician+1","Corpse Explosion+1","Acrobatics+1","Prepared+1","Noxious Fumes+1","PiercingWail+1","Dagger Throw"],"relics":["Ring of the Snake","NeowsBlessing","Bottled Flame","Dodecahedron","Juzu Bracelet","Toxic Egg 2","Coffee Dripper","Red Mask","Vajra","Anchor","Nilry\u0027s Codex","Tough Bandages","Mercury Hourglass","Philosopher\u0027s Stone","Shuriken","Calipers","Lantern","Frozen Egg 2","Pocketwatch"],"potions_floor_usage":[19,23,23,50,50],"damage_taken":[{"damage":0,"enemies":"2 Louse","floor":1,"turns":1},{"damage":0,"enemies":"Jaw Worm","floor":3,"turns":1},{"damage":0,"enemies":"Gremlin Nob","floor":6,"turns":1},{"damage":0,"enemies":"Cultist","floor":8,"turns":2},{"damage":0,"enemies":"Exordium Thugs","floor":10,"turns":3},{"damage":3,"enemies":"3 Louse","floor":11,"turns":4},{"damage":8,"enemies":"Lagavulin","floor":13,"turns":5},{"damage":24,"enemies":"Slime Boss","floor":16,"turns":9},{"damage":0,"enemies":"3 Byrds","floor":18,"turns":5},{"damage":0,"enemies":"Masked Bandits","floor":19,"turns":5},{"damage":40,"enemies":"Gremlin Leader","floor":23,"turns":9},{"damage":0,"enemies":"Colosseum Slavers","floor":31,"turns":6},{"damage":0,"enemies":"Colosseum Nobs","floor":31,"turns":4},{"damage":9,"enemies":"Champ","floor":33,"turns":14},{"damage":0,"enemies":"3 Shapes","floor":35,"turns":3},{"damage":0,"enemies":"Orb Walker","floor":37,"turns":2},{"damage":1,"enemies":"Sphere and 2 Shapes","floor":39,"turns":6},{"damage":0,"enemies":"Reptomancer","floor":40,"turns":5},{"damage":0,"enemies":"Jaw Worm Horde","floor":41,"turns":3},{"damage":0,"enemies":"4 Shapes","floor":42,"turns":4},{"damage":0,"enemies":"Maw","floor":44,"turns":5},{"damage":0,"enemies":"Nemesis","floor":46,"turns":3},{"damage":0,"enemies":"2 Orb Walkers","floor":47,"turns":4},{"damage":0,"enemies":"Spire Growth","floor":48,"turns":3},{"damage":0,"enemies":"Time Eater","floor":50,"turns":12}],"seed_played":"-8285279316043292623","potions_obtained":[{"floor":1,"key":"Block Potion"},{"floor":3,"key":"GamblersBrew"},{"floor":8,"key":"Energy Potion"},{"floor":13,"key":"Explosive Potion"},{"floor":18,"key":"SkillPotion"},{"floor":23,"key":"Block Potion"},{"floor":37,"key":"Block Potion"},{"floor":40,"key":"Energy Potion"},{"floor":41,"key":"AttackPotion"}],"is_trial":false,"path_per_floor":["M","$","M","?","?","E","R","M","T","M","M","R","E","T","R","B",null,"M","?","$","?","?","E","$","R","T","?","R","?","R","?","R","B",null,"M","?","M","?","M","E","M","M","T","M","$","E","?","M","R","B",null],"character_chosen":"THE_SILENT","items_purchased":["Tactician+1","Footwork","Acrobatics+1","Prepared+1","Prepared+1","Lantern","Noxious Fumes","EssenceOfSteel"],"campfire_rested":0,"item_purchase_floors":[20,20,24,24,45,45,45,45],"current_hp_per_floor":[70,70,70,63,63,63,63,63,63,63,60,60,52,52,52,28,70,70,70,70,57,57,17,17,17,17,1,1,1,1,34,34,52,52,52,42,44,44,52,52,52,52,52,52,52,52,52,52,52,52],"gold":330,"neow_bonus":"THREE_ENEMY_KILL","is_prod":false,"is_daily":false,"chose_seed":false,"campfire_upgraded":8,"win_rate":0.0,"timestamp":1548509310,"path_taken":["M","$","M","?","?","E","R","M","T","M","?","R","E","?","R","BOSS","M","?","$","?","?","E","$","R","T","?","R","?","R","?","R","BOSS","M","?","M","?","M","E","M","M","T","M","$","E","?","M","R","BOSS"],"build_version":"2019-01-23","purchased_purges":2,"victory":true,"max_hp_per_floor":[70,70,70,70,70,70,70,70,70,70,70,70,70,70,70,70,70,70,70,70,75,75,75,75,75,75,75,75,52,52,52,52,52,52,52,52,52,52,52,52,52,52,52,52,52,52,52,52,52,52],"card_choices":[{"not_picked":["Noxious Fumes","PiercingWail"],"picked":"Skewer","floor":1},{"not_picked":["Underhanded Strike","Dodge and Roll"],"picked":"Dash","floor":3},{"not_picked":["Wraith Form v2","Underhanded Strike"],"picked":"Tactician","floor":6},{"not_picked":["Slice","Catalyst"],"picked":"Dagger Throw","floor":8},{"not_picked":["Backflip","Deflect"],"picked":"Well Laid Plans","floor":10},{"not_picked":["Blade Dance","Dagger Spray"],"picked":"Blur","floor":11},{"not_picked":["Flying Knee","Flechettes","Deadly Poison"],"picked":"SKIP","floor":13},{"not_picked":["Bullet Time+1","Burst+1"],"picked":"Malaise+1","floor":16},{"not_picked":["Dagger Spray","Sucker Punch","Deflect+1"],"picked":"SKIP","floor":18},{"not_picked":["Eviscerate","Crippling Poison+1"],"picked":"Leg Sweep+1","floor":19},{"not_picked":["Prepared+1","Blade Dance+1"],"picked":"Acrobatics+1","floor":23},{"not_picked":["Corpse Explosion+1","Venomology+1"],"picked":"Tools of the Trade","floor":33},{"not_picked":["Underhanded Strike","Flying Knee+1"],"picked":"Backflip+1","floor":35},{"not_picked":["Mind Blast","Violence+1"],"picked":"Transmutation+1","floor":36},{"not_picked":["Thinking Ahead+1","Forethought+1"],"picked":"Master of Strategy+1","floor":36},{"not_picked":["Flying Knee+1","Escape Plan+1","Deadly Poison+1"],"picked":"SKIP","floor":37},{"not_picked":["Sucker Punch","Flying Knee"],"picked":"Tactician+1","floor":39},{"not_picked":["Blade Dance+1","Dodge and Roll+1","Slice"],"picked":"SKIP","floor":40},{"not_picked":["Terror+1","Quick Slash","Dodge and Roll+1"],"picked":"SKIP","floor":41},{"not_picked":["Eviscerate","Quick Slash"],"picked":"Corpse Explosion+1","floor":42},{"not_picked":["Bane","Bouncing Flask+1"],"picked":"Acrobatics+1","floor":44},{"not_picked":["Underhanded Strike","Deadly Poison+1","Dodge and Roll+1"],"picked":"SKIP","floor":46},{"not_picked":["Outmaneuver+1","Bane+1"],"picked":"PiercingWail+1","floor":47},{"not_picked":["Blade Dance+1","Dagger Spray+1"],"picked":"Dagger Throw","floor":48}],"player_experience":91376,"relics_obtained":[{"floor":6,"key":"Bottled Flame"},{"floor":9,"key":"Dodecahedron"},{"floor":13,"key":"Juzu Bracelet"},{"floor":14,"key":"Toxic Egg 2"},{"floor":19,"key":"Red Mask"},{"floor":23,"key":"Vajra"},{"floor":26,"key":"Anchor"},{"floor":27,"key":"Nilry\u0027s Codex"},{"floor":31,"key":"Tough Bandages"},{"floor":31,"key":"Mercury Hourglass"},{"floor":40,"key":"Shuriken"},{"floor":43,"key":"Calipers"},{"floor":46,"key":"Frozen Egg 2"},{"floor":47,"key":"Pocketwatch"}],"event_choices":[{"cards_removed":["Strike_G"],"damage_healed":0,"gold_gain":0,"player_choice":"Card Removal","damage_taken":7,"max_hp_gain":0,"max_hp_loss":0,"event_name":"Golden Wing","floor":4,"gold_loss":0},{"damage_healed":0,"gold_gain":0,"player_choice":"1 cards matched","damage_taken":0,"max_hp_gain":0,"max_hp_loss":0,"event_name":"Match and Keep!","floor":5,"gold_loss":0,"cards_obtained":["Trip"]},{"damage_healed":0,"gold_gain":0,"player_choice":"Fought Bandits","damage_taken":0,"max_hp_gain":0,"max_hp_loss":0,"event_name":"Masked Bandits","floor":19,"gold_loss":0},{"damage_healed":0,"gold_gain":0,"player_choice":"Shed Blood","damage_taken":18,"max_hp_gain":5,"max_hp_loss":0,"event_name":"Forgotten Altar","floor":21,"gold_loss":0},{"cards_removed":["Iron Wave"],"damage_healed":0,"gold_gain":0,"player_choice":"Took Card","damage_taken":0,"max_hp_gain":0,"max_hp_loss":0,"event_name":"NoteForYourself","floor":22,"gold_loss":0,"cards_obtained":["Iron Wave"]},{"damage_healed":0,"gold_gain":0,"player_choice":"Obtained Book","damage_taken":16,"max_hp_gain":0,"max_hp_loss":0,"event_name":"Cursed Tome","floor":27,"gold_loss":0},{"damage_healed":0,"gold_gain":0,"player_choice":"Became a vampire","damage_taken":0,"max_hp_gain":0,"max_hp_loss":23,"event_name":"Vampires","floor":29,"gold_loss":0,"cards_obtained":["Bite","Bite","Bite","Bite","Bite"]},{"damage_healed":0,"gold_gain":0,"player_choice":"Fight","damage_taken":0,"max_hp_gain":0,"max_hp_loss":0,"event_name":"Colosseum","floor":31,"gold_loss":0},{"damage_healed":0,"gold_gain":0,"player_choice":"Fought Nobs","damage_taken":0,"max_hp_gain":0,"max_hp_loss":0,"event_name":"Colosseum","floor":31,"gold_loss":0},{"damage_healed":0,"gold_gain":0,"player_choice":"Memory 3","damage_taken":10,"max_hp_gain":0,"max_hp_loss":0,"event_name":"SensoryStone","floor":36,"gold_loss":0},{"damage_healed":0,"gold_gain":222,"player_choice":"Wore Mask","damage_taken":0,"max_hp_gain":0,"max_hp_loss":0,"event_name":"Tomb of Lord Red Mask","floor":38,"gold_loss":0},{"damage_healed":0,"gold_gain":0,"player_choice":"Fight","damage_taken":0,"max_hp_gain":0,"max_hp_loss":0,"event_name":"Mysterious Sphere","floor":47,"gold_loss":0}],"is_beta":false,"boss_relics":[{"not_picked":["Velvet Choker","Astrolabe"],"picked":"Coffee Dripper"},{"not_picked":["Snecko Eye","Tiny House"],"picked":"Philosopher\u0027s Stone"}],"items_purged_floors":[20,45],"is_endless":false,"potions_floor_spawned":[1,3,8,13,18,23,37,40,41,47,48],"ascension_level":0}