{"gold_per_floor":[13,28,28,43,56,56,82,19,44,44,44,60,80,99,99,200,200,210,210,80,80,80,80,100,126,126,126],"floor_reached":27,"playtime":2273,"items_purged":["Strike_G"],"score":245,"play_id":"193a59a7-1fab-461a-8b12-0ad13ac0e45a","local_time":"20180822021702","is_ascension_mode":true,"campfire_choices":[{"data":"Prepared","floor":6.0,"key":"SMITH"},{"floor":11.0,"key":"REST"},{"data":"Masterful Stab","floor":15,"key":"SMITH"},{"data":"Backflip","floor":23,"key":"SMITH"}],"neow_cost":"NO_GOLD","seed_source_timestamp":0,"circlet_count":0,"master_deck":["Defend_G","Defend_G","Defend_G","Defend_G","Strike_G","Strike_G","Strike_G","Survivor","Neutralize","All Out Attack","Flying Knee","Masterful Stab+1","PiercingWail","Prepared+1","Flying Knee","Slice","Malaise","Underhanded Strike","Die Die Die","Expertise","Backflip+1","Eviscerate","Dash","Quick Slash"],"special_seed":0,"relics":["Ring of the Snake","Strawberry","MawBank","Ancient Tea Set","Centennial Puzzle","HoveringKite","Dream Catcher","Juzu Bracelet","Paper Crane"],"potions_floor_usage":[16,18,25],"damage_taken":[{"damage":0.0,"enemies":"Cultist","floor":1.0,"turns":3.0},{"damage":0.0,"enemies":"2 Louse","floor":2.0,"turns":1.0},{"damage":1.0,"enemies":"Jaw Worm","floor":4.0,"turns":4.0},{"damage":3.0,"enemies":"Exordium Wildlife","floor":5.0,"turns":5.0},{"damage":43.0,"enemies":"3 Sentries","floor":7.0,"turns":11.0},{"damage":0.0,"enemies":"Looter","floor":12.0,"turns":2.0},{"damage":0.0,"enemies":"Blue Slaver","floor":13.0,"turns":2.0},{"damage":0.0,"enemies":"Lots of Slimes","floor":14.0,"turns":4.0},{"damage":16,"enemies":"Hexaghost","floor":16,"turns":16},{"damage":15,"enemies":"3 Byrds","floor":18,"turns":3},{"damage":10,"enemies":"Spheric Guardian","floor":24,"turns":4},{"damage":33,"enemies":"Book of Stabbing","floor":25,"turns":8},{"damage":22,"enemies":"Slavers","floor":27,"turns":2}],"seed_played":"-196284668492846754","potions_obtained":[{"floor":1.0,"key":"SpeedPotion"},{"floor":2.0,"key":"SpeedPotion"},{"floor":12.0,"key":"Block Potion"},{"floor":13.0,"key":"PowerPotion"},{"floor":16,"key":"Strength Potion"},{"floor":24,"key":"Energy Potion"},{"floor":25,"key":"GamblersBrew"}],"is_trial":false,"path_per_floor":["M","M","?","M","M","R","E","$","T","T","R","M","M","M","R","B",null,"M","?","$","?","?","R","M","E","T"],"character_chosen":"THE_SILENT","items_purchased":["Backflip","Eviscerate"],"campfire_rested":1,"item_purchase_floors":[20,20],"current_hp_per_floor":[70,70,74,73,70,70,27,27,27,27,50,50,50,50,50,34,77,62,62,62,77,77,77,67,34,34,12],"gold":126,"neow_bonus":"TRANSFORM_TWO_CARDS","is_prod":false,"is_daily":false,"chose_seed":false,"campfire_upgraded":3,"win_rate":0,"timestamp":1534918622,"path_taken":["M","M","?","M","M","R","E","$","T","?","R","M","M","M","R","BOSS","M","?","$","?","?","R","M","E","T","E"],"build_version":"2018-08-16","purchased_purges":1,"victory":false,"max_hp_per_floor":[70,70,77,77,77,77,77,77,77,77,77,77,77,77,77,77,77,77,77,77,77,77,77,77,77,77,77],"card_choices":[{"not_picked":["Sucker Punch","Heel Hook"],"picked":"Masterful Stab","floor":1.0},{"not_picked":["Dagger Spray","Cloak And Dagger"],"picked":"PiercingWail","floor":2.0},{"not_picked":["Acrobatics","Setup"],"picked":"Prepared","floor":4.0},{"not_picked":["Flechettes","Reflex"],"picked":"Flying Knee","floor":5.0},{"not_picked":["Poisoned Stab","Expertise"],"picked":"Slice","floor":7.0},{"not_picked":["Bouncing Flask","Dodge and Roll"],"picked":"Malaise","floor":12.0},{"not_picked":["Blade Dance","Masterful Stab"],"picked":"Underhanded Strike","floor":13.0},{"not_picked":["Escape Plan","Bane","Tactician"],"picked":"SKIP","floor":14},{"not_picked":["Escape Plan","Bane","Tactician"],"picked":"SKIP","floor":14},{"not_picked":["Bullet Time","Doppelganger"],"picked":"Die Die Die","floor":16},{"not_picked":["Blur","Flechettes","Cloak And Dagger+1"],"picked":"SKIP","floor":18},{"not_picked":["Infinite Blades","Deadly Poison"],"picked":"Dash","floor":24},{"not_picked":["Escape Plan","Tools of the Trade"],"picked":"Quick Slash","floor":25}],"player_experience":477509,"relics_obtained":[{"floor":7.0,"key":"MawBank"},{"floor":9.0,"key":"Ancient Tea Set"},{"floor":10.0,"key":"Centennial Puzzle"},{"floor":25,"key":"Juzu Bracelet"},{"floor":26,"key":"Paper Crane"}],"event_choices":[{"event_name":"Scrap Ooze","player_choice":"success","floor":3.0,"damage_taken":3.0},{"event_name":"The Library","player_choice":"Read","floor":19,"damage_taken":0},{"event_name":"Wheel of Change","player_choice":"Full Heal","floor":21,"damage_taken":0},{"event_name":"The Mausoleum","player_choice":"Yes","floor":22,"damage_taken":0}],"is_beta":false,"boss_relics":[{"not_picked":["Black Star","Cursed Key"],"picked":"HoveringKite"}],"items_purged_floors":[8],"is_endless":false,"potions_floor_spawned":[1,2,12,13,16,24,25],"killed_by":"Slavers","ascension_level":1}