{"gold_per_floor":[109,34,34,46,59,84,84,103,126,137,154,181,106,126,126,198,198,208,180,230,262,6,6,16,16,16,28,46,72,72,84,84,158,158,173,173,130,150,167,167,202,214,290,290],"floor_reached":44,"playtime":3088,"items_purged":["Strike_R"],"score":973,"play_id":"f6221967-d099-43e5-b2fa-af1f7b5a147a","local_time":"20190224184255","is_ascension_mode":true,"campfire_choices":[{"data":"Double Tap","floor":7.0,"key":"SMITH"},{"data":"Demon Form","floor":15.0,"key":"SMITH"},{"data":"True Grit","floor":23,"key":"SMITH"},{"data":"Heavy Blade","floor":25,"key":"SMITH"},{"data":"Clothesline","floor":32,"key":"SMITH"},{"data":"Feel No Pain","floor":40,"key":"SMITH"}],"neow_cost":"NONE","seed_source_timestamp":0,"circlet_count":0,"master_deck":["AscendersBane","Strike_R","Strike_R","Strike_R","Defend_R","Defend_R","Defend_R","Defend_R","Bash","Double Tap+1","Pommel Strike","Headbutt","True Grit+1","Shockwave","Corruption","Clothesline+1","Demon Form+1","Heavy Blade+1","Fiend Fire","Ghostly Armor","Battle Trance","Disarm","Feel No Pain+1","Shrug It Off","Feed+1","Exhume","Disarm","Disarm","Shrug It Off","Parasite","True Grit","Shrug It Off+1"],"special_seed":0,"relics":["Burning Blood","Centennial Puzzle","Art of War","Orichalcum","Velvet Choker","Red Mask","Bag of Preparation","Vajra","PreservedInsect","Black Star","Blood Vial","Nunchaku"],"potions_floor_usage":[21,21,33,41,41,44],"damage_taken":[{"damage":4.0,"enemies":"Jaw Worm","floor":1.0,"turns":5.0},{"damage":6.0,"enemies":"Cultist","floor":4.0,"turns":3.0},{"damage":3.0,"enemies":"2 Louse","floor":5.0,"turns":4.0},{"damage":8.0,"enemies":"Gremlin Nob","floor":6.0,"turns":3.0},{"damage":15.0,"enemies":"Exordium Wildlife","floor":8.0,"turns":4.0},{"damage":3.0,"enemies":"Blue Slaver","floor":10.0,"turns":5.0},{"damage":5.0,"enemies":"Red Slaver","floor":11.0,"turns":3.0},{"damage":20.0,"enemies":"Lagavulin","floor":12.0,"turns":4.0},{"damage":3.0,"enemies":"2 Fungi Beasts","floor":14.0,"turns":3.0},{"damage":29.0,"enemies":"The Guardian","floor":16.0,"turns":13.0},{"damage":12,"enemies":"Chosen","floor":18,"turns":4},{"damage":18,"enemies":"2 Thieves","floor":19,"turns":4},{"damage":2,"enemies":"Masked Bandits","floor":21,"turns":2},{"damage":28,"enemies":"Cultist and Chosen","floor":24,"turns":8},{"damage":12,"enemies":"Snake Plant","floor":27,"turns":2},{"damage":3,"enemies":"Centurion and Healer","floor":28,"turns":4},{"damage":2,"enemies":"Slavers","floor":29,"turns":6},{"damage":9,"enemies":"Sentry and Sphere","floor":31,"turns":5},{"damage":13,"enemies":"Champ","floor":33,"turns":11},{"damage":3,"enemies":"3 Darklings","floor":35,"turns":5},{"damage":6,"enemies":"3 Shapes","floor":38,"turns":5},{"damage":7,"enemies":"Writhing Mass","floor":39,"turns":9},{"damage":67,"enemies":"Reptomancer","floor":41,"turns":6},{"damage":26,"enemies":"4 Shapes","floor":42,"turns":11},{"damage":28,"enemies":"Giant Head","floor":44,"turns":6}],"seed_played":"4723452921746724794","potions_obtained":[{"floor":4.0,"key":"AttackPotion"},{"floor":5.0,"key":"Explosive Potion"},{"floor":11.0,"key":"EssenceOfSteel"},{"floor":19,"key":"Strength Potion"},{"floor":21,"key":"Block Potion"},{"floor":31,"key":"Strength Potion"},{"floor":33,"key":"Poison Potion"},{"floor":41,"key":"Regen Potion"},{"floor":42,"key":"LiquidBronze"}],"is_trial":false,"path_per_floor":["M","?","?","M","M","E","R","M","T","M","M","E","$","M","R","B",null,"M","M","?","?","$","R","M","R","T","M","M","E","?","M","R","B",null,"M","?","$","M","M","R","E","M","T","E"],"character_chosen":"IRONCLAD","items_purchased":["Bag of Preparation","Disarm","Disarm"],"campfire_rested":0,"item_purchase_floors":[22,22,37],"current_hp_per_floor":[70,70,70,70,73,71,71,62,62,65,66,52,52,55,55,32,64,58,46,46,50,50,50,28,28,28,22,25,29,29,26,26,19,61,67,67,67,75,78,78,21,7,7,0],"gold":290,"neow_bonus":"ONE_RANDOM_RARE_CARD","is_prod":false,"is_daily":false,"chose_seed":false,"campfire_upgraded":6,"win_rate":0,"timestamp":1550986975,"path_taken":["M","?","?","M","?","E","R","M","T","?","M","E","$","M","R","BOSS","M","M","?","?","?","R","M","R","T","M","?","E","?","M","R","BOSS","M","?","?","M","?","R","E","M","T","E"],"build_version":"2019-01-23","purchased_purges":1,"victory":false,"max_hp_per_floor":[75,75,75,75,75,75,75,75,75,75,75,75,75,75,75,75,75,75,75,75,75,75,75,75,75,75,75,75,75,75,75,75,75,75,78,78,78,86,90,90,94,98,98,98],"card_choices":[{"not_picked":["Heavy Blade","Rupture","Sever Soul"],"picked":"SKIP","floor":1.0},{"not_picked":["Flex","Heavy Blade"],"picked":"Headbutt","floor":4.0},{"not_picked":["Power Through","Pommel Strike"],"picked":"True Grit","floor":5.0},{"not_picked":["Sever Soul","Brutality"],"picked":"Shockwave","floor":6.0},{"not_picked":["Seeing Red","Perfected Strike"],"picked":"Corruption","floor":8.0},{"not_picked":["Flex","Body Slam","Seeing Red"],"picked":"SKIP","floor":10.0},{"not_picked":["Perfected Strike","Wild Strike"],"picked":"Clothesline","floor":11.0},{"not_picked":["Entrench","Fire Breathing"],"picked":"Demon Form","floor":12.0},{"not_picked":["Second Wind","Dropkick"],"picked":"Heavy Blade","floor":14.0},{"not_picked":["Berserk","Barricade"],"picked":"Fiend Fire","floor":16.0},{"not_picked":["Flex","Second Wind+1","Sword Boomerang"],"picked":"SKIP","floor":18},{"not_picked":["Searing Blow","Evolve"],"picked":"Ghostly Armor","floor":19},{"not_picked":["Shrug It Off","Searing Blow"],"picked":"Battle Trance","floor":21},{"not_picked":["Infernal Blade+1","Bloodletting","Sever Soul"],"picked":"SKIP","floor":24},{"not_picked":["Flex","Brutality"],"picked":"Feel No Pain","floor":27},{"not_picked":["Flex","Wild Strike"],"picked":"Shrug It Off","floor":28},{"not_picked":["Combust","Clash"],"picked":"Feed","floor":29},{"not_picked":["Inflame+1","Anger","Wild Strike"],"picked":"SKIP","floor":31},{"not_picked":["Dark Embrace","Immolate"],"picked":"Exhume","floor":33},{"not_picked":["Havoc+1","Hemokinesis"],"picked":"Disarm","floor":35},{"not_picked":["Wild Strike+1","Intimidate"],"picked":"Shrug It Off","floor":38},{"not_picked":["Twin Strike","Brutality"],"picked":"True Grit","floor":39},{"not_picked":["Cleave","Havoc","Iron Wave"],"picked":"SKIP","floor":41},{"not_picked":["Headbutt","Cleave"],"picked":"Shrug It Off+1","floor":42}],"player_experience":431932,"relics_obtained":[{"floor":6.0,"key":"Centennial Puzzle"},{"floor":9.0,"key":"Art of War"},{"floor":12.0,"key":"Orichalcum"},{"floor":21,"key":"Red Mask"},{"floor":26,"key":"Vajra"},{"floor":29,"key":"PreservedInsect"},{"floor":41,"key":"Blood Vial"},{"floor":41,"key":"Nunchaku"}],"event_choices":[{"cards_removed":["Strike_R"],"damage_healed":0.0,"max_hp_gain":0.0,"max_hp_loss":0.0,"gold_gain":0.0,"event_name":"The Cleric","player_choice":"Card Removal","floor":2.0,"gold_loss":75.0,"damage_taken":0.0},{"damage_healed":0.0,"max_hp_gain":0.0,"max_hp_loss":0.0,"gold_gain":0.0,"event_name":"Match and Keep!","player_choice":"1 cards matched","floor":3.0,"gold_loss":0.0,"damage_taken":0.0,"cards_obtained":["Pommel Strike"]},{"damage_healed":0,"gold_gain":50,"player_choice":"Stole From Cult","damage_taken":0,"max_hp_gain":0,"max_hp_loss":0,"event_name":"Nest","floor":20,"gold_loss":0},{"damage_healed":0,"gold_gain":0,"player_choice":"Fought Bandits","damage_taken":0,"max_hp_gain":0,"max_hp_loss":0,"event_name":"Masked Bandits","floor":21,"gold_loss":0},{"damage_healed":0,"gold_gain":0,"player_choice":"Ignored","damage_taken":0,"max_hp_gain":0,"max_hp_loss":0,"event_name":"Beggar","floor":30,"gold_loss":0},{"damage_healed":0,"gold_gain":0,"player_choice":"Upgraded","damage_taken":0,"max_hp_gain":0,"max_hp_loss":0,"event_name":"Upgrade Shrine","floor":36,"gold_loss":0,"cards_upgraded":["Feed"]}],"is_beta":false,"boss_relics":[{"not_picked":["Mark of Pain","Runic Pyramid"],"picked":"Velvet Choker"},{"not_picked":["Tiny House","Empty Cage"],"picked":"Black Star"}],"items_purged_floors":[13],"is_endless":false,"potions_floor_spawned":[4,5,11,12,19,21,31,33,35,41,42],"killed_by":"Giant Head","ascension_level":20}