{"gold_per_floor":[213,227,247,262,275,275,275,245,245,257,109,109,128,138,138,138],"floor_reached":16,"playtime":1225,"items_purged":["Strike_G"],"score":101,"play_id":"93659c7b-fe78-46b2-81ec-eedf9db7d232","local_time":"20180927005012","is_ascension_mode":true,"campfire_choices":[{"data":"Expertise","floor":6.0,"key":"SMITH"},{"data":"Reflex","floor":12,"key":"SMITH"},{"data":"Prepared","floor":15,"key":"SMITH"}],"neow_cost":"NONE","seed_source_timestamp":44658228863376,"circlet_count":0,"master_deck":["Defend_G","Defend_G+1","Defend_G","Defend_G","Defend_G","Strike_G+1","Strike_G","Strike_G","Strike_G","Survivor","Neutralize","Expertise+1","Outmaneuver","Outmaneuver","Setup","Sucker Punch","Sucker Punch","Underhanded Strike","Reflex+1","Prepared+1","Underhanded Strike"],"special_seed":0,"relics":["Ring of the Snake","Omamori"],"potions_floor_usage":[10],"damage_taken":[{"damage":1.0,"enemies":"Jaw Worm","floor":1.0,"turns":4.0},{"damage":1.0,"enemies":"Cultist","floor":2.0,"turns":4.0},{"damage":0.0,"enemies":"Small Slimes","floor":3.0,"turns":3.0},{"damage":1.0,"enemies":"Blue Slaver","floor":4.0,"turns":8.0},{"damage":2.0,"enemies":"Exordium Wildlife","floor":5.0,"turns":5.0},{"damage":2,"enemies":"Looter","floor":8,"turns":4},{"damage":8,"enemies":"Lots of Slimes","floor":10,"turns":5},{"damage":2,"enemies":"2 Fungi Beasts","floor":13,"turns":4},{"damage":9,"enemies":"Exordium Wildlife","floor":14,"turns":6},{"damage":49,"enemies":"The Guardian","floor":16,"turns":8}],"seed_played":"-4962352606692836859","potions_obtained":[{"floor":1.0,"key":"Regen Potion"},{"floor":4.0,"key":"Strength Potion"},{"floor":10,"key":"EssenceOfSteel"},{"floor":13,"key":"LiquidBronze"}],"is_trial":false,"path_per_floor":["M","M","M","M","M","R","?","M","T","M","$","R","M","M","R"],"character_chosen":"THE_SILENT","items_purchased":["Reflex"],"campfire_rested":0,"item_purchase_floors":[11],"current_hp_per_floor":[69,68,68,67,65,65,51,49,49,55,55,55,53,44,44,0],"gold":138,"neow_bonus":"HUNDRED_GOLD","is_prod":false,"is_daily":false,"chose_seed":false,"campfire_upgraded":3,"win_rate":0,"timestamp":1538023812,"path_taken":["M","M","M","M","M","R","?","M","T","M","$","R","M","?","R","BOSS"],"build_version":"2018-09-20","purchased_purges":1,"victory":false,"max_hp_per_floor":[70,70,70,70,70,70,70,70,70,70,70,70,70,70,70,70],"card_choices":[{"not_picked":["Choke","Predator"],"picked":"Expertise","floor":1.0},{"not_picked":["Backflip","Quick Slash"],"picked":"Outmaneuver","floor":2.0},{"not_picked":["Quick Slash","PiercingWail"],"picked":"Outmaneuver","floor":3.0},{"not_picked":["Deadly Poison","Slice"],"picked":"Setup","floor":4.0},{"not_picked":["Expertise","Calculated Gamble"],"picked":"Sucker Punch","floor":5.0},{"not_picked":["Outmaneuver","Masterful Stab"],"picked":"Sucker Punch","floor":8},{"not_picked":["Cloak And Dagger","Sucker Punch"],"picked":"Underhanded Strike","floor":10},{"not_picked":["Deadly Poison","Envenom"],"picked":"Prepared","floor":13},{"not_picked":["Bane","Dagger Throw"],"picked":"Underhanded Strike","floor":14}],"player_experience":663545,"relics_obtained":[{"floor":9,"key":"Omamori"}],"event_choices":[{"event_name":"Shining Light","player_choice":"Entered Light","floor":7.0,"damage_taken":0.0}],"is_beta":false,"boss_relics":[],"items_purged_floors":[11],"is_endless":false,"potions_floor_spawned":[1,4,10,13],"killed_by":"The Guardian","ascension_level":1}