{"gold_per_floor":[110,110,110,30,44,44,75,90,90,90,108,143,143,169,169,269,269,287,287,287,300,319,349,362,362],"floor_reached":25,"playtime":1105,"items_purged":[],"score":395,"play_id":"0f4217fa-004b-4046-935d-64adac42078f","local_time":"20180708014353","is_ascension_mode":true,"campfire_choices":[{"data":"Dualcast","floor":6,"key":"SMITH"},{"floor":10,"key":"REST"},{"data":"Glacier","floor":13,"key":"SMITH"},{"data":"Barrage","floor":15,"key":"SMITH"}],"neow_cost":"NONE","seed_source_timestamp":0,"circlet_count":0,"master_deck":["Zap+1","Dualcast+1","Cold Snap","Self Repair","Auto Shields","Compile Driver","Leap","Ball Lightning","Glacier+1","Barrage+1","Seek","Coolheaded","Streamline","Ball Lightning","Cold Snap","Conserve Battery","Conserve Battery","Stack","Hologram","Consume+1","Steam","Redo","Loop"],"special_seed":17719,"relics":["Inserter","Ornamental Fan","Omamori","Incense Burner","Gambling Chip","Oddly Smooth Stone","Pandora\u0027s Box","NlothsMask","Ancient Tea Set"],"potions_floor_usage":[12,12,16,23],"damage_taken":[{"damage":11,"enemies":"Jaw Worm","floor":1,"turns":4},{"damage":0,"enemies":"Small Slimes","floor":5,"turns":3},{"damage":40,"enemies":"3 Sentries","floor":7,"turns":10},{"damage":1,"enemies":"2 Louse","floor":8,"turns":4},{"damage":0,"enemies":"Blue Slaver","floor":11,"turns":5},{"damage":15,"enemies":"Gremlin Nob","floor":12,"turns":5},{"damage":0,"enemies":"3 Sentries","floor":14,"turns":9},{"damage":0,"enemies":"Slime Boss","floor":16,"turns":10},{"damage":5,"enemies":"2 Thieves","floor":18,"turns":4},{"damage":3,"enemies":"Spheric Guardian","floor":21,"turns":4},{"damage":8,"enemies":"Snake Plant","floor":22,"turns":5},{"damage":20,"enemies":"Book of Stabbing","floor":23,"turns":6},{"damage":13,"enemies":"Chosen and Byrds","floor":24,"turns":8},{"damage":60,"enemies":"Gremlin Leader","floor":25,"turns":5}],"seed_played":"-5610983590349585426","potions_obtained":[{"floor":7,"key":"AttackPotion"},{"floor":11,"key":"SpeedPotion"},{"floor":12,"key":"AttackPotion"},{"floor":22,"key":"LiquidBronze"}],"is_trial":false,"path_per_floor":["M","?","?","$","M","R","E","M","T","R","M","E","R","E","R","B",null,"M","?","?","M","M","E","M"],"character_chosen":"DEFECT","items_purchased":["Self Repair"],"campfire_rested":1,"item_purchase_floors":[4],"current_hp_per_floor":[64,64,52,52,59,59,26,32,32,54,61,53,53,60,60,60,71,73,73,73,70,69,56,50,0],"gold":362,"neow_bonus":"BOSS_RELIC","is_prod":false,"is_daily":false,"chose_seed":false,"campfire_upgraded":3,"win_rate":0,"timestamp":1530971033,"path_taken":["M","?","?","$","M","R","E","M","T","R","M","E","R","E","R","BOSS","M","?","?","M","M","E","M","E"],"build_version":"2018-07-05","purchased_purges":0,"victory":false,"max_hp_per_floor":[75,75,75,75,75,75,75,75,75,75,75,75,75,75,75,75,75,75,75,75,75,75,75,75,75],"card_choices":[{"not_picked":["Go for the Eyes","Lockon"],"picked":"Cold Snap","floor":1},{"not_picked":["Beam Cell","Sweeping Beam"],"picked":"Auto Shields","floor":5},{"not_picked":["Reinforced Body","Auto Shields"],"picked":"Compile Driver","floor":7},{"not_picked":["Compile Driver","Turbo"],"picked":"Leap","floor":8},{"not_picked":["Beam Cell","Go for the Eyes"],"picked":"Ball Lightning","floor":11},{"not_picked":["Tempest","Hello World"],"picked":"Glacier","floor":12},{"not_picked":["Gash","Turbo"],"picked":"Barrage","floor":14},{"not_picked":["All For One","Multi-Cast"],"picked":"Seek","floor":16},{"not_picked":["Turbo","Recycle"],"picked":"Hologram","floor":18},{"not_picked":["Compile Driver","Self Repair"],"picked":"Consume+1","floor":21},{"not_picked":["Storm+1","Gash"],"picked":"Steam","floor":22},{"not_picked":["Hyperbeam","Leap"],"picked":"Redo","floor":23},{"not_picked":["Leap+1","Scrape"],"picked":"Loop","floor":24}],"player_experience":282372,"relics_obtained":[{"floor":7,"key":"Omamori"},{"floor":9,"key":"Incense Burner"},{"floor":12,"key":"Gambling Chip"},{"floor":14,"key":"Oddly Smooth Stone"},{"floor":23,"key":"Ancient Tea Set"}],"event_choices":[{"event_name":"Living Wall","player_choice":"Grow","floor":2,"damage_taken":0},{"event_name":"Scrap Ooze","player_choice":"success","floor":3,"damage_taken":12},{"event_name":"Back to Basics","player_choice":"Elegance","floor":19,"damage_taken":0},{"event_name":"FaceTrader","player_choice":"Trade","floor":20,"damage_taken":0}],"boss_relics":[{"not_picked":["Tiny House","Ectoplasm"],"picked":"Pandora\u0027s Box"}],"items_purged_floors":[],"is_endless":false,"potions_floor_spawned":[7,11,12,22],"killed_by":"Gremlin Leader","ascension_level":5}