{"gold_per_floor":[112,112,112,124,299,329,329,358,370,135,85,85,96,126,126,226,226,240,252,252,0,0,32,32,32],"floor_reached":25,"playtime":1217,"items_purged":["Regret","Doubt"],"score":295,"play_id":"bdde9fc1-9dae-4064-af50-46d866089cbb","local_time":"20190217111200","is_ascension_mode":true,"campfire_choices":[{"data":"Defragment","floor":12,"key":"SMITH"},{"data":"Hologram","floor":15,"key":"SMITH"}],"neow_cost":"CURSE","seed_source_timestamp":18534306326466,"circlet_count":0,"master_deck":["Defend_B","Defend_B","Defend_B","Defend_B","Zap","Dualcast+1","Ball Lightning","Glacier","Cold Snap","Cold Snap","Defragment+1","Glacier","Compile Driver","Seek","Hologram+1","Creative AI","Loop","Conserve Battery","All For One","Go for the Eyes","Coolheaded","Bite","Bite","Bite","Bite","Bite","Ball Lightning+1"],"relics":["Cracked Core","Unceasing Top","Du-Vu Doll","Juzu Bracelet","MawBank","Pear","Centennial Puzzle","Coffee Dripper","Molten Egg 2"],"potions_floor_usage":[6,19,23,23,25],"damage_taken":[{"damage":6,"enemies":"Small Slimes","floor":1,"turns":3},{"damage":3,"enemies":"Jaw Worm","floor":4,"turns":3},{"damage":8,"enemies":"3 Sentries","floor":6,"turns":8},{"damage":16,"enemies":"Gremlin Nob","floor":8,"turns":3},{"damage":0,"enemies":"Cultist","floor":13,"turns":3},{"damage":3,"enemies":"3 Sentries","floor":14,"turns":8},{"damage":22,"enemies":"Hexaghost","floor":16,"turns":11},{"damage":0,"enemies":"Spheric Guardian","floor":18,"turns":4},{"damage":28,"enemies":"3 Byrds","floor":19,"turns":5},{"damage":29,"enemies":"Book of Stabbing","floor":23,"turns":8},{"damage":55,"enemies":"Gremlin Leader","floor":25,"turns":4}],"seed_played":"-1524298237621574814","potions_obtained":[{"floor":4,"key":"EssenceOfSteel"},{"floor":6,"key":"Swift Potion"},{"floor":8,"key":"Fire Potion"},{"floor":14,"key":"Energy Potion"}],"is_trial":false,"path_per_floor":["M","?","?","M","?","E","?","E","T","$","?","R","M","E","R","B",null,"M","M","?","$","?","E","$","E"],"character_chosen":"DEFECT","items_purchased":["Defragment","Glacier","Compile Driver","Go for the Eyes","Coolheaded","Regen Potion"],"campfire_rested":0,"item_purchase_floors":[10,10,10,21,21,21],"current_hp_per_floor":[69,62,62,59,59,51,51,35,45,45,45,45,45,42,42,20,85,85,57,57,57,57,46,46,0],"gold":32,"neow_bonus":"ONE_RARE_RELIC","is_prod":false,"is_daily":false,"chose_seed":false,"campfire_upgraded":2,"win_rate":0,"timestamp":1550430720,"path_taken":["M","?","?","?","?","E","?","E","T","$","?","R","M","E","R","BOSS","M","M","?","$","?","E","$","E"],"build_version":"2019-01-23","purchased_purges":2,"victory":false,"max_hp_per_floor":[75,75,75,75,75,75,75,75,85,85,85,85,85,85,85,85,85,85,85,85,85,59,59,59,59],"card_choices":[{"not_picked":["Recycle","Coolheaded"],"picked":"Ball Lightning","floor":1},{"not_picked":["Double Energy","Skim"],"picked":"Glacier","floor":4},{"not_picked":["Melter","Consume"],"picked":"Cold Snap","floor":6},{"not_picked":["Ball Lightning","Rebound"],"picked":"Cold Snap","floor":8},{"not_picked":["Compile Driver","Cold Snap"],"picked":"Seek","floor":13},{"not_picked":["Leap","Hyperbeam"],"picked":"Hologram","floor":14},{"not_picked":["Fission","Biased Cognition"],"picked":"Creative AI","floor":16},{"not_picked":["Turbo+1","Compile Driver"],"picked":"Loop","floor":18},{"not_picked":["Stack+1","Steam"],"picked":"Conserve Battery","floor":19},{"not_picked":["Stack","Compile Driver"],"picked":"Ball Lightning+1","floor":23}],"player_experience":364529,"relics_obtained":[{"floor":6,"key":"Du-Vu Doll"},{"floor":8,"key":"MawBank"},{"floor":9,"key":"Pear"},{"floor":14,"key":"Centennial Puzzle"},{"floor":23,"key":"Molten Egg 2"}],"event_choices":[{"cards_removed":["Strike_B"],"damage_healed":0,"gold_gain":0,"player_choice":"Card Removal","damage_taken":7,"max_hp_gain":0,"max_hp_loss":0,"event_name":"Golden Wing","floor":2,"gold_loss":0},{"damage_healed":0,"gold_gain":0,"player_choice":"Upgraded","damage_taken":0,"max_hp_gain":0,"max_hp_loss":0,"event_name":"Upgrade Shrine","floor":3,"gold_loss":0,"cards_upgraded":["Dualcast"]},{"damage_healed":0,"gold_gain":175,"player_choice":"AGREE","damage_taken":0,"max_hp_gain":0,"max_hp_loss":0,"event_name":"Liars Game","floor":5,"gold_loss":0,"cards_obtained":["Doubt"]},{"damage_healed":0,"gold_gain":0,"player_choice":"Box","damage_taken":0,"relics_obtained":["Juzu Bracelet"],"max_hp_gain":0,"max_hp_loss":0,"event_name":"Big Fish","floor":7,"gold_loss":0,"cards_obtained":["Regret"]},{"cards_removed":["Regret"],"damage_healed":0,"gold_gain":0,"player_choice":"Card Removal","damage_taken":0,"max_hp_gain":0,"max_hp_loss":0,"event_name":"The Cleric","floor":11,"gold_loss":50},{"damage_healed":0,"gold_gain":0,"player_choice":"Read","damage_taken":0,"max_hp_gain":0,"max_hp_loss":0,"event_name":"The Library","floor":20,"gold_loss":0,"cards_obtained":["All For One"]},{"damage_healed":0,"gold_gain":0,"player_choice":"Became a vampire","damage_taken":0,"max_hp_gain":0,"max_hp_loss":26,"event_name":"Vampires","floor":22,"gold_loss":0,"cards_obtained":["Bite","Bite","Bite","Bite","Bite"]}],"is_beta":false,"boss_relics":[{"not_picked":["Velvet Choker","Fusion Hammer"],"picked":"Coffee Dripper"}],"items_purged_floors":[10,21],"is_endless":false,"potions_floor_spawned":[4,6,8,14,18],"killed_by":"Gremlin Leader","ascension_level":3}