{"gold_per_floor":[111,123,123,198,198,198,242,313,313,351,374,374,407,430,430,561,561,582,582,597,597,63,63,94,193,268,286,301,339,339,373,373,496,496,521,66,81,81,102,102,102,142,142,0,23,38,38,54,54,54],"floor_reached":51,"playtime":2755,"items_purged":["Strike_R+1"],"score":1306,"play_id":"76a93f7b-3f12-40a1-bea8-26e33467b539","local_time":"20190124231452","is_ascension_mode":true,"campfire_choices":[{"data":"Carnage","floor":6.0,"key":"SMITH"},{"data":"Armaments","floor":12.0,"key":"SMITH"},{"data":"Limit Break","floor":15.0,"key":"SMITH"},{"floor":23.0,"key":"REST"},{"floor":32,"key":"REST"},{"floor":40,"key":"REST"},{"data":"1","floor":47,"key":"LIFT"},{"floor":49,"key":"REST"}],"neow_cost":"NONE","seed_source_timestamp":0,"circlet_count":0,"master_deck":["AscendersBane","Strike_R+1","Strike_R+1","Strike_R+1","Strike_R+1","Defend_R+1","Defend_R+1","Defend_R+1","Defend_R+1","Bash","Carnage+1","Headbutt","Limit Break+1","Armaments+1","True Grit","Spot Weakness","Seeing Red+1","Whirlwind","Clothesline","Double Tap","True Grit","Burning Pact+1","Offering","True Grit+1","Feed","Inflame","Thunderclap","True Grit+1","Trip","Offering","Pommel Strike+1","Sword Boomerang"],"special_seed":0,"relics":["Burning Blood","NeowsBlessing","Self Forming Clay","Golden Idol","PreservedInsect","Matryoshka","Red Skull","Oddly Smooth Stone","Letter Opener","Ginger","Fusion Hammer","Lantern","Mango","Champion Belt","Darkstone Periapt","Gremlin Horn","Juzu Bracelet","Enchiridion","Paper Frog","Philosopher\u0027s Stone","Ice Cream","Girya","Sundial","Red Mask"],"potions_floor_usage":[24,29,33,39,50,50],"damage_taken":[{"damage":0.0,"enemies":"Cultist","floor":1.0,"turns":1.0},{"damage":0.0,"enemies":"2 Louse","floor":2.0,"turns":1.0},{"damage":0.0,"enemies":"Lagavulin","floor":7.0,"turns":1.0},{"damage":12.0,"enemies":"Lagavulin Event","floor":8.0,"turns":3.0},{"damage":18.0,"enemies":"3 Sentries","floor":10.0,"turns":5.0},{"damage":4.0,"enemies":"Small Slimes","floor":11.0,"turns":3.0},{"damage":0.0,"enemies":"Lagavulin","floor":13.0,"turns":4.0},{"damage":13.0,"enemies":"2 Fungi Beasts","floor":14.0,"turns":4.0},{"damage":23.0,"enemies":"Hexaghost","floor":16.0,"turns":6.0},{"damage":12.0,"enemies":"Chosen","floor":18.0,"turns":5.0},{"damage":0.0,"enemies":"3 Byrds","floor":20.0,"turns":3.0},{"damage":14,"enemies":"Book of Stabbing","floor":24,"turns":3},{"damage":17,"enemies":"Centurion and Healer","floor":27,"turns":4},{"damage":18,"enemies":"Snecko","floor":28,"turns":7},{"damage":3,"enemies":"Gremlin Leader","floor":29,"turns":3},{"damage":15,"enemies":"Book of Stabbing","floor":31,"turns":4},{"damage":23,"enemies":"Champ","floor":33,"turns":10},{"damage":3,"enemies":"3 Shapes","floor":35,"turns":4},{"damage":6,"enemies":"Orb Walker","floor":37,"turns":3},{"damage":7,"enemies":"Spire Growth","floor":39,"turns":2},{"damage":24,"enemies":"Nemesis","floor":42,"turns":5},{"damage":17,"enemies":"Maw","floor":45,"turns":8},{"damage":8,"enemies":"3 Darklings","floor":46,"turns":4},{"damage":0,"enemies":"Transient","floor":48,"turns":5},{"damage":42,"enemies":"Awakened One","floor":50,"turns":8}],"seed_played":"-9200543501224262544","potions_obtained":[{"floor":1.0,"key":"AttackPotion"},{"floor":2.0,"key":"FearPotion"},{"floor":14.0,"key":"GamblersBrew"},{"floor":16.0,"key":"SteroidPotion"},{"floor":24,"key":"Poison Potion"},{"floor":31,"key":"Strength Potion"},{"floor":33,"key":"Fire Potion"},{"floor":39,"key":"Explosive Potion"},{"floor":48,"key":"LiquidBronze"}],"is_trial":false,"path_per_floor":["M","M","T","?","?","R","E","?","T","E","M","R","E","M","R","B",null,"M","?","M","?","$","R","E","?","T","M","M","E","?","E","R","B",null,"M","$","M","$","M","R","?","E","T","?","M","M","R","M","R","B",null],"character_chosen":"IRONCLAD","items_purchased":["Lantern","Mango","Ice Cream","Feed","Inflame"],"campfire_rested":4,"item_purchase_floors":[22,22,36,36,36],"current_hp_per_floor":[78,80,80,69,49,49,55,49,49,37,39,39,45,38,38,21,65,59,59,65,65,79,94,86,86,86,75,63,66,50,41,69,52,84,87,87,90,90,92,100,90,75,75,75,67,65,65,71,102,66],"gold":54,"neow_bonus":"THREE_ENEMY_KILL","is_prod":false,"is_daily":false,"chose_seed":false,"campfire_upgraded":3,"win_rate":0,"timestamp":1548324892,"path_taken":["M","M","?","?","?","R","E","?","T","E","M","R","E","M","R","BOSS","M","?","M","?","$","R","E","?","T","M","M","E","?","E","R","BOSS","M","$","M","$","M","R","?","E","T","?","M","M","R","M","R","BOSS"],"build_version":"2019-01-23","purchased_purges":1,"victory":true,"max_hp_per_floor":[80,80,80,80,80,80,80,80,80,80,80,80,80,80,80,80,80,80,80,80,80,94,94,94,94,94,94,94,94,94,94,94,94,94,94,94,97,97,100,100,100,103,103,103,106,106,106,106,106,106],"card_choices":[{"not_picked":["Rage","Power Through"],"picked":"Carnage","floor":1.0},{"not_picked":["Thunderclap","Flex"],"picked":"Headbutt","floor":2.0},{"not_picked":["Pommel Strike","Headbutt"],"picked":"Limit Break","floor":7.0},{"not_picked":["Havoc","Cleave"],"picked":"Armaments","floor":8.0},{"not_picked":["Sword Boomerang","Heavy Blade","Brutality"],"picked":"SKIP","floor":10.0},{"not_picked":["Heavy Blade","Corruption","Anger"],"picked":"SKIP","floor":11.0},{"not_picked":["Metallicize","Cleave"],"picked":"True Grit","floor":13.0},{"not_picked":["Metallicize","Armaments"],"picked":"Spot Weakness","floor":14.0},{"not_picked":["Anger","Power Through"],"picked":"Seeing Red+1","floor":18.0},{"not_picked":["Seeing Red","Headbutt"],"picked":"Clothesline","floor":20.0},{"not_picked":["Feel No Pain","Clothesline"],"picked":"Double Tap","floor":24},{"not_picked":["Armaments","Feel No Pain"],"picked":"True Grit","floor":27},{"not_picked":["Twin Strike","Iron Wave"],"picked":"Burning Pact+1","floor":28},{"not_picked":["Second Wind+1","Cleave","Hemokinesis+1"],"picked":"SKIP","floor":29},{"not_picked":["Rampage","True Grit","Burning Pact+1"],"picked":"SKIP","floor":31},{"not_picked":["Immolate","Bludgeon"],"picked":"Offering","floor":33},{"not_picked":["Iron Wave+1","Clothesline"],"picked":"True Grit+1","floor":35},{"not_picked":["Combust","Wild Strike"],"picked":"Thunderclap","floor":37},{"not_picked":["Clothesline+1","Anger+1"],"picked":"True Grit+1","floor":39},{"not_picked":["Dramatic Entrance","Chrysalis"],"picked":"Trip","floor":41},{"not_picked":["Rupture+1","Dropkick+1"],"picked":"Offering","floor":42},{"not_picked":["Shockwave","Bloodletting+1","Clash"],"picked":"SKIP","floor":45},{"not_picked":["Dual Wield+1","Evolve"],"picked":"Pommel Strike+1","floor":46},{"not_picked":["Body Slam","Thunderclap"],"picked":"Sword Boomerang","floor":48}],"player_experience":34201,"relics_obtained":[{"floor":3.0,"key":"Self Forming Clay"},{"floor":7.0,"key":"PreservedInsect"},{"floor":8.0,"key":"Matryoshka"},{"floor":9.0,"key":"Red Skull"},{"floor":9.0,"key":"Oddly Smooth Stone"},{"floor":10.0,"key":"Letter Opener"},{"floor":13.0,"key":"Ginger"},{"floor":24,"key":"Champion Belt"},{"floor":26,"key":"Darkstone Periapt"},{"floor":26,"key":"Gremlin Horn"},{"floor":29,"key":"Juzu Bracelet"},{"floor":30,"key":"Enchiridion"},{"floor":31,"key":"Paper Frog"},{"floor":42,"key":"Girya"},{"floor":43,"key":"Sundial"}],"event_choices":[{"damage_healed":0.0,"max_hp_gain":0.0,"max_hp_loss":0.0,"gold_gain":75.0,"event_name":"World of Goop","player_choice":"Gather Gold","floor":4.0,"gold_loss":0.0,"damage_taken":11.0},{"damage_healed":0.0,"max_hp_gain":0.0,"max_hp_loss":0.0,"gold_gain":0.0,"event_name":"Golden Idol","player_choice":"Take Damage","floor":5.0,"gold_loss":0.0,"damage_taken":20.0,"relics_obtained":["Golden Idol"]},{"damage_healed":0.0,"max_hp_gain":0.0,"max_hp_loss":0.0,"gold_gain":30.0,"event_name":"Dead Adventurer","player_choice":"Searched \u00272\u0027 times","floor":8.0,"gold_loss":0.0,"damage_taken":0.0},{"damage_healed":0.0,"max_hp_gain":0.0,"max_hp_loss":0.0,"gold_gain":0.0,"event_name":"The Library","player_choice":"Read","floor":19.0,"gold_loss":0.0,"damage_taken":0.0,"cards_obtained":["Whirlwind"]},{"damage_healed":0.0,"max_hp_gain":0.0,"max_hp_loss":0.0,"gold_gain":0.0,"event_name":"Back to Basics","player_choice":"Simplicity","floor":21.0,"gold_loss":0.0,"damage_taken":0.0,"cards_upgraded":["Strike_R","Strike_R","Strike_R","Strike_R","Strike_R","Defend_R","Defend_R","Defend_R","Defend_R"]},{"damage_healed":0,"gold_gain":99,"player_choice":"Stole From Cult","damage_taken":0,"max_hp_gain":0,"max_hp_loss":0,"event_name":"Nest","floor":25,"gold_loss":0},{"damage_healed":0,"gold_gain":0,"player_choice":"Obtained Book","damage_taken":16,"max_hp_gain":0,"max_hp_loss":0,"event_name":"Cursed Tome","floor":30,"gold_loss":0},{"damage_healed":0,"gold_gain":0,"player_choice":"Memory 3","damage_taken":10,"max_hp_gain":0,"max_hp_loss":0,"event_name":"SensoryStone","floor":41,"gold_loss":0},{"damage_healed":0,"gold_gain":0,"player_choice":"Paid","damage_taken":0,"relics_obtained":["Red Mask"],"max_hp_gain":0,"max_hp_loss":0,"event_name":"Tomb of Lord Red Mask","floor":44,"gold_loss":142}],"is_beta":false,"boss_relics":[{"not_picked":["Orrery","Tiny House"],"picked":"Fusion Hammer"},{"not_picked":["Sozu","White Beast Statue"],"picked":"Philosopher\u0027s Stone"}],"items_purged_floors":[22],"is_endless":false,"potions_floor_spawned":[1,2,14,16,24,28,31,33,39,46,48],"ascension_level":11}