{"gold_per_floor":[13,13,13,13,31,31,42,42,42,76,76,41,56,90,90,167,167,180,65,65,81,96,96,124,98,125,148,160,192,129,158,170,255,267,292,304,316,341,353,399,411,439,478,490,53,84,84,103,103,103],"floor_reached":51,"playtime":3702,"items_purged":["Strike_R","Decay"],"score":1220,"play_id":"6de86d64-8177-4ed2-bfd3-8e3b080fced2","local_time":"20190125223727","is_ascension_mode":true,"campfire_choices":[{"data":"Bash","floor":6,"key":"SMITH"},{"data":"Clothesline","floor":8,"key":"SMITH"},{"data":"Fiend Fire","floor":15,"key":"SMITH"},{"data":"Whirlwind","floor":23,"key":"SMITH"},{"floor":32,"key":"REST"},{"data":"Limit Break","floor":41,"key":"SMITH"},{"data":"Armaments","floor":44,"key":"SMITH"},{"floor":49,"key":"REST"}],"neow_cost":"NO_GOLD","seed_source_timestamp":13963137468048,"circlet_count":0,"master_deck":["AscendersBane","Strike_R+1","Strike_R+1","Defend_R+1","Defend_R+1","Defend_R+1","Defend_R+1","Bash+1","Limit Break+1","Clothesline+1","Offering+1","Shrug It Off+1","Anger+1","Shrug It Off+1","Fiend Fire+1","Demon Form+1","Shockwave+1","Whirlwind+1","Metallicize+1","True Grit+1","Twin Strike+1","Sword Boomerang+1","Double Tap+1","Reaper+1","Burning Pact+1","True Grit+1","Armaments+1","Flex"],"relics":["Burning Blood","Bottled Flame","Dream Catcher","Calipers","Pocketwatch","Cursed Key","Thread and Needle","MawBank","Philosopher\u0027s Stone","Potion Belt","Omamori","Bag of Preparation","Whetstone","Magic Flower","Mark of the Bloom"],"potions_floor_usage":[14,29,29,46,46,48,50],"damage_taken":[{"damage":0,"enemies":"Small Slimes","floor":1,"turns":4},{"damage":2,"enemies":"2 Louse","floor":5,"turns":2},{"damage":0,"enemies":"Cultist","floor":7,"turns":4},{"damage":28,"enemies":"3 Sentries","floor":10,"turns":11},{"damage":8,"enemies":"Blue Slaver","floor":13,"turns":3},{"damage":11,"enemies":"Gremlin Nob","floor":14,"turns":3},{"damage":18,"enemies":"Slime Boss","floor":16,"turns":5},{"damage":4,"enemies":"Chosen","floor":18,"turns":2},{"damage":12,"enemies":"2 Thieves","floor":21,"turns":4},{"damage":12,"enemies":"Chosen and Byrds","floor":22,"turns":5},{"damage":26,"enemies":"Gremlin Leader","floor":24,"turns":4},{"damage":8,"enemies":"Cultist and Chosen","floor":27,"turns":3},{"damage":7,"enemies":"Centurion and Healer","floor":29,"turns":5},{"damage":6,"enemies":"Chosen and Byrds","floor":31,"turns":4},{"damage":14,"enemies":"Collector","floor":33,"turns":5},{"damage":13,"enemies":"Orb Walker","floor":35,"turns":3},{"damage":24,"enemies":"3 Darklings","floor":38,"turns":3},{"damage":8,"enemies":"Giant Head","floor":40,"turns":5},{"damage":16,"enemies":"Transient","floor":42,"turns":5},{"damage":47,"enemies":"Reptomancer","floor":46,"turns":8},{"damage":6,"enemies":"4 Shapes","floor":48,"turns":7},{"damage":18,"enemies":"Time Eater","floor":50,"turns":8}],"seed_played":"7495569428229472693","potions_obtained":[{"floor":10,"key":"BloodPotion"},{"floor":13,"key":"AttackPotion"},{"floor":14,"key":"GamblersBrew"},{"floor":33,"key":"BloodPotion"},{"floor":35,"key":"Strength Potion"},{"floor":40,"key":"SpeedPotion"},{"floor":46,"key":"Block Potion"}],"is_trial":false,"path_per_floor":["M","?","?","?","M","R","M","R","T","E","T","?","M","E","R","B",null,"M","$","?","M","M","R","E","$","T","M","?","M","?","M","R","B",null,"M","?","?","M","?","E","R","M","T","R","$","E","?","M","R","B",null],"character_chosen":"IRONCLAD","items_purchased":["Whirlwind","True Grit","Bag of Preparation","Whetstone","SteroidPotion"],"campfire_rested":2,"item_purchase_floors":[19,25,45,45,45],"current_hp_per_floor":[74,51,56,56,60,60,66,66,66,44,44,64,62,57,57,45,71,73,73,73,67,61,61,41,41,41,39,16,23,23,23,48,40,74,67,67,67,73,73,71,71,61,61,61,61,67,67,61,61,43],"gold":103,"neow_bonus":"THREE_RARE_CARDS","is_prod":false,"is_daily":false,"chose_seed":false,"campfire_upgraded":6,"win_rate":0,"timestamp":1548409047,"path_taken":["M","?","?","?","M","R","M","R","T","E","?","?","M","E","R","BOSS","M","$","?","?","M","R","E","$","T","M","?","M","?","M","R","BOSS","M","?","?","?","?","E","R","M","T","R","?","E","?","M","R","BOSS"],"build_version":"2019-01-23","purchased_purges":2,"victory":true,"max_hp_per_floor":[75,75,80,80,80,80,80,80,80,80,80,80,80,80,80,80,80,80,80,80,80,80,80,80,80,80,80,85,85,85,85,85,85,85,85,85,85,85,85,85,85,85,85,85,85,85,85,85,85,85],"card_choices":[{"not_picked":["Dark Embrace","Demon Form"],"picked":"Limit Break","floor":0},{"not_picked":["Heavy Blade","Pommel Strike"],"picked":"Clothesline","floor":1},{"not_picked":["Seeing Red","Thunderclap","Feel No Pain"],"picked":"SKIP","floor":5},{"not_picked":["Seeing Red","Thunderclap","Feel No Pain"],"picked":"SKIP","floor":5},{"not_picked":["Rupture","Clothesline"],"picked":"Shrug It Off","floor":7},{"not_picked":["Metallicize","Twin Strike"],"picked":"Anger","floor":10},{"not_picked":["Wild Strike","Body Slam"],"picked":"Shrug It Off","floor":13},{"not_picked":["Flex","Perfected Strike"],"picked":"Fiend Fire","floor":14},{"not_picked":["Dark Embrace","Impervious"],"picked":"Demon Form","floor":16},{"not_picked":["Entrench","Anger+1"],"picked":"Shockwave","floor":18},{"not_picked":["Bloodletting","Thunderclap+1"],"picked":"Metallicize","floor":21},{"not_picked":["Flex","Clothesline","Heavy Blade"],"picked":"SKIP","floor":22},{"not_picked":["Perfected Strike+1","Demon Form","Iron Wave"],"picked":"SKIP","floor":24},{"not_picked":["Anger","Clash"],"picked":"Twin Strike+1","floor":27},{"not_picked":["Infernal Blade","Heavy Blade"],"picked":"Sword Boomerang","floor":29},{"not_picked":["Headbutt","Inflame"],"picked":"Double Tap","floor":31},{"not_picked":["Offering","Juggernaut"],"picked":"Reaper","floor":33},{"not_picked":["Heavy Blade","Clash"],"picked":"Burning Pact","floor":35},{"not_picked":["Reckless Charge","Sword Boomerang"],"picked":"True Grit","floor":38},{"not_picked":["Havoc","Dual Wield","Double Tap"],"picked":"SKIP","floor":40},{"not_picked":["Second Wind","Blood for Blood"],"picked":"Armaments","floor":42},{"not_picked":["Carnage","Havoc","Anger"],"picked":"SKIP","floor":46},{"not_picked":["Wild Strike","Intimidate","Seeing Red"],"picked":"SKIP","floor":48},{"not_picked":["True Grit","Rupture"],"picked":"Flex","floor":49}],"player_experience":47990,"relics_obtained":[{"floor":9,"key":"Bottled Flame"},{"floor":10,"key":"Dream Catcher"},{"floor":11,"key":"Calipers"},{"floor":14,"key":"Pocketwatch"},{"floor":24,"key":"Thread and Needle"},{"floor":26,"key":"MawBank"},{"floor":40,"key":"Potion Belt"},{"floor":43,"key":"Omamori"},{"floor":46,"key":"Magic Flower"}],"event_choices":[{"damage_healed":0,"gold_gain":0,"player_choice":"Entered Light","damage_taken":23,"max_hp_gain":0,"max_hp_loss":0,"event_name":"Shining Light","floor":2,"gold_loss":0,"cards_upgraded":["Strike_R","Strike_R"]},{"damage_healed":0,"gold_gain":0,"player_choice":"Donut","damage_taken":0,"max_hp_gain":5,"max_hp_loss":0,"event_name":"Big Fish","floor":3,"gold_loss":0},{"damage_healed":0,"gold_gain":0,"cards_transformed":["Strike_R"],"player_choice":"Change","damage_taken":0,"max_hp_gain":0,"max_hp_loss":0,"event_name":"Living Wall","floor":4,"gold_loss":0,"cards_obtained":["Offering"]},{"damage_healed":20,"gold_gain":0,"player_choice":"Healed","damage_taken":0,"max_hp_gain":0,"max_hp_loss":0,"event_name":"The Cleric","floor":12,"gold_loss":35},{"damage_healed":0,"gold_gain":0,"player_choice":"Forge","damage_taken":0,"max_hp_gain":0,"max_hp_loss":0,"event_name":"Accursed Blacksmith","floor":20,"gold_loss":0,"cards_upgraded":["Demon Form"]},{"damage_healed":0,"gold_gain":0,"player_choice":"Shed Blood","damage_taken":28,"max_hp_gain":5,"max_hp_loss":0,"event_name":"Forgotten Altar","floor":28,"gold_loss":0},{"cards_removed":["Pain"],"damage_healed":0,"gold_gain":0,"player_choice":"Gave Gold","damage_taken":0,"max_hp_gain":0,"max_hp_loss":0,"event_name":"Beggar","floor":30,"gold_loss":75},{"damage_healed":0,"gold_gain":0,"player_choice":"Ignored","damage_taken":0,"max_hp_gain":0,"max_hp_loss":0,"event_name":"Mysterious Sphere","floor":36,"gold_loss":0},{"cards_removed":["Strike_R"],"damage_healed":0,"gold_gain":0,"player_choice":"Purged","damage_taken":0,"max_hp_gain":0,"max_hp_loss":0,"event_name":"Purifier","floor":37,"gold_loss":0},{"damage_healed":0,"gold_gain":0,"player_choice":"Ignored","damage_taken":0,"max_hp_gain":0,"max_hp_loss":0,"event_name":"SecretPortal","floor":39,"gold_loss":0},{"damage_healed":0,"gold_gain":0,"player_choice":"Upgrade","damage_taken":0,"relics_obtained":["Mark of the Bloom"],"max_hp_gain":0,"max_hp_loss":0,"event_name":"MindBloom","floor":47,"gold_loss":0,"cards_upgraded":["Defend_R","Defend_R","Defend_R","Defend_R","Offering","Shrug It Off","Shrug It Off","Shockwave","Metallicize","True Grit","Double Tap","Reaper","Burning Pact","True Grit"]}],"is_beta":false,"boss_relics":[{"not_picked":["Calling Bell","Coffee Dripper"],"picked":"Cursed Key"},{"not_picked":["Astrolabe","Black Star"],"picked":"Philosopher\u0027s Stone"}],"items_purged_floors":[19,45],"is_endless":false,"potions_floor_spawned":[10,13,14,27,33,35,40,46],"ascension_level":15}