{"gold_per_floor":[116,81,97,107,2,2,32,32,32,65,77,77,77,92,92,166,166,179,190,115,133,183,183,237,257,284,174,174,208,221,250,250,325,325,336,336,356,39,56,56],"floor_reached":40,"playtime":3597,"items_purged":[],"score":1172,"play_id":"1b3f2c7c-19b7-49ae-b3c3-7715e7ada95d","local_time":"20190302013839","is_ascension_mode":true,"campfire_choices":[{"data":"Zap","floor":6,"key":"SMITH"},{"data":"Darkness","floor":8,"key":"SMITH"},{"data":"Hologram","floor":12,"key":"SMITH"},{"data":"Sunder","floor":15,"key":"SMITH"},{"data":"Seek","floor":23,"key":"SMITH"},{"floor":28,"key":"REST"},{"data":"Loop","floor":32,"key":"SMITH"}],"neow_cost":"NONE","seed_source_timestamp":50256683604268,"circlet_count":0,"master_deck":["AscendersBane","Strike_B","Defend_B","Defend_B","Defend_B","Defend_B+1","Zap+1","Dualcast","Conserve Battery+1","Cold Snap","Darkness+1","Gash","Hologram+1","Echo Form","Sunder+1","Chill","Conserve Battery","Seek+1","Undo","Capacitor+1","Glacier+1","Loop+1","FTL+1","Turbo","Coolheaded","Biased Cognition","Consume","Ball Lightning","Genetic Algorithm","Skim"],"relics":["Cracked Core","Letter Opener","Ancient Tea Set","War Paint","Calipers","Philosopher\u0027s Stone","Bag of Preparation","DataDisk","Anchor","Blue Candle","Sozu","Symbiotic Virus"],"potions_floor_usage":[7,29,33],"damage_taken":[{"damage":9,"enemies":"Jaw Worm","floor":1,"turns":4},{"damage":1,"enemies":"Cultist","floor":3,"turns":3},{"damage":0,"enemies":"Small Slimes","floor":4,"turns":3},{"damage":47,"enemies":"Gremlin Nob","floor":7,"turns":4},{"damage":6,"enemies":"Lagavulin","floor":10,"turns":6},{"damage":0,"enemies":"Blue Slaver","floor":11,"turns":3},{"damage":0,"enemies":"3 Louse","floor":14,"turns":3},{"damage":0,"enemies":"The Guardian","floor":16,"turns":7},{"damage":12,"enemies":"Shell Parasite","floor":18,"turns":3},{"damage":2,"enemies":"Chosen","floor":19,"turns":7},{"damage":29,"enemies":"Centurion and Healer","floor":21,"turns":7},{"damage":0,"enemies":"Chosen and Byrds","floor":25,"turns":5},{"damage":4,"enemies":"Gremlin Leader","floor":29,"turns":8},{"damage":0,"enemies":"Snake Plant","floor":30,"turns":3},{"damage":0,"enemies":"Book of Stabbing","floor":31,"turns":4},{"damage":0,"enemies":"Automaton","floor":33,"turns":9},{"damage":0,"enemies":"Orb Walker","floor":35,"turns":4},{"damage":0,"enemies":"3 Darklings","floor":37,"turns":6},{"damage":16,"enemies":"4 Shapes","floor":39,"turns":4},{"damage":51,"enemies":"Reptomancer","floor":40,"turns":2}],"seed_played":"6953954941236400972","potions_obtained":[{"floor":3,"key":"Dexterity Potion"},{"floor":4,"key":"AttackPotion"},{"floor":7,"key":"SpeedPotion"},{"floor":18,"key":"Dexterity Potion"},{"floor":29,"key":"SpeedPotion"}],"is_trial":false,"path_per_floor":["M","?","M","M","$","R","E","R","T","E","M","R","T","M","R","B",null,"M","M","?","M","?","R","T","M","T","?","R","E","M","E","R","B",null,"M","?","M","$","M","E"],"character_chosen":"DEFECT","items_purchased":["Gash","Hologram","Symbiotic Virus","Genetic Algorithm"],"campfire_rested":1,"item_purchase_floors":[5,5,38,38],"current_hp_per_floor":[55,71,70,70,70,70,23,23,23,17,17,17,17,17,17,17,58,46,44,44,15,15,15,15,15,15,15,36,32,32,32,32,32,61,61,61,61,61,45,0],"gold":56,"neow_bonus":"REMOVE_CARD","is_prod":false,"is_daily":false,"chose_seed":false,"campfire_upgraded":6,"win_rate":0,"timestamp":1551443919,"path_taken":["M","?","M","M","$","R","E","R","T","E","M","R","?","M","R","BOSS","M","?","?","M","?","R","?","M","T","?","R","E","?","E","R","BOSS","M","?","M","$","M","E"],"build_version":"2019-01-23","purchased_purges":0,"victory":false,"max_hp_per_floor":[71,71,71,71,71,71,71,71,71,71,71,71,71,71,71,71,71,71,71,71,71,71,71,71,71,71,71,71,71,71,71,71,71,71,71,71,71,71,71,71],"card_choices":[{"not_picked":["Recycle","Tempest"],"picked":"Conserve Battery","floor":1},{"not_picked":["Streamline","Hologram"],"picked":"Cold Snap","floor":3},{"not_picked":["Stack","Double Energy"],"picked":"Darkness","floor":4},{"not_picked":["Compile Driver","Steam"],"picked":"Echo Form","floor":7},{"not_picked":["Compile Driver","Beam Cell"],"picked":"Sunder","floor":10},{"not_picked":["Tempest","Streamline"],"picked":"Chill","floor":11},{"not_picked":["Ball Lightning","Coolheaded"],"picked":"Conserve Battery","floor":14},{"not_picked":["Thunder Strike","Reboot"],"picked":"Seek","floor":16},{"not_picked":["Cold Snap","Auto Shields"],"picked":"Undo","floor":18},{"not_picked":["Barrage+1","Stack"],"picked":"Capacitor+1","floor":19},{"not_picked":["Undo","Compile Driver"],"picked":"Glacier","floor":21},{"not_picked":["Compile Driver","Beam Cell"],"picked":"Loop","floor":25},{"not_picked":["Streamline","Beam Cell"],"picked":"FTL+1","floor":29},{"not_picked":["Lockon","Coolheaded"],"picked":"Turbo","floor":30},{"not_picked":["Ball Lightning+1","Machine Learning"],"picked":"Coolheaded","floor":31},{"not_picked":["Seek","Reboot"],"picked":"Biased Cognition","floor":33},{"not_picked":["Darkness","Go for the Eyes"],"picked":"Consume","floor":35},{"not_picked":["Barrage","Blizzard"],"picked":"Ball Lightning","floor":37},{"not_picked":["Coolheaded","Turbo"],"picked":"Skim","floor":39}],"player_experience":546970,"relics_obtained":[{"floor":7,"key":"Letter Opener"},{"floor":9,"key":"Ancient Tea Set"},{"floor":10,"key":"War Paint"},{"floor":13,"key":"Calipers"},{"floor":24,"key":"Bag of Preparation"},{"floor":26,"key":"DataDisk"},{"floor":29,"key":"Anchor"},{"floor":31,"key":"Blue Candle"}],"event_choices":[{"damage_healed":17,"gold_gain":0,"player_choice":"Healed","damage_taken":0,"max_hp_gain":0,"max_hp_loss":0,"event_name":"The Cleric","floor":2,"gold_loss":35},{"cards_removed":["Strike_B"],"damage_healed":0,"gold_gain":0,"player_choice":"Gave Gold","damage_taken":0,"max_hp_gain":0,"max_hp_loss":0,"event_name":"Beggar","floor":20,"gold_loss":75},{"damage_healed":0,"gold_gain":50,"player_choice":"Stole From Cult","damage_taken":0,"max_hp_gain":0,"max_hp_loss":0,"event_name":"Nest","floor":22,"gold_loss":0},{"cards_removed":["Strike_B"],"damage_healed":0,"gold_gain":0,"player_choice":"Upgrade and Remove","damage_taken":0,"max_hp_gain":0,"max_hp_loss":0,"event_name":"Designer","floor":27,"gold_loss":110,"cards_upgraded":["Glacier"]},{"damage_healed":0,"gold_gain":0,"player_choice":"Ignored","damage_taken":0,"max_hp_gain":0,"max_hp_loss":0,"event_name":"Mysterious Sphere","floor":36,"gold_loss":0}],"is_beta":false,"boss_relics":[{"not_picked":["Snecko Eye","Orrery"],"picked":"Philosopher\u0027s Stone"},{"not_picked":["Pandora\u0027s Box","Lizard Tail"],"picked":"Sozu"}],"items_purged_floors":[],"is_endless":false,"potions_floor_spawned":[3,4,7,18,29,39],"killed_by":"Reptomancer","ascension_level":20}