{"gold_per_floor":[113,129,147,157,157,157,13,43,66,77,96,96,115,147,147,220,220,240,240,33,48,58,58,90,38,65,80,113,130,30,47,47,120,120,133,144,162,182,196,196,196,196,196,212,229,245,20,40,40,40],"floor_reached":50,"playtime":2600,"items_purged":["Strike_B","Strike_B","Strike_B"],"score":898,"play_id":"6cb37494-2e86-4011-a2a3-364394b7b2b1","local_time":"20190302124647","is_ascension_mode":true,"campfire_choices":[{"data":"Genetic Algorithm","floor":6.0,"key":"SMITH"},{"data":"Chill","floor":12.0,"key":"SMITH"},{"floor":15.0,"key":"REST"},{"data":"Hologram","floor":23.0,"key":"SMITH"},{"floor":32.0,"key":"REST"},{"data":"Buffer","floor":40.0,"key":"SMITH"},{"data":"Echo Form","floor":42.0,"key":"SMITH"},{"floor":49,"key":"REST"}],"neow_cost":"NONE","seed_source_timestamp":35871940268658,"circlet_count":0,"master_deck":["AscendersBane","Strike_B","Defend_B","Defend_B","Defend_B","Defend_B","Zap+1","Dualcast","Chill+1","Genetic Algorithm+1","Gash","Gash","Go for the Eyes+1","All For One","Core Surge","Gash+1","Gash","Scrape","Gash","Hologram+1","Echo Form+1","Steam","Reinforced Body","Buffer+1","Undo","Steam","Glacier+1","Self Repair","Beam Cell+1","Gash"],"special_seed":0,"relics":["Cracked Core","NlothsMask","DataDisk","Pen Nib","Anchor","Lizard Tail","Pear","Art of War","Blood Vial","Philosopher\u0027s Stone","Meat on the Bone"],"potions_floor_usage":[50,50],"damage_taken":[{"damage":1.0,"enemies":"Cultist","floor":1.0,"turns":3.0},{"damage":7.0,"enemies":"Jaw Worm","floor":2.0,"turns":3.0},{"damage":5.0,"enemies":"Small Slimes","floor":3.0,"turns":3.0},{"damage":1.0,"enemies":"Red Slaver","floor":4.0,"turns":4.0},{"damage":24.0,"enemies":"Gremlin Nob","floor":8.0,"turns":4.0},{"damage":0.0,"enemies":"Lots of Slimes","floor":10.0,"turns":1.0},{"damage":7.0,"enemies":"Blue Slaver","floor":11.0,"turns":3.0},{"damage":0.0,"enemies":"3 Louse","floor":13.0,"turns":4.0},{"damage":5.0,"enemies":"Lagavulin","floor":14.0,"turns":5.0},{"damage":10.0,"enemies":"Slime Boss","floor":16.0,"turns":9.0},{"damage":3.0,"enemies":"3 Byrds","floor":18.0,"turns":7.0},{"damage":0.0,"enemies":"Chosen","floor":21.0,"turns":3.0},{"damage":20.0,"enemies":"3 Cultists","floor":22.0,"turns":5.0},{"damage":0.0,"enemies":"Gremlin Leader","floor":24.0,"turns":6.0},{"damage":0.0,"enemies":"Centurion and Healer","floor":27.0,"turns":4.0},{"damage":33.0,"enemies":"Book of Stabbing","floor":28.0,"turns":6.0},{"damage":22.0,"enemies":"Snake Plant","floor":29.0,"turns":4.0},{"damage":5.0,"enemies":"Snecko","floor":31.0,"turns":3.0},{"damage":43.0,"enemies":"Automaton","floor":33.0,"turns":8.0},{"damage":2.0,"enemies":"3 Darklings","floor":35.0,"turns":3.0},{"damage":0.0,"enemies":"Orb Walker","floor":36.0,"turns":4.0},{"damage":10.0,"enemies":"Spire Growth","floor":37.0,"turns":4.0},{"damage":8.0,"enemies":"Transient","floor":38.0,"turns":5.0},{"damage":16.0,"enemies":"Jaw Worm Horde","floor":39.0,"turns":5.0},{"damage":13.0,"enemies":"Writhing Mass","floor":44.0,"turns":9.0},{"damage":5.0,"enemies":"3 Darklings","floor":45.0,"turns":7.0},{"damage":18.0,"enemies":"Sphere and 2 Shapes","floor":46.0,"turns":8.0},{"damage":0,"enemies":"Maw","floor":48,"turns":9},{"damage":98,"enemies":"Donu and Deca","floor":50,"turns":9}],"seed_played":"5855777388015861833","potions_obtained":[{"floor":4.0,"key":"Explosive Potion"},{"floor":8.0,"key":"EntropicBrew"},{"floor":11.0,"key":"FearPotion"},{"floor":14.0,"key":"GamblersBrew"},{"floor":16.0,"key":"Poison Potion"},{"floor":18.0,"key":"AttackPotion"},{"floor":24.0,"key":"EssenceOfSteel"},{"floor":28.0,"key":"Poison Potion"},{"floor":36.0,"key":"GamblersBrew"},{"floor":37.0,"key":"Energy Potion"},{"floor":45.0,"key":"FearPotion"}],"is_trial":false,"path_per_floor":["M","M","M","M","?","R","$","E","T","M","M","R","M","E","R","B",null,"M","?","$","M","M","R","E","$","T","M","E","M","$","M","R","B",null,"M","M","M","M","M","R","?","R","T","M","M","M","$","M","R","B"],"character_chosen":"DEFECT","items_purchased":["DataDisk","Gash","Scrape","Steam","Strength Potion","Dexterity Potion"],"campfire_rested":3,"item_purchase_floors":[7,20,20,25,47,47],"current_hp_per_floor":[67,60,55,54,54,54,54,30,30,30,23,23,23,18,40,30,64,61,61,61,61,41,41,51,51,51,51,18,42,42,39,64,23,70,70,72,64,58,44,44,44,44,44,59,56,59,59,68,85,0],"gold":40,"neow_bonus":"UPGRADE_CARD","is_prod":false,"is_daily":false,"chose_seed":false,"campfire_upgraded":5,"win_rate":0,"timestamp":1551527207,"path_taken":["M","M","M","M","?","R","$","E","T","M","M","R","?","E","R","BOSS","M","?","$","M","M","R","E","$","T","?","E","?","$","M","R","BOSS","M","?","M","M","M","R","?","R","T","?","M","M","$","M","R","BOSS"],"build_version":"2019-01-23","purchased_purges":3,"victory":false,"max_hp_per_floor":[75,75,75,75,75,75,75,75,75,75,75,75,75,75,75,75,75,75,75,75,75,75,75,85,85,85,85,85,85,85,85,85,85,85,85,85,85,85,85,85,85,85,85,85,85,85,85,85,85,85],"card_choices":[{"not_picked":["Steam","Leap","Reprogram"],"picked":"SKIP","floor":1.0},{"not_picked":["Compile Driver","Capacitor"],"picked":"Chill","floor":2.0},{"not_picked":["FTL","Barrage"],"picked":"Genetic Algorithm","floor":3.0},{"not_picked":["Heatsinks","Barrage","Steam"],"picked":"SKIP","floor":4.0},{"not_picked":["Barrage","Stack"],"picked":"Gash","floor":8.0},{"not_picked":["Go for the Eyes","Hologram"],"picked":"Gash","floor":10.0},{"not_picked":["Steam","Streamline"],"picked":"Go for the Eyes","floor":11.0},{"not_picked":["Heatsinks","Turbo","Hello World"],"picked":"SKIP","floor":13.0},{"not_picked":["Genetic Algorithm","Compile Driver"],"picked":"All For One","floor":14.0},{"not_picked":["Amplify","Reboot"],"picked":"Core Surge","floor":16.0},{"not_picked":["Loop","Compile Driver"],"picked":"Gash+1","floor":18.0},{"not_picked":["Force Field+1","Self Repair"],"picked":"Gash","floor":21.0},{"not_picked":["Chaos","Barrage"],"picked":"Hologram","floor":22.0},{"not_picked":["Undo","Fusion+1"],"picked":"Echo Form","floor":24.0},{"not_picked":["Leap","White Noise","Conserve Battery"],"picked":"SKIP","floor":27.0},{"not_picked":["Rebound","Coolheaded","Turbo"],"picked":"SKIP","floor":28.0},{"not_picked":["Static Discharge","Heatsinks"],"picked":"Reinforced Body","floor":29.0},{"not_picked":["Leap","Go for the Eyes","Melter"],"picked":"SKIP","floor":31.0},{"not_picked":["Multi-Cast","Meteor Strike"],"picked":"Buffer","floor":33.0},{"not_picked":["Ball Lightning","Redo"],"picked":"Undo","floor":35.0},{"not_picked":["Sweeping Beam+1","Static Discharge+1"],"picked":"Steam","floor":36.0},{"not_picked":["Sunder","White Noise"],"picked":"Glacier+1","floor":37.0},{"not_picked":["Leap","Ball Lightning","Conserve Battery"],"picked":"SKIP","floor":38.0},{"not_picked":["Creative AI","Cold Snap"],"picked":"Self Repair","floor":39.0},{"not_picked":["Rebound","Steam","Tempest"],"picked":"SKIP","floor":44.0},{"not_picked":["Hello World","Rip and Tear"],"picked":"Beam Cell+1","floor":45.0},{"not_picked":["Consume","Steam Power","Barrage"],"picked":"SKIP","floor":46.0},{"not_picked":["Ball Lightning","Loop"],"picked":"Gash","floor":48}],"player_experience":702808,"relics_obtained":[{"floor":8.0,"key":"Pen Nib"},{"floor":14.0,"key":"Anchor"},{"floor":24.0,"key":"Pear"},{"floor":26.0,"key":"Art of War"},{"floor":28.0,"key":"Blood Vial"},{"floor":43.0,"key":"Meat on the Bone"}],"event_choices":[{"damage_healed":0.0,"max_hp_gain":0.0,"max_hp_loss":0.0,"gold_gain":0.0,"event_name":"FaceTrader","player_choice":"Trade","floor":5.0,"gold_loss":0.0,"damage_taken":0.0,"relics_obtained":["NlothsMask"]},{"damage_healed":0.0,"max_hp_gain":0.0,"max_hp_loss":0.0,"gold_gain":0.0,"event_name":"Upgrade Shrine","player_choice":"Upgraded","floor":19.0,"gold_loss":0.0,"damage_taken":0.0,"cards_upgraded":["Go for the Eyes"]},{"damage_healed":0.0,"max_hp_gain":0.0,"max_hp_loss":0.0,"gold_gain":0.0,"event_name":"Match and Keep!","player_choice":"0 cards matched","floor":41.0,"gold_loss":0.0,"damage_taken":0.0,"cards_obtained":[]}],"is_beta":false,"boss_relics":[{"not_picked":["Velvet Choker","Runic Dome"],"picked":"Lizard Tail"},{"not_picked":["Coffee Dripper","Tiny House"],"picked":"Philosopher\u0027s Stone"}],"items_purged_floors":[20,30,47],"is_endless":false,"potions_floor_spawned":[4,8,11,14,16,18,24,28,36,37,45],"killed_by":"Donu and Deca","ascension_level":13}