{"gold_per_floor":[112,129,129,148,161,161,131,157,157,171,171,171,171,55,55,160,160,160,160,160,160,160],"floor_reached":22,"playtime":1695,"items_purged":[],"score":174,"play_id":"8252c739-652a-4274-bb30-ecc8641b0a7d","local_time":"20180703013603","is_ascension_mode":false,"campfire_choices":[{"floor":6,"key":"REST"},{"floor":13,"key":"REST"},{"data":"Infinite Blades","floor":15,"key":"SMITH"}],"neow_cost":"NONE","seed_source_timestamp":45176455987990,"circlet_count":0,"master_deck":["Defend_G","Defend_G","Defend_G","Defend_G+1","Defend_G","Strike_G","Strike_G","Strike_G","Strike_G","Strike_G+1","Survivor","Neutralize","Blade Dance","PiercingWail","Prepared","Dagger Spray","Glass Knife","Infinite Blades+1","Acrobatics","Adrenaline","Blade Dance"],"relics":["Ring of the Snake","Oddly Smooth Stone","Bag of Marbles","Shuriken","Singing Bowl","The Specimen","Ectoplasm","Red Mask","Enchiridion"],"potions_floor_usage":[5],"damage_taken":[{"damage":0,"enemies":"Jaw Worm","floor":1,"turns":6},{"damage":0,"enemies":"Small Slimes","floor":2,"turns":4},{"damage":3,"enemies":"Cultist","floor":4,"turns":4},{"damage":34,"enemies":"Exordium Thugs","floor":5,"turns":10},{"damage":0,"enemies":"Looter","floor":7,"turns":4},{"damage":0,"enemies":"Large Slime","floor":10,"turns":7},{"damage":37,"enemies":"Hexaghost","floor":16,"turns":8},{"damage":7,"enemies":"Spheric Guardian","floor":18,"turns":4},{"damage":31,"floor":19,"turns":5},{"damage":1,"enemies":"Chosen","floor":21,"turns":3},{"damage":22,"enemies":"Slaver and Parasite","floor":22,"turns":3}],"seed_played":"7164344062762163473","potions_obtained":[{"floor":1,"key":"Ancient Potion"},{"floor":2,"key":"AttackPotion"},{"floor":21,"key":"SteroidPotion"}],"is_trial":false,"path_per_floor":["M","M","?","M","M","R","M","T","T","M","?","T","R","$","R","B",null,"M","?","?","M"],"character_chosen":"THE_SILENT","items_purchased":["Infinite Blades","Acrobatics"],"campfire_rested":2,"item_purchase_floors":[14,14],"current_hp_per_floor":[70,70,56,53,19,40,40,40,40,40,40,40,61,61,61,24,70,65,34,18,19,0],"gold":160,"neow_bonus":"RANDOM_COMMON_RELIC","is_prod":false,"is_daily":false,"chose_seed":false,"campfire_upgraded":1,"win_rate":0.0,"timestamp":1530596163,"path_taken":["M","M","?","M","M","R","?","?","T","M","?","?","R","?","R","BOSS","M","?","?","?","M"],"build_version":"2018-06-28","purchased_purges":0,"victory":false,"max_hp_per_floor":[70,70,70,70,70,70,70,70,70,70,70,70,70,70,70,70,70,72,72,72,74,74],"card_choices":[{"not_picked":["Well Laid Plans","Terror"],"picked":"Blade Dance","floor":1},{"not_picked":["Poisoned Stab","Deadly Poison"],"picked":"PiercingWail","floor":2},{"not_picked":["PiercingWail","Flying Knee","Deflect"],"picked":"SKIP","floor":4},{"not_picked":["Dagger Spray","Flechettes"],"picked":"Prepared","floor":5},{"not_picked":["Poisoned Stab","Underhanded Strike"],"picked":"Dagger Spray","floor":7},{"not_picked":["Flying Knee","Distraction"],"picked":"Glass Knife","floor":10},{"not_picked":["Night Terror","Envenom"],"picked":"Adrenaline","floor":16},{"not_picked":["Dagger Spray","Dodge and Roll","PiercingWail"],"picked":"Singing Bowl","floor":18},{"not_picked":["Dodge and Roll","Prepared"],"picked":"Blade Dance","floor":19},{"not_picked":["Well Laid Plans","Dagger Throw","Poisoned Stab"],"picked":"Singing Bowl","floor":21}],"player_experience":84175,"relics_obtained":[{"floor":8,"key":"Bag of Marbles"},{"floor":9,"key":"Shuriken"},{"floor":12,"key":"The Specimen"},{"floor":19,"key":"Red Mask"},{"floor":20,"key":"Enchiridion"}],"event_choices":[{"event_name":"Shining Light","player_choice":"Entered Light","floor":3,"damage_taken":0},{"event_name":"Dead Adventurer","player_choice":"Searched \u00272\u0027 times","floor":11,"damage_taken":0},{"event_name":"Masked Bandits","player_choice":"Fought over 160 gold","floor":19,"damage_taken":0},{"event_name":"Cursed Tome","player_choice":"Obtained Book","floor":20,"damage_taken":0}],"boss_relics":[{"not_picked":["Eternal Feather","Lizard Tail"],"picked":"Ectoplasm"}],"items_purged_floors":[],"is_endless":false,"potions_floor_spawned":[1,2,21],"killed_by":"Slaver and Parasite","ascension_level":0}