{"gold_per_floor":[110,110,110,122,309,321,364,394,479,491,516,563,575,607,619,727,739,765,777,714,124,124,124,153,167,167,185,202,202,214,17,17,119,119,131,150,197,0,14,14,29,29,29,43,43,69,33,47,47,47],"floor_reached":51,"playtime":6970,"items_purged":[],"score":730,"play_id":"9d4b82c5-ed26-4538-a57b-0e24ae2ffae0","local_time":"20190222014501","is_ascension_mode":false,"campfire_choices":[{"floor":6.0,"key":"REST"},{"floor":13.0,"key":"REST"},{"data":"Envenom","floor":15.0,"key":"SMITH"},{"floor":23.0,"key":"REST"},{"floor":29,"key":"REST"},{"floor":32,"key":"REST"},{"floor":40,"key":"REST"},{"data":"1","floor":42,"key":"LIFT"},{"floor":49,"key":"REST"}],"neow_cost":"NONE","seed_source_timestamp":0,"circlet_count":0,"master_deck":["Defend_G+1","Defend_G+1","Defend_G+1","Defend_G+1","Defend_G+1","Strike_G+1","Strike_G+1","Strike_G+1","Strike_G+1","Survivor","Neutralize","Glass Knife","Noxious Fumes","Doubt","Infinite Blades","Terror","Envenom+1","Accuracy","Dodge and Roll","Sucker Punch","Unload","Slice+1","Apotheosis","Leg Sweep","Noxious Fumes","Dagger Throw+1","Backflip","Sucker Punch","Blur+1","Escape Plan+1","Blur","Poisoned Stab+1","Sadistic Nature","Glass Knife","Adrenaline","Well Laid Plans+1","Accuracy","Dagger Throw+1","Sucker Punch+1","Outmaneuver+1","Distraction","Accuracy+1","Dash","Masterful Stab+1","Footwork","Flying Knee","Caltrops+1","Bullet Time"],"special_seed":0,"relics":["Ring of the Snake","MawBank","Dream Catcher","Ninja Scroll","WarpedTongs","Mummified Hand","WristBlade","Pen Nib","Oddly Smooth Stone","Bottled Tornado","Gremlin Horn","Black Star","Girya","Red Mask","Prayer Wheel","Vajra","Thread and Needle","Pear"],"potions_floor_usage":[33,33,33,36,41],"damage_taken":[{"damage":1.0,"enemies":"Jaw Worm","floor":1.0,"turns":4.0},{"damage":27.0,"enemies":"Lagavulin","floor":7.0,"turns":8.0},{"damage":2.0,"enemies":"Small Slimes","floor":8.0,"turns":4.0},{"damage":3.0,"enemies":"Cultist","floor":11.0,"turns":2.0},{"damage":13.0,"enemies":"3 Sentries","floor":12.0,"turns":8.0},{"damage":0.0,"enemies":"Blue Slaver","floor":14.0,"turns":1.0},{"damage":24.0,"enemies":"Slime Boss","floor":16.0,"turns":9.0},{"damage":12.0,"enemies":"3 Byrds","floor":18.0,"turns":4.0},{"damage":42.0,"enemies":"Gremlin Leader","floor":24.0,"turns":5.0},{"damage":0.0,"enemies":"Chosen","floor":25.0,"turns":2.0},{"damage":0.0,"enemies":"Snake Plant","floor":27.0,"turns":3.0},{"damage":3.0,"enemies":"Shelled Parasite and Fungi","floor":28.0,"turns":4.0},{"damage":20,"enemies":"Sentry and Sphere","floor":30,"turns":4},{"damage":20,"enemies":"Champ","floor":33,"turns":9},{"damage":19,"enemies":"Orb Walker","floor":35,"turns":3},{"damage":5,"enemies":"3 Shapes","floor":36,"turns":4},{"damage":11,"enemies":"2 Orb Walkers","floor":37,"turns":4},{"damage":19,"enemies":"Maw","floor":39,"turns":6},{"damage":22,"enemies":"Sphere and 2 Shapes","floor":41,"turns":6},{"damage":3,"enemies":"Jaw Worm Horde","floor":44,"turns":3},{"damage":11,"enemies":"Giant Head","floor":46,"turns":6},{"damage":0,"enemies":"Transient","floor":48,"turns":5},{"damage":49,"enemies":"Time Eater","floor":50,"turns":10}],"seed_played":"4359630237537355393","potions_obtained":[{"floor":7.0,"key":"Fruit Juice"},{"floor":14.0,"key":"GhostInAJar"},{"floor":16.0,"key":"FearPotion"},{"floor":25.0,"key":"LiquidBronze"},{"floor":28,"key":"AttackPotion"},{"floor":33,"key":"Fire Potion"},{"floor":36,"key":"Fruit Juice"},{"floor":39,"key":"Regen Potion"}],"is_trial":false,"path_per_floor":["?","?","?","?","M","?","?","?","M","$","?","?","?","M"],"character_chosen":"THE_SILENT","items_purchased":["Pen Nib","Apotheosis","Leg Sweep","Oddly Smooth Stone","Noxious Fumes","Sadistic Nature","Footwork"],"campfire_rested":7,"item_purchase_floors":[21,21,21,21,21,31,47],"current_hp_per_floor":[69,55,48,48,48,69,47,45,45,45,42,29,51,51,51,27,75,63,63,63,63,49,73,31,31,31,31,28,52,32,32,56,36,80,61,61,50,50,31,56,43,43,43,40,40,39,39,39,67,18],"gold":47,"neow_bonus":"TRANSFORM_CARD","is_prod":false,"is_daily":false,"chose_seed":false,"campfire_upgraded":1,"win_rate":0.0,"timestamp":1550774701,"path_taken":["M","?","?","$","?","R","E","M","T","?","M","E","R","?","R","BOSS","M","?","?","$","?","R","E","M","T","M","M","R","?","?","R","BOSS","M","M","?","?","M","R","M","R","T","M","?","E","$","?","R","BOSS"],"build_version":"2019-01-23","purchased_purges":0,"victory":true,"max_hp_per_floor":[70,70,70,70,70,70,75,75,75,75,75,75,75,75,75,75,75,75,75,75,75,80,80,80,80,80,80,80,80,80,80,80,80,80,80,85,85,85,85,85,85,85,85,85,85,95,95,95,95,95],"card_choices":[{"not_picked":["Dodge and Roll","Finisher"],"picked":"Noxious Fumes","floor":1.0},{"not_picked":["Backflip","Blade Dance"],"picked":"Infinite Blades","floor":7.0},{"not_picked":["Outmaneuver","Prepared"],"picked":"Terror","floor":8.0},{"not_picked":["Dagger Spray","Dodge and Roll"],"picked":"Envenom","floor":11.0},{"not_picked":["Flying Knee","Sucker Punch"],"picked":"Accuracy","floor":12.0},{"not_picked":["Deadly Poison","Predator"],"picked":"Dodge and Roll","floor":13.0},{"not_picked":["Outmaneuver","Blade Dance"],"picked":"Sucker Punch","floor":14.0},{"not_picked":["A Thousand Cuts","Bullet Time"],"picked":"Unload","floor":16.0},{"not_picked":["Blade Dance+1","Sucker Punch+1"],"picked":"Slice+1","floor":18.0},{"not_picked":["Backflip","Tactician+1"],"picked":"Dagger Throw+1","floor":23.0},{"not_picked":["Expertise","Flying Knee"],"picked":"Backflip","floor":24.0},{"not_picked":["Blade Dance","Backflip"],"picked":"Sucker Punch","floor":25.0},{"not_picked":["Riddle With Holes","Dodge and Roll"],"picked":"Blur+1","floor":27.0},{"not_picked":["Blade Dance","Quick Slash"],"picked":"Escape Plan+1","floor":28},{"not_picked":["Eviscerate","Blade Dance"],"picked":"Blur","floor":29},{"not_picked":["Underhanded Strike","Leg Sweep"],"picked":"Poisoned Stab+1","floor":30},{"not_picked":["Slice","Masterful Stab"],"picked":"Glass Knife","floor":32},{"not_picked":["Doppelganger","Grand Finale"],"picked":"Adrenaline","floor":33},{"not_picked":["Backflip","Riddle With Holes"],"picked":"Well Laid Plans+1","floor":35},{"not_picked":["Slice","Poisoned Stab"],"picked":"Accuracy","floor":36},{"not_picked":["Dodge and Roll+1","Noxious Fumes"],"picked":"Dagger Throw+1","floor":37},{"not_picked":["Flechettes","Well Laid Plans+1"],"picked":"Sucker Punch+1","floor":39},{"not_picked":["Prepared+1","Deflect"],"picked":"Outmaneuver+1","floor":40},{"not_picked":["Venomology","Dodge and Roll"],"picked":"Distraction","floor":41},{"not_picked":["Underhanded Strike+1","Blur"],"picked":"Accuracy+1","floor":44},{"not_picked":["Endless Agony+1","Terror"],"picked":"Dash","floor":44},{"not_picked":["Dagger Throw","Slice"],"picked":"Masterful Stab+1","floor":46},{"not_picked":["Eviscerate","Terror"],"picked":"Flying Knee","floor":48},{"not_picked":["Dodge and Roll","Noxious Fumes"],"picked":"Caltrops+1","floor":48},{"not_picked":["Dagger Spray","Sucker Punch"],"picked":"Bullet Time","floor":49}],"player_experience":179099,"relics_obtained":[{"floor":7.0,"key":"Dream Catcher"},{"floor":9.0,"key":"Ninja Scroll"},{"floor":12.0,"key":"Mummified Hand"},{"floor":24.0,"key":"Bottled Tornado"},{"floor":26.0,"key":"Gremlin Horn"},{"floor":37,"key":"Girya"},{"floor":43,"key":"Prayer Wheel"},{"floor":46,"key":"Thread and Needle"},{"floor":46,"key":"Pear"}],"event_choices":[{"damage_healed":0.0,"max_hp_gain":0.0,"max_hp_loss":0.0,"gold_gain":0.0,"event_name":"Shining Light","player_choice":"Entered Light","floor":2.0,"gold_loss":0.0,"damage_taken":14.0,"cards_upgraded":["Defend_G","Strike_G"]},{"damage_healed":0.0,"max_hp_gain":0.0,"max_hp_loss":0.0,"gold_gain":0.0,"event_name":"Scrap Ooze","player_choice":"Success","floor":3.0,"gold_loss":0.0,"damage_taken":7.0,"relics_obtained":["MawBank"]},{"damage_healed":0.0,"max_hp_gain":0.0,"max_hp_loss":0.0,"gold_gain":175.0,"event_name":"Liars Game","player_choice":"AGREE","floor":5.0,"gold_loss":0.0,"damage_taken":0.0,"cards_obtained":["Doubt"]},{"damage_healed":0.0,"max_hp_gain":0.0,"max_hp_loss":0.0,"gold_gain":0.0,"event_name":"Accursed Blacksmith","player_choice":"Rummage","floor":10.0,"gold_loss":0.0,"damage_taken":0.0,"relics_obtained":["WarpedTongs"],"cards_obtained":["Pain"]},{"damage_healed":0.0,"max_hp_gain":0.0,"max_hp_loss":0.0,"gold_gain":0.0,"event_name":"Back to Basics","player_choice":"Simplicity","floor":19.0,"gold_loss":0.0,"damage_taken":0.0,"cards_upgraded":["Defend_G","Defend_G","Defend_G","Defend_G","Strike_G","Strike_G","Strike_G"]},{"cards_removed":["Pain"],"damage_healed":0.0,"max_hp_gain":0.0,"max_hp_loss":0.0,"gold_gain":0.0,"event_name":"Beggar","player_choice":"Gave Gold","floor":20.0,"gold_loss":75.0,"damage_taken":0.0},{"damage_healed":0.0,"max_hp_gain":5.0,"max_hp_loss":0.0,"gold_gain":0.0,"event_name":"Forgotten Altar","player_choice":"Shed Blood","floor":22.0,"gold_loss":0.0,"damage_taken":19.0},{"damage_healed":0,"gold_gain":0,"player_choice":"Fight","damage_taken":0,"max_hp_gain":0,"max_hp_loss":0,"event_name":"Mysterious Sphere","floor":37,"gold_loss":0},{"damage_healed":0,"gold_gain":0,"player_choice":"Paid","damage_taken":0,"relics_obtained":["Red Mask"],"max_hp_gain":0,"max_hp_loss":0,"event_name":"Tomb of Lord Red Mask","floor":38,"gold_loss":197},{"damage_healed":0,"gold_gain":0,"player_choice":"Gave Potion","damage_taken":0,"relics_obtained":["Vajra"],"max_hp_gain":0,"max_hp_loss":0,"event_name":"WeMeetAgain","floor":45,"gold_loss":0}],"is_beta":false,"boss_relics":[{"not_picked":["Velvet Choker","Snecko Eye"],"picked":"WristBlade"},{"not_picked":["Calling Bell","Ring of the Serpent"],"picked":"Black Star"}],"items_purged_floors":[],"is_endless":false,"potions_floor_spawned":[7,14,16,25,28,33,36,39],"ascension_level":0}