{"gold_per_floor":[214,240,252,265,38,64,64,93,93,93,110,110,135,150,150,226,226,226,226,226,11,11,11,11,11,11,11,11,11,11,11,11,11,11,11,11,11,11,0,0,0,0,0,0],"floor_reached":44,"playtime":2243,"items_purged":["Strike_R+1"],"score":1048,"play_id":"6bfb4d4a-5ba2-4f41-b316-498fd2950223","local_time":"20190217200427","is_ascension_mode":true,"campfire_choices":[{"data":"Uppercut","floor":7,"key":"SMITH"},{"data":"Armaments","floor":10,"key":"SMITH"},{"data":"Demon Form","floor":12,"key":"SMITH"},{"data":"Intimidate","floor":15,"key":"SMITH"},{"floor":23,"key":"REST"},{"data":"Disarm","floor":27,"key":"SMITH"},{"data":"Battle Trance","floor":29,"key":"SMITH"},{"floor":32,"key":"RECALL"},{"data":"True Grit","floor":42,"key":"SMITH"}],"neow_cost":"NONE","seed_source_timestamp":31561217492965,"circlet_count":0,"master_deck":["AscendersBane","Strike_R+1","Strike_R+1","Strike_R+1","Strike_R+1","Defend_R+1","Defend_R+1","Defend_R+1","Defend_R+1","Bash","Uppercut+1","Twin Strike","Demon Form+1","Armaments+1","Feed","Intimidate+1","Impervious","Disarm+1","Battle Trance+1","Whirlwind+1","Heavy Blade+1","Offering","True Grit+1"],"relics":["Burning Blood","Omamori","Darkstone Periapt","Question Card","Bag of Marbles","Oddly Smooth Stone","Ectoplasm","Mummified Hand","Regal Pillow","Matryoshka","Black Star","Red Mask","Pen Nib","Letter Opener","Ancient Tea Set"],"potions_floor_usage":[6,13,16,18,28,33,35,37],"damage_taken":[{"damage":14,"enemies":"Cultist","floor":1,"turns":6},{"damage":7,"enemies":"2 Louse","floor":3,"turns":4},{"damage":1,"enemies":"Small Slimes","floor":4,"turns":4},{"damage":0,"enemies":"Gremlin Nob","floor":6,"turns":2},{"damage":15,"enemies":"Lagavulin","floor":8,"turns":6},{"damage":7,"enemies":"2 Fungi Beasts","floor":11,"turns":3},{"damage":20,"enemies":"3 Sentries","floor":13,"turns":11},{"damage":6,"enemies":"Looter","floor":14,"turns":4},{"damage":46,"enemies":"The Guardian","floor":16,"turns":9},{"damage":20,"enemies":"Shell Parasite","floor":18,"turns":6},{"damage":12,"enemies":"Chosen","floor":24,"turns":4},{"damage":10,"enemies":"Snecko","floor":25,"turns":6},{"damage":25,"enemies":"Slavers","floor":28,"turns":7},{"damage":3,"enemies":"Shelled Parasite and Fungi","floor":31,"turns":6},{"damage":34,"enemies":"Collector","floor":33,"turns":8},{"damage":1,"enemies":"3 Darklings","floor":35,"turns":4},{"damage":11,"enemies":"Orb Walker","floor":36,"turns":3},{"damage":23,"enemies":"Writhing Mass","floor":37,"turns":6},{"damage":14,"enemies":"Reptomancer","floor":40,"turns":6},{"damage":72,"enemies":"Nemesis","floor":44,"turns":6}],"seed_played":"8196143990951120371","potions_obtained":[{"floor":1,"key":"AttackPotion"},{"floor":6,"key":"Explosive Potion"},{"floor":11,"key":"Dexterity Potion"},{"floor":16,"key":"SkillPotion"},{"floor":25,"key":"Dexterity Potion"},{"floor":28,"key":"Fire Potion"},{"floor":35,"key":"Energy Potion"}],"is_trial":false,"path_per_floor":["M","T","M","M","$","E","R","E","T","R","M","R","E","M","R","B",null,"M","?","?","$","?","R","M","M","T","R","E","R","?","M","R","B",null,"M","M","M","?","?","E","$","R","T","E"],"character_chosen":"IRONCLAD","items_purchased":["Demon Form","SkillPotion","Impervious","AttackPotion"],"campfire_rested":1,"item_purchase_floors":[5,5,21,21],"current_hp_per_floor":[60,60,59,64,64,70,70,61,61,61,60,60,46,49,49,9,61,51,51,51,51,51,75,69,68,68,68,52,52,52,58,58,30,76,81,76,59,59,59,51,51,51,51,0],"gold":0,"neow_bonus":"HUNDRED_GOLD","is_prod":false,"is_daily":false,"chose_seed":false,"campfire_upgraded":7,"win_rate":0,"timestamp":1550387067,"path_taken":["M","?","M","?","$","E","R","E","T","R","M","R","E","M","R","BOSS","M","?","?","$","?","R","?","M","T","R","E","R","?","M","R","BOSS","M","M","M","?","?","E","$","R","T","E"],"build_version":"2019-01-23","purchased_purges":1,"victory":false,"max_hp_per_floor":[75,75,75,75,75,75,75,75,75,75,75,75,75,78,78,78,78,82,82,82,82,82,82,82,85,85,85,88,88,88,91,91,91,91,91,91,91,91,91,91,91,91,91,91],"card_choices":[{"not_picked":["Searing Blow","Armaments"],"picked":"Uppercut","floor":1},{"not_picked":["Flex","Body Slam"],"picked":"Twin Strike","floor":3},{"not_picked":["Wild Strike","Barricade"],"picked":"Perfected Strike","floor":4},{"not_picked":["Thunderclap","Sentinel","Dual Wield"],"picked":"SKIP","floor":6},{"not_picked":["Uppercut","Pummel"],"picked":"Armaments","floor":8},{"not_picked":["Flex","Pommel Strike","Havoc","Second Wind"],"picked":"SKIP","floor":11},{"not_picked":["Carnage","Blood for Blood","Cleave"],"picked":"Feed","floor":13},{"not_picked":["Rampage","Bloodletting","Flex"],"picked":"Intimidate","floor":14},{"not_picked":["Entrench","Pommel Strike","Armaments","Seeing Red"],"picked":"SKIP","floor":18},{"not_picked":["Corruption","Clash","Anger+1"],"picked":"Disarm","floor":24},{"not_picked":["Pommel Strike","Evolve","Cleave"],"picked":"Battle Trance","floor":25},{"not_picked":["Sever Soul","Barricade","Hemokinesis"],"picked":"Whirlwind+1","floor":28},{"not_picked":["Clothesline","Anger","Warcry"],"picked":"Heavy Blade+1","floor":31},{"not_picked":["Double Tap","Demon Form","Exhume"],"picked":"Offering","floor":33},{"not_picked":["Body Slam","Infernal Blade","Clothesline","Blood for Blood"],"picked":"SKIP","floor":35},{"not_picked":["Armaments+1","Infernal Blade","Anger+1"],"picked":"True Grit","floor":36},{"not_picked":["Spot Weakness","Intimidate+1","Twin Strike","Combust"],"picked":"SKIP","floor":37},{"not_picked":["Immolate","Uppercut+1","Body Slam+1","Reckless Charge+1"],"picked":"SKIP","floor":40}],"player_experience":302887,"relics_obtained":[{"floor":2,"key":"Omamori"},{"floor":6,"key":"Darkstone Periapt"},{"floor":8,"key":"Question Card"},{"floor":9,"key":"Bag of Marbles"},{"floor":13,"key":"Oddly Smooth Stone"},{"floor":26,"key":"Mummified Hand"},{"floor":28,"key":"Regal Pillow"},{"floor":40,"key":"Pen Nib"},{"floor":40,"key":"Letter Opener"},{"floor":43,"key":"Ancient Tea Set"}],"event_choices":[{"damage_healed":0,"gold_gain":0,"player_choice":"Ignored","damage_taken":0,"max_hp_gain":0,"max_hp_loss":0,"event_name":"Beggar","floor":19,"gold_loss":0},{"damage_healed":0,"gold_gain":0,"player_choice":"Simplicity","damage_taken":0,"max_hp_gain":0,"max_hp_loss":0,"event_name":"Back to Basics","floor":20,"gold_loss":0,"cards_upgraded":["Strike_R","Strike_R","Strike_R","Strike_R","Strike_R","Defend_R","Defend_R","Defend_R","Defend_R"]},{"cards_removed":["Perfected Strike"],"damage_healed":0,"gold_gain":0,"player_choice":"Purged","damage_taken":0,"max_hp_gain":0,"max_hp_loss":0,"event_name":"Purifier","floor":22,"gold_loss":0},{"damage_healed":0,"gold_gain":0,"player_choice":"Stole Relic","damage_taken":0,"relics_obtained":["Matryoshka"],"max_hp_gain":0,"max_hp_loss":0,"event_name":"Addict","floor":30,"gold_loss":0,"cards_obtained":["Shame"]},{"damage_healed":0,"gold_gain":0,"player_choice":"Ignored","damage_taken":0,"max_hp_gain":0,"max_hp_loss":0,"event_name":"Mysterious Sphere","floor":38,"gold_loss":0},{"damage_healed":0,"gold_gain":0,"player_choice":"Paid","damage_taken":0,"relics_obtained":["Red Mask"],"max_hp_gain":0,"max_hp_loss":0,"event_name":"Tomb of Lord Red Mask","floor":39,"gold_loss":11}],"is_beta":false,"boss_relics":[{"not_picked":["Busted Crown","Runic Pyramid"],"picked":"Ectoplasm"},{"not_picked":["Velvet Choker","Tiny House"],"picked":"Black Star"}],"items_purged_floors":[21],"is_endless":false,"potions_floor_spawned":[1,6,11,16,25,28,31,35],"killed_by":"Nemesis","ascension_level":20}