{"gold_per_floor":[115,44,44,44,69,112,128,128,128,143,156,180,180,255,255,384,384,404,425,48,73,91,91,111,135,158,221,221,235,255,273,273,394,394,409,170,183,202,222,222,245,263,263,287,305,305,326,342,342,342],"floor_reached":50,"playtime":9049,"items_purged":["Strike_B","Defend_B"],"score":530,"play_id":"f64c39f1-f4a2-4d96-8d54-7548c9683c98","local_time":"20190113215409","is_ascension_mode":false,"campfire_choices":[{"data":"White Noise","floor":13,"key":"SMITH"},{"floor":15,"key":"REST"},{"data":"Hologram","floor":23,"key":"SMITH"},{"data":"Hologram","floor":32,"key":"SMITH"},{"data":"Conserve Battery","floor":40,"key":"SMITH"},{"data":"Zap","floor":49,"key":"SMITH"}],"neow_cost":"NONE","seed_source_timestamp":232094599145583,"circlet_count":0,"master_deck":["Defend_B","Defend_B+1","Defend_B","Zap+1","Dualcast","FTL","White Noise+1","Ball Lightning","Cold Snap","Conserve Battery+1","Defragment+1","Defragment+1","Echo Form+1","Hologram+1","Self Repair+1","Hologram+1","Coolheaded+1","Defragment+1","Biased Cognition+1","Redo+1","Leap","Hologram+1","White Noise+1","Machine Learning+1","Leap+1","Defragment+1","Auto Shields+1","Cold Snap","Parasite"],"relics":["Cracked Core","NeowsBlessing","Golden Idol","Frozen Egg 2","Question Card","Empty Cage","Membership Card","Art of War","PreservedInsect","Tiny Chest","Coffee Dripper","War Paint","Toy Ornithopter","Shuriken"],"potions_floor_usage":[16,19,24,27,33,37,38,39,39,41,45,50,50,50],"damage_taken":[{"damage":0,"enemies":"Small Slimes","floor":1,"turns":1},{"damage":0,"enemies":"2 Louse","floor":5,"turns":1},{"damage":0,"enemies":"Gremlin Nob","floor":6,"turns":1},{"damage":4,"enemies":"Jaw Worm","floor":7,"turns":3},{"damage":15,"enemies":"Large Slime","floor":10,"turns":6},{"damage":6,"enemies":"3 Louse","floor":11,"turns":3},{"damage":8,"enemies":"Lots of Slimes","floor":12,"turns":4},{"damage":28,"enemies":"Hexaghost","floor":16,"turns":10},{"damage":4,"enemies":"Chosen","floor":18,"turns":5},{"damage":10,"enemies":"3 Byrds","floor":19,"turns":5},{"damage":13,"enemies":"Shelled Parasite and Fungi","floor":21,"turns":7},{"damage":10,"enemies":"Centurion and Healer","floor":22,"turns":8},{"damage":20,"enemies":"Cultist and Chosen","floor":24,"turns":7},{"damage":12,"enemies":"Snake Plant","floor":25,"turns":4},{"damage":42,"enemies":"Slavers","floor":27,"turns":6},{"damage":17,"enemies":"Shelled Parasite and Fungi","floor":29,"turns":4},{"damage":17,"enemies":"Snecko","floor":30,"turns":4},{"damage":11,"enemies":"Snake Plant","floor":31,"turns":4},{"damage":24,"enemies":"Automaton","floor":33,"turns":6},{"damage":59,"enemies":"3 Darklings","floor":35,"turns":5},{"damage":16,"enemies":"Orb Walker","floor":37,"turns":3},{"damage":2,"enemies":"3 Darklings","floor":38,"turns":6},{"damage":5,"enemies":"Spire Growth","floor":39,"turns":5},{"damage":0,"enemies":"Sphere and 2 Shapes","floor":41,"turns":8},{"damage":17,"enemies":"3 Darklings","floor":42,"turns":4},{"damage":0,"enemies":"Writhing Mass","floor":44,"turns":8},{"damage":0,"enemies":"Transient","floor":45,"turns":5},{"damage":0,"enemies":"Spire Growth","floor":47,"turns":8},{"damage":0,"enemies":"3 Darklings","floor":48,"turns":7},{"damage":97,"enemies":"Awakened One","floor":50,"turns":12}],"seed_played":"89666713362665597","potions_obtained":[{"floor":1,"key":"FocusPotion"},{"floor":6,"key":"Weak Potion"},{"floor":7,"key":"AttackPotion"},{"floor":16,"key":"Fire Potion"},{"floor":21,"key":"Weak Potion"},{"floor":25,"key":"Ancient Potion"},{"floor":30,"key":"Swift Potion"},{"floor":33,"key":"AttackPotion"},{"floor":38,"key":"Weak Potion"},{"floor":39,"key":"Dexterity Potion"},{"floor":41,"key":"PowerPotion"},{"floor":46,"key":"SteroidPotion"},{"floor":46,"key":"SpeedPotion"},{"floor":46,"key":"GamblersBrew"}],"is_trial":false,"path_per_floor":["M","$","?","?","M","E","M","?","T","M","M","M","R","?","R","B",null,"M","M","$","M","M","R","M","M","T","E","?","M","M","M","R","B",null,"M","$","M","M","M","R","M","M","T","M","M","?","M","M","R","B"],"character_chosen":"DEFECT","items_purchased":["White Noise","Membership Card","Hologram","Dark Shackles","Art of War","Defragment+1","War Paint","Toy Ornithopter"],"campfire_rested":1,"item_purchase_floors":[2,20,20,20,20,36,36,36],"current_hp_per_floor":[75,75,69,74,74,74,70,63,63,48,42,34,34,23,45,17,74,70,60,60,67,74,74,64,62,62,40,74,74,57,56,56,42,74,25,25,14,27,42,42,57,40,40,50,74,74,74,74,74,0],"gold":342,"neow_bonus":"THREE_ENEMY_KILL","is_prod":false,"is_daily":false,"chose_seed":false,"campfire_upgraded":5,"win_rate":0.0,"timestamp":1547434449,"path_taken":["M","$","?","?","M","E","M","?","T","M","M","?","R","?","R","BOSS","M","M","$","M","M","R","M","M","T","E","?","M","?","M","R","BOSS","M","$","M","M","M","R","M","M","T","M","M","?","M","M","R","BOSS"],"build_version":"2019-01-10","purchased_purges":2,"victory":false,"max_hp_per_floor":[75,75,69,74,74,74,74,74,74,74,74,74,74,74,74,74,74,74,74,74,74,74,74,74,74,74,74,74,74,74,74,74,74,74,74,74,74,74,74,74,74,74,74,74,74,74,74,74,74,74],"card_choices":[{"not_picked":["Gash","Steam Power"],"picked":"FTL","floor":1},{"not_picked":["Stack","Leap"],"picked":"Ball Lightning","floor":5},{"not_picked":["Fission","Rip and Tear"],"picked":"Cold Snap","floor":6},{"not_picked":["Reprogram","Redo"],"picked":"Conserve Battery","floor":7},{"not_picked":["Darkness","Sweeping Beam","Multi-Cast"],"picked":"Defragment+1","floor":10},{"not_picked":["Gash","Beam Cell","Steam","Stack"],"picked":"SKIP","floor":11},{"not_picked":["Conserve Battery","Melter","Go for the Eyes"],"picked":"Defragment+1","floor":12},{"not_picked":["Rainbow","All For One","Amplify"],"picked":"Echo Form+1","floor":16},{"not_picked":["Stack","Cold Snap","Rebound+1"],"picked":"Hologram","floor":18},{"not_picked":["Darkness","Melter","Cold Snap"],"picked":"Self Repair+1","floor":19},{"not_picked":["Gash","Leap","Steam"],"picked":"Coolheaded","floor":21},{"not_picked":["Reprogram","Gash","Barrage"],"picked":"Defragment+1","floor":22},{"not_picked":["Redo","Sweeping Beam","Undo+1"],"picked":"Biased Cognition+1","floor":24},{"not_picked":["Coolheaded","Go for the Eyes","Rip and Tear"],"picked":"Redo+1","floor":25},{"not_picked":["Heatsinks+1","Steam+1","Lockon"],"picked":"Leap","floor":27},{"not_picked":["Melter","Darkness+1","Barrage"],"picked":"Hologram+1","floor":29},{"not_picked":["Barrage+1","Tempest+1","Coolheaded"],"picked":"White Noise+1","floor":30},{"not_picked":["Ball Lightning","Scrape","Conserve Battery+1","Thunder Strike"],"picked":"SKIP","floor":31},{"not_picked":["Thunder Strike","Amplify","All For One"],"picked":"Machine Learning+1","floor":33},{"not_picked":["Gash+1","Ball Lightning","Hologram"],"picked":"Leap+1","floor":35},{"not_picked":["Doom and Gloom","Compile Driver+1","Undo"],"picked":"Auto Shields+1","floor":37},{"not_picked":["Steam+1","Storm+1","Streamline","Go for the Eyes+1"],"picked":"SKIP","floor":38},{"not_picked":["Force Field+1","Fusion+1","Stack+1","Compile Driver"],"picked":"SKIP","floor":39},{"not_picked":["Force Field+1","Steam Power","Go for the Eyes+1"],"picked":"Cold Snap","floor":41},{"not_picked":["Amplify","Chaos+1","Leap","Force Field+1"],"picked":"SKIP","floor":42},{"not_picked":["Gash+1","Steam","Sweeping Beam+1","Hologram"],"picked":"SKIP","floor":44},{"not_picked":["Darkness+1","Streamline+1","Heatsinks+1","Cold Snap+1"],"picked":"SKIP","floor":45},{"not_picked":["Tempest","Hello World+1","Go for the Eyes","Fusion+1"],"picked":"SKIP","floor":47},{"not_picked":["All For One","Streamline","Tempest+1","Go for the Eyes"],"picked":"SKIP","floor":48}],"player_experience":63563,"relics_obtained":[{"floor":6,"key":"Frozen Egg 2"},{"floor":9,"key":"Question Card"},{"floor":26,"key":"PreservedInsect"},{"floor":27,"key":"Tiny Chest"},{"floor":43,"key":"Shuriken"}],"event_choices":[{"damage_healed":0,"gold_gain":0,"player_choice":"Lose Max HP","damage_taken":0,"relics_obtained":["Golden Idol"],"max_hp_gain":0,"max_hp_loss":6,"event_name":"Golden Idol","floor":3,"gold_loss":0},{"damage_healed":0,"gold_gain":0,"player_choice":"Donut","damage_taken":0,"max_hp_gain":5,"max_hp_loss":0,"event_name":"Big Fish","floor":4,"gold_loss":0},{"cards_removed":["Strike_B"],"damage_healed":0,"gold_gain":0,"player_choice":"Card Removal","damage_taken":7,"max_hp_gain":0,"max_hp_loss":0,"event_name":"Golden Wing","floor":8,"gold_loss":0},{"damage_healed":0,"gold_gain":75,"player_choice":"Gather Gold","damage_taken":11,"max_hp_gain":0,"max_hp_loss":0,"event_name":"World of Goop","floor":14,"gold_loss":0},{"cards_removed":["Dark Shackles"],"damage_healed":34,"gold_gain":0,"player_choice":"Offered Uncommon","damage_taken":0,"max_hp_gain":0,"max_hp_loss":0,"event_name":"Bonfire Elementals","floor":28,"gold_loss":0},{"damage_healed":0,"gold_gain":0,"player_choice":"Got Potions","damage_taken":0,"max_hp_gain":0,"max_hp_loss":0,"event_name":"Lab","floor":46,"gold_loss":0}],"is_beta":false,"boss_relics":[{"not_picked":["Lizard Tail","Snecko Eye"],"picked":"Empty Cage"},{"not_picked":["Runic Dome","FrozenCore"],"picked":"Coffee Dripper"}],"items_purged_floors":[20,36],"is_endless":false,"potions_floor_spawned":[1,6,7,12,16,21,22,25,30,31,33,38,39,41,47],"killed_by":"Awakened One","ascension_level":0}