{"gold_per_floor":[114,131,131,145,156,188,188,200,225,258,288,330,342,374,386,500,512,539,511,539,551,581,621,633,665,704,716,69,103,103,23,23,124,124,141,0,0,0,0,0,30,30,30,30,41,52,52,52,52,52],"floor_reached":50,"playtime":2750,"items_purged":[],"score":606,"play_id":"d185a0da-ac60-4e37-bd4c-76fa37fd4626","local_time":"20190226171642","is_ascension_mode":true,"campfire_choices":[{"data":"Pommel Strike","floor":7,"key":"SMITH"},{"floor":15,"key":"REST"},{"floor":27,"key":"REST"},{"data":"Berserk","floor":30,"key":"SMITH"},{"data":"Armaments","floor":32,"key":"SMITH"},{"floor":40,"key":"DIG"},{"floor":44,"key":"REST"},{"data":"Exhume","floor":47,"key":"SMITH"},{"data":"Power Through","floor":49,"key":"SMITH"}],"neow_cost":"NONE","seed_source_timestamp":1076160981538804,"circlet_count":0,"master_deck":["Bash","Rampage","Pommel Strike+1","Cleave","Intimidate","Flex","Thunderclap","Infernal Blade+1","Clothesline","Berserk+1","Power Through+1","True Grit","Reaper","Feel No Pain","Disarm+1","Spot Weakness","Sever Soul","Infernal Blade","Fiend Fire+1","Ghostly Armor","Metallicize","Iron Wave+1","Fire Breathing+1","Intimidate","Shrug It Off","Blood for Blood","Evolve","Battle Trance","Forethought","Master of Strategy","Rampage","Havoc","Armaments+1","Intimidate","Exhume+1","Clumsy","Shame","Injury","Second Wind+1","Madness","Madness","Rage+1","Reckless Charge+1","Pommel Strike+1"],"relics":["Burning Blood","Smiling Mask","Singing Bowl","War Paint","MawBank","Regal Pillow","Mummified Hand","Pandora\u0027s Box","Shovel","Strawberry","PreservedInsect","Art of War","Calling Bell","Lantern","The Courier","Bird Faced Urn","Red Mask","Toxic Egg 2","StoneCalendar","Pantograph"],"potions_floor_usage":[16,23,23,23,25,33,50,50],"damage_taken":[{"damage":6,"enemies":"2 Louse","floor":1,"turns":3},{"damage":6,"enemies":"Cultist","floor":2,"turns":3},{"damage":4,"enemies":"Jaw Worm","floor":4,"turns":4},{"damage":12,"enemies":"3 Louse","floor":5,"turns":3},{"damage":18,"enemies":"Gremlin Nob","floor":6,"turns":4},{"damage":15,"enemies":"Lots of Slimes","floor":8,"turns":3},{"damage":15,"enemies":"3 Sentries","floor":10,"turns":5},{"damage":13,"enemies":"Large Slime","floor":11,"turns":3},{"damage":15,"enemies":"Lagavulin","floor":12,"turns":5},{"damage":6,"enemies":"Exordium Thugs","floor":14,"turns":3},{"damage":56,"enemies":"The Guardian","floor":16,"turns":13},{"damage":19,"enemies":"Shell Parasite","floor":18,"turns":5},{"damage":24,"enemies":"Spheric Guardian","floor":20,"turns":7},{"damage":27,"enemies":"Snake Plant","floor":22,"turns":5},{"damage":38,"enemies":"Slavers","floor":23,"turns":5},{"damage":1,"enemies":"Centurion and Healer","floor":25,"turns":6},{"damage":9,"enemies":"Book of Stabbing","floor":29,"turns":6},{"damage":77,"enemies":"Collector","floor":33,"turns":8},{"damage":12,"enemies":"3 Shapes","floor":35,"turns":5},{"damage":79,"enemies":"Nemesis","floor":41,"turns":13},{"damage":10,"enemies":"Orb Walker","floor":45,"turns":5},{"damage":38,"enemies":"Jaw Worm Horde","floor":46,"turns":7},{"damage":92,"enemies":"Awakened One","floor":50,"turns":15}],"seed_played":"-2145439841000520991","potions_obtained":[{"floor":1,"key":"Strength Potion"},{"floor":2,"key":"AttackPotion"},{"floor":6,"key":"Fire Potion"},{"floor":22,"key":"Swift Potion"},{"floor":24,"key":"SneckoOil"},{"floor":24,"key":"Swift Potion"},{"floor":24,"key":"Block Potion"},{"floor":25,"key":"FairyPotion"},{"floor":46,"key":"PowerPotion"}],"is_trial":false,"path_per_floor":["M","M","?","M","M","E","R","M","T","E","M","E","T","M","R","B",null,"M","?","M","$","M","E","?","M","T","R","$","E","R","$","R","B",null,"M","?","?","?","$","R","E","$","T","R","M","M","R","?","R","B"],"character_chosen":"IRONCLAD","items_purchased":["Evolve","Battle Trance","Forethought","Master of Strategy","Rampage","PreservedInsect","Armaments","Intimidate"],"campfire_rested":3,"item_purchase_floors":[28,28,28,28,28,28,31,31],"current_hp_per_floor":[80,80,80,80,74,62,62,53,53,44,37,28,28,28,67,17,80,73,73,55,55,37,17,17,30,37,78,78,75,75,75,75,18,87,83,83,72,72,72,72,14,14,14,55,55,29,29,76,76,0],"gold":52,"neow_bonus":"RANDOM_COMMON_RELIC","is_prod":false,"is_daily":false,"chose_seed":false,"campfire_upgraded":5,"win_rate":0,"timestamp":1551169002,"path_taken":["M","M","?","?","M","E","R","M","T","E","M","E","?","M","R","BOSS","M","?","M","?","?","E","?","M","T","R","$","E","R","$","R","BOSS","M","?","?","?","$","R","E","$","T","R","?","M","R","?","R","BOSS"],"build_version":"2019-01-23","purchased_purges":0,"victory":false,"max_hp_per_floor":[80,80,80,80,80,80,80,80,80,80,80,80,80,80,80,80,80,80,80,80,80,80,80,80,80,87,87,87,87,87,87,87,87,87,87,87,87,87,87,87,87,87,87,87,87,87,87,76,76,76],"card_choices":[{"not_picked":["Sword Boomerang","Carnage"],"picked":"Rampage","floor":1},{"not_picked":["Sword Boomerang","Clothesline"],"picked":"Pommel Strike","floor":2},{"not_picked":["Hemokinesis","Wild Strike"],"picked":"Intimidate","floor":4},{"not_picked":["Clash","Searing Blow"],"picked":"Flex","floor":5},{"not_picked":["Shrug It Off","Hemokinesis"],"picked":"Thunderclap","floor":6},{"not_picked":["Second Wind","Corruption"],"picked":"Infernal Blade","floor":8},{"not_picked":["Body Slam","Limit Break"],"picked":"Clothesline","floor":10},{"not_picked":["Wild Strike","Sword Boomerang"],"picked":"Berserk","floor":11},{"not_picked":["Flex","Anger"],"picked":"Power Through","floor":12},{"not_picked":["Clash","Havoc"],"picked":"True Grit","floor":14},{"not_picked":["Impervious","Barricade"],"picked":"Reaper","floor":16},{"not_picked":["Anger+1","Thunderclap"],"picked":"Iron Wave+1","floor":18},{"not_picked":["Clothesline+1","Anger+1"],"picked":"Fire Breathing","floor":20},{"not_picked":["Iron Wave","Anger"],"picked":"Intimidate","floor":22},{"not_picked":["Heavy Blade+1","Intimidate"],"picked":"Shrug It Off","floor":23},{"not_picked":["Armaments","Twin Strike"],"picked":"Blood for Blood","floor":25},{"not_picked":["Searing Blow","Hemokinesis"],"picked":"Havoc","floor":29},{"not_picked":["Demon Form","Bludgeon"],"picked":"Exhume","floor":33},{"not_picked":["Perfected Strike","Combust"],"picked":"Second Wind+1","floor":35},{"not_picked":["Flex+1","Feel No Pain"],"picked":"Rage+1","floor":41},{"not_picked":["Clash","Pommel Strike"],"picked":"Reckless Charge+1","floor":45},{"not_picked":["Combust","True Grit+1"],"picked":"Pommel Strike+1","floor":46}],"player_experience":150422,"relics_obtained":[{"floor":6,"key":"Singing Bowl"},{"floor":9,"key":"War Paint"},{"floor":10,"key":"MawBank"},{"floor":12,"key":"Regal Pillow"},{"floor":13,"key":"Mummified Hand"},{"floor":23,"key":"Shovel"},{"floor":26,"key":"Strawberry"},{"floor":29,"key":"Art of War"},{"floor":34,"key":"Lantern"},{"floor":34,"key":"The Courier"},{"floor":34,"key":"Bird Faced Urn"},{"floor":40,"key":"Toxic Egg 2"},{"floor":41,"key":"StoneCalendar"},{"floor":43,"key":"Pantograph"}],"event_choices":[{"damage_healed":0,"gold_gain":0,"cards_transformed":["Strike_R"],"player_choice":"Transformed","damage_taken":0,"max_hp_gain":0,"max_hp_loss":0,"event_name":"Transmorgrifier","floor":3,"gold_loss":0,"cards_obtained":["Cleave"]},{"damage_healed":0,"gold_gain":0,"player_choice":"Upgraded Two","damage_taken":0,"max_hp_gain":0,"max_hp_loss":0,"event_name":"Designer","floor":19,"gold_loss":40,"cards_upgraded":["Disarm","Fiend Fire"]},{"damage_healed":0,"gold_gain":0,"player_choice":"Got Potions","damage_taken":0,"max_hp_gain":0,"max_hp_loss":0,"event_name":"Lab","floor":24,"gold_loss":0},{"damage_healed":0,"gold_gain":0,"player_choice":"Paid","damage_taken":0,"relics_obtained":["Red Mask"],"max_hp_gain":0,"max_hp_loss":0,"event_name":"Tomb of Lord Red Mask","floor":36,"gold_loss":141},{"damage_healed":0,"gold_gain":0,"player_choice":"Embrace Madness","damage_taken":11,"max_hp_gain":0,"max_hp_loss":0,"event_name":"Winding Halls","floor":37,"gold_loss":0,"cards_obtained":["Madness","Madness"]},{"damage_healed":0,"gold_gain":0,"player_choice":"Upgraded","damage_taken":0,"max_hp_gain":0,"max_hp_loss":0,"event_name":"Upgrade Shrine","floor":38,"gold_loss":0,"cards_upgraded":["Fire Breathing"]},{"damage_healed":76,"gold_gain":0,"player_choice":"Heal","damage_taken":0,"max_hp_gain":0,"max_hp_loss":11,"event_name":"The Moai Head","floor":48,"gold_loss":0}],"is_beta":false,"boss_relics":[{"not_picked":["Busted Crown","Orrery"],"picked":"Pandora\u0027s Box"},{"not_picked":["Black Blood","Runic Pyramid"],"picked":"Calling Bell"}],"items_purged_floors":[],"is_endless":false,"potions_floor_spawned":[1,2,6,10,11,22,25,29,46],"killed_by":"Awakened One","ascension_level":2}