{"gold_per_floor":[118,136,146,65,80,80,91,110,137,137,162,162,162,172,172,251,251,265,665,5,16,28,28,45,45,45,59,73,73,88,103,103,174,174,193,56,68,9,21,21,50,50,50,50,50,0,0,0,0,0],"floor_reached":51,"playtime":3092,"items_purged":["Strike_G","Strike_G"],"score":1377,"play_id":"f09d246a-6924-413d-9944-0e8f69fcee6c","local_time":"20190210140333","is_ascension_mode":true,"campfire_choices":[{"data":"Skewer","floor":6,"key":"SMITH"},{"data":"Corpse Explosion","floor":13,"key":"SMITH"},{"data":"Footwork","floor":15,"key":"SMITH"},{"data":"Footwork","floor":23,"key":"SMITH"},{"data":"Well Laid Plans","floor":29,"key":"SMITH"},{"data":"Deadly Poison","floor":32,"key":"SMITH"},{"data":"Footwork","floor":40,"key":"SMITH"},{"data":"Night Terror","floor":42,"key":"SMITH"},{"data":"Acrobatics","floor":47,"key":"SMITH"},{"floor":49,"key":"RECALL"}],"neow_cost":"NONE","seed_source_timestamp":5286954554618,"circlet_count":0,"master_deck":["AscendersBane","Defend_G+1","Defend_G+1","Defend_G+1","Defend_G+1","Defend_G+1","Strike_G+1","Strike_G+1","Strike_G+1","Survivor+1","Neutralize+1","Quick Slash+1","Poisoned Stab+1","Corpse Explosion+1","Footwork+1","Skewer+1","PiercingWail+1","Terror+1","After Image+1","Crippling Poison+1","Backflip+1","Acrobatics+1","Footwork+1","Well Laid Plans+1","Blade Dance+1","Deadly Poison+1","Night Terror+1","Crippling Poison+1","Footwork+1","PiercingWail+1","Backflip+1","Expertise+1"],"relics":["Coffee Dripper","Juzu Bracelet","Paper Crane","Sundial","Cursed Key","Old Coin","Bottled Flame","Torii","Mercury Hourglass","Eternal Feather","Boot","Bottled Tornado","Red Mask","Mark of the Bloom"],"potions_floor_usage":[11,19],"damage_taken":[{"damage":1,"enemies":"Cultist","floor":1,"turns":5},{"damage":9,"enemies":"Jaw Worm","floor":2,"turns":6},{"damage":1,"enemies":"Small Slimes","floor":3,"turns":3},{"damage":4,"enemies":"Looter","floor":5,"turns":4},{"damage":0,"enemies":"2 Fungi Beasts","floor":7,"turns":2},{"damage":7,"enemies":"Red Slaver","floor":8,"turns":4},{"damage":0,"enemies":"Gremlin Nob","floor":11,"turns":4},{"damage":0,"enemies":"Blue Slaver","floor":14,"turns":3},{"damage":0,"enemies":"Hexaghost","floor":16,"turns":8},{"damage":2,"enemies":"Spheric Guardian","floor":18,"turns":4},{"damage":13,"enemies":"Colosseum Slavers","floor":19,"turns":4},{"damage":16,"enemies":"Colosseum Nobs","floor":19,"turns":5},{"damage":6,"enemies":"2 Thieves","floor":21,"turns":4},{"damage":1,"enemies":"Snake Plant","floor":22,"turns":3},{"damage":2,"enemies":"Cultist and Chosen","floor":24,"turns":5},{"damage":2,"enemies":"Snecko","floor":27,"turns":5},{"damage":1,"enemies":"Shelled Parasite and Fungi","floor":28,"turns":4},{"damage":1,"enemies":"Centurion and Healer","floor":30,"turns":3},{"damage":0,"enemies":"Snecko","floor":31,"turns":3},{"damage":1,"enemies":"Collector","floor":33,"turns":10},{"damage":2,"enemies":"Orb Walker","floor":35,"turns":5},{"damage":9,"enemies":"3 Darklings","floor":37,"turns":5},{"damage":0,"enemies":"4 Shapes","floor":39,"turns":3},{"damage":0,"enemies":"Giant Head","floor":41,"turns":11},{"damage":3,"enemies":"Time Eater","floor":50,"turns":18}],"seed_played":"5242416848617083023","potions_obtained":[{"floor":1,"key":"FairyPotion"},{"floor":2,"key":"GamblersBrew"},{"floor":3,"key":"AttackPotion"},{"floor":16,"key":"SkillPotion"},{"floor":18,"key":"GhostInAJar"},{"floor":19,"key":"Weak Potion"},{"floor":24,"key":"AttackPotion"},{"floor":27,"key":"SkillPotion"},{"floor":33,"key":"Dexterity Potion"},{"floor":37,"key":"GhostInAJar"}],"is_trial":false,"path_per_floor":["M","M","M","$","M","R","M","M","T","?","E","T","R","M","R","B",null,"M","?","$","M","M","R","M","?","T","M","M","R","M","M","R","B",null,"M","$","M","$","M","R","E","R","T","$","?","?","R","?","R","B",null],"character_chosen":"THE_SILENT","items_purchased":["Footwork","Torii","Mercury Hourglass","Footwork","Backflip"],"campfire_rested":0,"item_purchase_floors":[4,20,20,36,38],"current_hp_per_floor":[58,49,48,48,44,44,44,37,37,37,37,37,37,37,37,37,59,57,28,28,22,21,21,19,19,19,17,16,16,15,15,15,14,53,51,51,42,42,42,60,60,66,66,66,66,66,66,66,66,63],"gold":0,"neow_bonus":"BOSS_RELIC","is_prod":false,"is_daily":false,"chose_seed":false,"campfire_upgraded":9,"win_rate":0,"timestamp":1549760613,"path_taken":["M","M","M","$","M","R","M","?","T","?","E","?","R","M","R","BOSS","M","?","$","M","M","R","M","?","T","M","M","R","M","M","R","BOSS","M","$","M","$","M","R","E","R","T","?","?","?","R","?","R","BOSS"],"build_version":"2019-01-23","purchased_purges":2,"victory":true,"max_hp_per_floor":[66,66,66,66,66,66,66,66,66,66,66,66,66,66,66,66,66,66,66,66,66,66,66,66,66,66,66,66,66,66,66,66,66,66,66,66,66,66,66,66,66,66,66,66,66,66,66,66,66,66],"card_choices":[{"not_picked":["Setup","Masterful Stab"],"picked":"Quick Slash","floor":1},{"not_picked":["Slice","Calculated Gamble"],"picked":"Poisoned Stab","floor":2},{"not_picked":["Sucker Punch","Underhanded Strike"],"picked":"Corpse Explosion","floor":3},{"not_picked":["Choke","Slice"],"picked":"Skewer","floor":5},{"not_picked":["Slice","Underhanded Strike","Poisoned Stab"],"picked":"SKIP","floor":7},{"not_picked":["Choke","Finisher"],"picked":"PiercingWail","floor":8},{"not_picked":["Quick Slash","Flying Knee"],"picked":"Terror","floor":11},{"not_picked":["Accuracy","Heel Hook","Deflect"],"picked":"SKIP","floor":14},{"not_picked":["Tools of the Trade","Glass Knife"],"picked":"After Image","floor":16},{"not_picked":["Riddle With Holes","Quick Slash"],"picked":"Crippling Poison","floor":18},{"not_picked":["Bane+1","Poisoned Stab"],"picked":"Backflip","floor":19},{"not_picked":["Quick Slash","Dagger Throw"],"picked":"Acrobatics","floor":21},{"not_picked":["Bouncing Flask","All Out Attack"],"picked":"Footwork","floor":22},{"not_picked":["Quick Slash","Crippling Poison"],"picked":"Well Laid Plans","floor":24},{"not_picked":["Infinite Blades","Bane"],"picked":"Blade Dance+1","floor":27},{"not_picked":["Flying Knee","Dagger Spray+1"],"picked":"Deadly Poison","floor":28},{"not_picked":["Cloak And Dagger","Prepared"],"picked":"Night Terror","floor":30},{"not_picked":["Poisoned Stab","Blade Dance","Slice+1"],"picked":"SKIP","floor":31},{"not_picked":["Dagger Throw","Slice"],"picked":"Crippling Poison","floor":35},{"not_picked":["Blade Dance","Deadly Poison"],"picked":"PiercingWail","floor":37},{"not_picked":["Backstab","Reflex+1"],"picked":"Expertise+1","floor":39},{"not_picked":["Dagger Spray","Poisoned Stab+1","Skewer"],"picked":"SKIP","floor":41}],"player_experience":208637,"relics_obtained":[{"floor":9,"key":"Juzu Bracelet"},{"floor":11,"key":"Paper Crane"},{"floor":12,"key":"Sundial"},{"floor":19,"key":"Old Coin"},{"floor":19,"key":"Bottled Flame"},{"floor":41,"key":"Boot"},{"floor":43,"key":"Bottled Tornado"}],"event_choices":[{"damage_healed":0,"gold_gain":0,"player_choice":"Forge","damage_taken":0,"max_hp_gain":0,"max_hp_loss":0,"event_name":"Accursed Blacksmith","floor":10,"gold_loss":0,"cards_upgraded":["Neutralize"]},{"damage_healed":0,"gold_gain":0,"player_choice":"Fight","damage_taken":0,"max_hp_gain":0,"max_hp_loss":0,"event_name":"Colosseum","floor":19,"gold_loss":0},{"damage_healed":0,"gold_gain":0,"player_choice":"Fought Nobs","damage_taken":0,"max_hp_gain":0,"max_hp_loss":0,"event_name":"Colosseum","floor":19,"gold_loss":0},{"damage_healed":0,"gold_gain":0,"player_choice":"0 cards matched","damage_taken":0,"max_hp_gain":0,"max_hp_loss":0,"event_name":"Match and Keep!","floor":25,"gold_loss":0,"cards_obtained":[]},{"cards_removed":["Writhe"],"damage_healed":0,"gold_gain":0,"player_choice":"Removed Curses","damage_taken":0,"max_hp_gain":0,"max_hp_loss":0,"event_name":"Fountain of Cleansing","floor":45,"gold_loss":0},{"damage_healed":0,"gold_gain":0,"player_choice":"Paid","damage_taken":0,"relics_obtained":["Red Mask"],"max_hp_gain":0,"max_hp_loss":0,"event_name":"Tomb of Lord Red Mask","floor":46,"gold_loss":50},{"damage_healed":0,"gold_gain":0,"player_choice":"Upgrade","damage_taken":0,"relics_obtained":["Mark of the Bloom"],"max_hp_gain":0,"max_hp_loss":0,"event_name":"MindBloom","floor":48,"gold_loss":0,"cards_upgraded":["Defend_G","Defend_G","Defend_G","Defend_G","Defend_G","Strike_G","Strike_G","Strike_G","Survivor","Quick Slash","Poisoned Stab","PiercingWail","Terror","After Image","Crippling Poison","Backflip","Crippling Poison","PiercingWail","Backflip"]}],"is_beta":false,"boss_relics":[{"not_picked":["Ectoplasm","Pandora\u0027s Box"],"picked":"Cursed Key"},{"not_picked":["Runic Pyramid","Snecko Eye"],"picked":"Eternal Feather"}],"items_purged_floors":[20,36],"is_endless":false,"potions_floor_spawned":[1,2,3,16,18,19,24,27,33,37,41],"ascension_level":17}