{"gold_per_floor":[14,14,31,50,50,83,83,117,174,198,210,234,257,281,293,305],"floor_reached":16,"playtime":530,"items_purged":[],"score":160,"play_id":"1fac53fb-ab19-4b8c-8d89-a081caf256ff","local_time":"20190203152839","is_ascension_mode":true,"campfire_choices":[{"floor":7,"key":"REST"},{"floor":11,"key":"REST"},{"floor":15,"key":"REST"}],"neow_cost":"NO_GOLD","seed_source_timestamp":6469341686247,"circlet_count":0,"master_deck":["Strike_R","Strike_R","Strike_R","Strike_R","Defend_R","Defend_R","Defend_R","Defend_R","Bash","Double Tap","Perfected Strike","Whirlwind","Entrench","Offering","Battle Trance","Armaments","Metallicize","Thunderclap"],"relics":["Burning Blood","Blue Candle","MawBank"],"potions_floor_usage":[14,16,16],"damage_taken":[{"damage":0,"enemies":"2 Louse","floor":1,"turns":3},{"damage":0,"enemies":"Cultist","floor":3,"turns":2},{"damage":14,"enemies":"Jaw Worm","floor":4,"turns":3},{"damage":60,"enemies":"3 Sentries","floor":6,"turns":9},{"damage":26,"enemies":"Gremlin Nob","floor":8,"turns":3},{"damage":6,"enemies":"Exordium Thugs","floor":10,"turns":2},{"damage":12,"enemies":"3 Louse","floor":12,"turns":4},{"damage":21,"enemies":"Gremlin Gang","floor":13,"turns":2},{"damage":19,"enemies":"Large Slime","floor":14,"turns":3},{"damage":38,"enemies":"Hexaghost","floor":16,"turns":9}],"seed_played":"1010137113304361178","potions_obtained":[{"floor":6,"key":"Ancient Potion"},{"floor":8,"key":"Explosive Potion"},{"floor":12,"key":"Fire Potion"},{"floor":13,"key":"Poison Potion"}],"is_trial":false,"path_per_floor":["M","?","M","M","?","E","R","E","T","M","R","M","M","M","R","B"],"character_chosen":"IRONCLAD","items_purchased":[],"campfire_rested":3,"item_purchase_floors":[],"current_hp_per_floor":[78,78,80,72,72,18,42,22,22,22,46,40,25,12,36,0],"gold":305,"neow_bonus":"THREE_RARE_CARDS","is_prod":false,"is_daily":false,"chose_seed":false,"campfire_upgraded":0,"win_rate":0,"timestamp":1549160919,"path_taken":["M","?","M","M","?","E","R","E","T","M","R","M","M","M","R","BOSS"],"build_version":"2019-01-23","purchased_purges":0,"victory":false,"max_hp_per_floor":[80,80,80,80,80,80,80,80,80,80,80,80,80,80,80,80],"card_choices":[{"not_picked":["Dark Embrace","Immolate"],"picked":"Double Tap","floor":0},{"not_picked":["Armaments","Twin Strike"],"picked":"Perfected Strike","floor":1},{"not_picked":["Anger","Havoc","Heavy Blade"],"picked":"SKIP","floor":3},{"not_picked":["Clothesline","Sentinel"],"picked":"Whirlwind","floor":4},{"not_picked":["Heavy Blade","Cleave"],"picked":"Offering","floor":6},{"not_picked":["Heavy Blade","Impervious"],"picked":"Battle Trance","floor":8},{"not_picked":["Sentinel","Sword Boomerang"],"picked":"Armaments","floor":10},{"not_picked":["Rupture","Warcry"],"picked":"Metallicize","floor":12},{"not_picked":["Evolve","Body Slam","Armaments"],"picked":"SKIP","floor":13},{"not_picked":["Rupture","Sever Soul"],"picked":"Thunderclap","floor":14}],"player_experience":401807,"relics_obtained":[{"floor":6,"key":"Blue Candle"},{"floor":8,"key":"MawBank"}],"event_choices":[{"damage_healed":0,"gold_gain":0,"player_choice":"Ignored","damage_taken":0,"max_hp_gain":0,"max_hp_loss":0,"event_name":"Liars Game","floor":2,"gold_loss":0},{"damage_healed":0,"gold_gain":0,"cards_transformed":["Strike_R"],"player_choice":"Transformed","damage_taken":0,"max_hp_gain":0,"max_hp_loss":0,"event_name":"Transmorgrifier","floor":5,"gold_loss":0,"cards_obtained":["Entrench"]}],"is_beta":false,"boss_relics":[],"items_purged_floors":[],"is_endless":false,"potions_floor_spawned":[6,8,12,13],"killed_by":"Hexaghost","ascension_level":8}