{"gold_per_floor":[111,124,124,137,137,137,166,166,192,223,223,237,270,288,288,360,360,370,370,165,165,179,210,230,257,257,290,290,205,235,246,246,320,320,335,114,114,131,231,264,264,281,281,281,292,327,327,361,361,361,361,361,361,33,67,67],"floor_reached":56,"playtime":4838,"items_purged":["Strike_R+1","Strike_R+1"],"score":2162,"play_id":"4209f63f-fbc9-4f31-927b-206492174842","local_time":"20190222005616","is_ascension_mode":true,"campfire_choices":[{"data":"Bludgeon","floor":6,"key":"SMITH"},{"data":"Clothesline","floor":8,"key":"SMITH"},{"data":"Spot Weakness","floor":11,"key":"SMITH"},{"data":"Bash","floor":15,"key":"SMITH"},{"floor":28,"key":"REST"},{"data":"Double Tap","floor":32,"key":"SMITH"},{"data":"Juggernaut","floor":41,"key":"SMITH"},{"floor":47,"key":"RECALL"},{"data":"True Grit","floor":49,"key":"SMITH"},{"floor":53,"key":"REST"}],"neow_cost":"CURSE","seed_source_timestamp":17848433146021,"circlet_count":0,"master_deck":["AscendersBane","Strike_R+1","Strike_R+1","Defend_R+1","Defend_R+1","Defend_R+1","Defend_R+1","Bash+1","Bludgeon+1","Spot Weakness+1","Metallicize","Clothesline+1","Twin Strike","Immolate","True Grit+1","Impervious","Iron Wave","Double Tap+1","Apotheosis","Shockwave","True Grit","Spot Weakness","Feel No Pain+1","Exhume","Impervious","Headbutt","Juggernaut+1","Uppercut","Shrug It Off","Combust","Pommel Strike+1","Reaper"],"relics":["Burning Blood","Centennial Puzzle","Incense Burner","Mummified Hand","Snecko Eye","Dead Branch","Thread and Needle","Letter Opener","Bronze Scales","PreservedInsect","Bottled Flame","Busted Crown","Gambling Chip","Oddly Smooth Stone","Self Forming Clay","Boot","Singing Bowl","ClockworkSouvenir","Lantern"],"potions_floor_usage":[7,18,23,25,33,56,56],"damage_taken":[{"damage":7,"enemies":"Jaw Worm","floor":1,"turns":2},{"damage":8,"enemies":"2 Louse","floor":2,"turns":4},{"damage":0,"enemies":"Cultist","floor":4,"turns":3},{"damage":0,"enemies":"Gremlin Nob","floor":7,"turns":2},{"damage":14,"enemies":"3 Sentries","floor":10,"turns":7},{"damage":9,"enemies":"Exordium Wildlife","floor":12,"turns":3},{"damage":6,"enemies":"Gremlin Nob","floor":13,"turns":4},{"damage":8,"enemies":"Looter","floor":14,"turns":3},{"damage":17,"enemies":"Hexaghost","floor":16,"turns":9},{"damage":0,"enemies":"3 Byrds","floor":18,"turns":3},{"damage":4,"enemies":"Chosen","floor":22,"turns":4},{"damage":20,"enemies":"Slavers","floor":23,"turns":2},{"damage":23,"enemies":"Shelled Parasite and Fungi","floor":24,"turns":2},{"damage":12,"enemies":"Gremlin Leader","floor":25,"turns":4},{"damage":3,"enemies":"Slavers","floor":27,"turns":4},{"damage":2,"enemies":"Gremlin Leader","floor":30,"turns":4},{"damage":2,"enemies":"Chosen and Byrds","floor":31,"turns":3},{"damage":12,"enemies":"Collector","floor":33,"turns":5},{"damage":0,"enemies":"Orb Walker","floor":35,"turns":2},{"damage":0,"enemies":"3 Darklings","floor":38,"turns":4},{"damage":6,"enemies":"Mind Bloom Boss Battle","floor":39,"turns":3},{"damage":23,"enemies":"Reptomancer","floor":40,"turns":5},{"damage":0,"enemies":"Maw","floor":42,"turns":4},{"damage":2,"enemies":"Jaw Worm Horde","floor":45,"turns":3},{"damage":0,"enemies":"Nemesis","floor":46,"turns":3},{"damage":0,"enemies":"Giant Head","floor":48,"turns":4},{"damage":39,"enemies":"Awakened One","floor":50,"turns":9},{"damage":27,"enemies":"Time Eater","floor":51,"turns":9},{"damage":7,"enemies":"Shield and Spear","floor":55,"turns":3},{"damage":111,"enemies":"The Heart","floor":56,"turns":8}],"seed_played":"-7952453507583678803","potions_obtained":[{"floor":4,"key":"FearPotion"},{"floor":7,"key":"GamblersBrew"},{"floor":12,"key":"Energy Potion"},{"floor":16,"key":"AttackPotion"},{"floor":18,"key":"Ancient Potion"},{"floor":23,"key":"Ancient Potion"},{"floor":24,"key":"AttackPotion"},{"floor":30,"key":"Poison Potion"}],"is_trial":false,"path_per_floor":["M","M","?","M","?","R","E","R","T","E","R","M","E","M","R","B",null,"M","?","$","?","M","E","M","E","T","E","R","?","E","M","R","B",null,"M","$","?","M","?","E","R","M","T","$","M","E","R","E","R","B","B",null,"R","$","E","B"],"character_chosen":"IRONCLAD","items_purchased":["Apotheosis","Uppercut","Shrug It Off","SteroidPotion","ClockworkSouvenir"],"campfire_rested":2,"item_purchase_floors":[20,36,36,36,54],"current_hp_per_floor":[67,65,70,76,76,76,80,80,80,72,72,69,69,67,67,56,74,80,80,80,80,80,66,49,43,43,46,70,70,74,78,78,72,78,80,80,70,76,76,59,59,65,65,65,69,75,75,82,82,49,28,69,82,82,81,0],"gold":67,"neow_bonus":"THREE_RARE_CARDS","is_prod":false,"is_daily":false,"chose_seed":false,"campfire_upgraded":7,"win_rate":0,"timestamp":1550750176,"path_taken":["M","M","?","M","?","R","E","R","T","E","R","M","E","M","R","BOSS","M","?","?","?","M","E","M","E","T","E","R","?","E","M","R","BOSS","M","$","?","M","?","E","R","M","T","$","M","E","R","E","R","BOSS","BOSS","R","$","E","BOSS"],"build_version":"2019-01-23","purchased_purges":2,"victory":false,"max_hp_per_floor":[75,75,80,80,80,80,80,80,80,80,80,80,80,80,80,80,80,80,80,80,80,80,80,80,80,80,80,80,80,80,80,80,80,80,80,80,80,80,80,80,80,80,80,80,80,80,80,82,82,82,82,82,82,82,82,82],"card_choices":[{"not_picked":["Brutality","Reaper"],"picked":"Bludgeon","floor":0},{"not_picked":["Havoc","Wild Strike"],"picked":"Spot Weakness","floor":1},{"not_picked":["Clothesline","Pommel Strike"],"picked":"Metallicize","floor":2},{"not_picked":["Thunderclap","Wild Strike"],"picked":"Clothesline","floor":4},{"not_picked":["Evolve","Thunderclap"],"picked":"Twin Strike","floor":7},{"not_picked":["Shrug It Off","Ghostly Armor"],"picked":"Immolate","floor":10},{"not_picked":["Body Slam","Rupture"],"picked":"True Grit","floor":12},{"not_picked":["Bloodletting","Warcry"],"picked":"Impervious","floor":13},{"not_picked":["Clash","Warcry"],"picked":"Iron Wave","floor":14},{"not_picked":["Barricade","Berserk"],"picked":"Double Tap","floor":16},{"not_picked":["Rage","Clash","Bloodletting"],"picked":"SKIP","floor":18},{"not_picked":["Sentinel","Fire Breathing"],"picked":"Shockwave","floor":22},{"not_picked":["Body Slam","Anger"],"picked":"True Grit","floor":23},{"not_picked":["Pummel","Rage"],"picked":"Spot Weakness","floor":24},{"not_picked":["Shrug It Off","Anger"],"picked":"Feel No Pain+1","floor":25},{"not_picked":["Heavy Blade","Double Tap"],"picked":"Exhume","floor":27},{"not_picked":["Clothesline","Heavy Blade"],"picked":"Impervious","floor":30},{"not_picked":["Reckless Charge","Fire Breathing"],"picked":"Headbutt","floor":31},{"not_picked":["Impervious","Exhume"],"picked":"Juggernaut","floor":33},{"not_picked":["Flex+1"],"picked":"SKIP","floor":35},{"not_picked":["Cleave+1"],"picked":"SKIP","floor":38},{"not_picked":[],"picked":"Combust","floor":40},{"not_picked":["Armaments"],"picked":"SKIP","floor":42},{"not_picked":[],"picked":"Pommel Strike+1","floor":45},{"not_picked":["Sever Soul"],"picked":"SKIP","floor":46},{"not_picked":["Clash"],"picked":"Singing Bowl","floor":48},{"not_picked":[],"picked":"Reaper","floor":55}],"player_experience":395651,"relics_obtained":[{"floor":7,"key":"Centennial Puzzle"},{"floor":10,"key":"Incense Burner"},{"floor":13,"key":"Mummified Hand"},{"floor":23,"key":"Dead Branch"},{"floor":25,"key":"Thread and Needle"},{"floor":26,"key":"Letter Opener"},{"floor":27,"key":"Bronze Scales"},{"floor":30,"key":"Bottled Flame"},{"floor":39,"key":"Gambling Chip"},{"floor":40,"key":"Oddly Smooth Stone"},{"floor":43,"key":"Self Forming Clay"},{"floor":46,"key":"Boot"},{"floor":48,"key":"Singing Bowl"},{"floor":55,"key":"Lantern"}],"event_choices":[{"damage_healed":0,"gold_gain":0,"player_choice":"Donut","damage_taken":0,"max_hp_gain":5,"max_hp_loss":0,"event_name":"Big Fish","floor":3,"gold_loss":0},{"cards_removed":["Writhe"],"damage_healed":0,"gold_gain":0,"player_choice":"Forget","damage_taken":0,"max_hp_gain":0,"max_hp_loss":0,"event_name":"Living Wall","floor":5,"gold_loss":0},{"cards_removed":["Strike_R"],"damage_healed":0,"gold_gain":0,"player_choice":"Offered Basic","damage_taken":0,"max_hp_gain":0,"max_hp_loss":0,"event_name":"Bonfire Elementals","floor":19,"gold_loss":0},{"damage_healed":0,"gold_gain":0,"player_choice":"Simplicity","damage_taken":0,"max_hp_gain":0,"max_hp_loss":0,"event_name":"Back to Basics","floor":21,"gold_loss":0,"cards_upgraded":["Strike_R","Strike_R","Strike_R","Strike_R","Defend_R","Defend_R","Defend_R","Defend_R"]},{"damage_healed":0,"gold_gain":0,"player_choice":"Obtained Relic","damage_taken":0,"relics_obtained":["PreservedInsect"],"max_hp_gain":0,"max_hp_loss":0,"event_name":"Addict","floor":29,"gold_loss":85},{"damage_healed":0,"gold_gain":0,"player_choice":"Memory 3","damage_taken":10,"max_hp_gain":0,"max_hp_loss":0,"event_name":"SensoryStone","floor":37,"gold_loss":0},{"damage_healed":0,"gold_gain":0,"player_choice":"Fight","damage_taken":0,"max_hp_gain":0,"max_hp_loss":0,"event_name":"MindBloom","floor":39,"gold_loss":0}],"is_beta":false,"boss_relics":[{"not_picked":["Ectoplasm","Runic Dome"],"picked":"Snecko Eye"},{"not_picked":["Calling Bell","Pandora\u0027s Box"],"picked":"Busted Crown"}],"items_purged_floors":[36,54],"is_endless":false,"potions_floor_spawned":[4,7,12,13,16,18,23,24,30,39,45,46,55],"killed_by":"The Heart","ascension_level":20}