{"gold_per_floor":[113,93,13,29,29,29,62,83,83,83,119,133,208,249,249,373,373,359,359,359,382,382,425,425,365,388,388],"floor_reached":27,"playtime":808,"items_purged":[],"score":367,"play_id":"c38cffbf-f3c4-4a9d-b3bc-eae86d951dc2","local_time":"20190225234223","is_ascension_mode":true,"campfire_choices":[{"data":"Uppercut","floor":6,"key":"SMITH"},{"data":"Seeing Red","floor":10,"key":"SMITH"},{"floor":15,"key":"REST"},{"data":"Barricade","floor":24,"key":"SMITH"}],"neow_cost":"NONE","seed_source_timestamp":23206907263852,"circlet_count":0,"master_deck":["Strike_R","Strike_R","Strike_R","Strike_R","Strike_R","Defend_R","Defend_R","Defend_R+1","Defend_R","Bash","Warcry","Seeing Red+1","Uppercut+1","Ghostly Armor","Headbutt","Flex","Armaments+1","Barricade+1","Ghostly Armor+1","Warcry","Iron Wave"],"relics":["Burning Blood","NeowsBlessing","Golden Idol","Bird Faced Urn","The Courier","Odd Mushroom","Self Forming Clay","StoneCalendar","Lizard Tail","Letter Opener","Meat on the Bone","War Paint"],"potions_floor_usage":[14,16,23,23],"damage_taken":[{"damage":0,"enemies":"Small Slimes","floor":1,"turns":1},{"damage":0,"enemies":"Cultist","floor":4,"turns":1},{"damage":0,"enemies":"Lagavulin","floor":7,"turns":1},{"damage":3,"enemies":"2 Louse","floor":8,"turns":4},{"damage":33,"enemies":"The Mushroom Lair","floor":11,"turns":5},{"damage":2,"enemies":"Looter","floor":12,"turns":4},{"damage":20,"enemies":"Gremlin Nob","floor":13,"turns":4},{"damage":34,"enemies":"3 Sentries","floor":14,"turns":12},{"damage":19,"enemies":"Hexaghost","floor":16,"turns":8},{"damage":28,"enemies":"2 Thieves","floor":18,"turns":4},{"damage":26,"enemies":"Shell Parasite","floor":21,"turns":8},{"damage":80,"enemies":"Gremlin Leader","floor":23,"turns":9},{"damage":35,"enemies":"Slavers","floor":27,"turns":4}],"seed_played":"-6318165804570767278","potions_obtained":[{"floor":1,"key":"Weak Potion"},{"floor":2,"key":"SneckoOil"},{"floor":11,"key":"FairyPotion"},{"floor":13,"key":"Energy Potion"},{"floor":16,"key":"SteroidPotion"},{"floor":21,"key":"Block Potion"},{"floor":23,"key":"Ancient Potion"}],"is_trial":false,"path_per_floor":["M","?","$","M","?","R","E","M","T","R","?","M","?","E","R","B",null,"M","?","?","M","?","E","R","?","T","E"],"character_chosen":"IRONCLAD","items_purchased":["Seeing Red"],"campfire_rested":1,"item_purchase_floors":[3],"current_hp_per_floor":[78,78,78,80,74,74,74,74,74,74,47,51,37,9,31,18,60,38,38,38,20,44,32,32,32,32,0],"gold":388,"neow_bonus":"THREE_ENEMY_KILL","is_prod":false,"is_daily":false,"chose_seed":false,"campfire_upgraded":3,"win_rate":0,"timestamp":1551091343,"path_taken":["M","?","?","M","?","R","E","M","T","R","?","M","?","E","R","BOSS","M","?","?","?","?","E","R","?","T","E"],"build_version":"2019-01-23","purchased_purges":0,"victory":false,"max_hp_per_floor":[80,80,80,80,74,74,74,74,74,74,74,74,74,74,74,74,74,74,74,74,74,74,74,74,74,74,74],"card_choices":[{"not_picked":["Sever Soul","Burning Pact"],"picked":"Warcry","floor":1},{"not_picked":["Feel No Pain","Bloodletting"],"picked":"Uppercut","floor":4},{"not_picked":["Barricade","Spot Weakness"],"picked":"Ghostly Armor","floor":7},{"not_picked":["Twin Strike","Uppercut"],"picked":"Headbutt","floor":8},{"not_picked":["Spot Weakness","Twin Strike"],"picked":"Flex","floor":11},{"not_picked":["True Grit","Entrench","Clothesline"],"picked":"SKIP","floor":12},{"not_picked":["Warcry","Thunderclap"],"picked":"Armaments","floor":13},{"not_picked":["Searing Blow","Spot Weakness","Clash"],"picked":"SKIP","floor":14},{"not_picked":["Reaper","Impervious"],"picked":"Barricade","floor":16},{"not_picked":["True Grit","Clash+1"],"picked":"Ghostly Armor+1","floor":18},{"not_picked":["Cleave+1","Thunderclap+1"],"picked":"Warcry","floor":21},{"not_picked":["Combust","Fire Breathing"],"picked":"Iron Wave","floor":23}],"player_experience":412727,"relics_obtained":[{"floor":7,"key":"Bird Faced Urn"},{"floor":9,"key":"The Courier"},{"floor":11,"key":"Odd Mushroom"},{"floor":13,"key":"Self Forming Clay"},{"floor":14,"key":"StoneCalendar"},{"floor":23,"key":"Meat on the Bone"},{"floor":26,"key":"War Paint"}],"event_choices":[{"damage_healed":0,"gold_gain":0,"player_choice":"Bought 1 Potion","damage_taken":0,"max_hp_gain":0,"max_hp_loss":0,"event_name":"The Woman in Blue","floor":2,"gold_loss":0},{"damage_healed":0,"gold_gain":0,"player_choice":"Lose Max HP","damage_taken":0,"relics_obtained":["Golden Idol"],"max_hp_gain":0,"max_hp_loss":6,"event_name":"Golden Idol","floor":5,"gold_loss":0},{"damage_healed":0,"gold_gain":0,"player_choice":"Fought Mushrooms","damage_taken":0,"max_hp_gain":0,"max_hp_loss":0,"event_name":"Mushrooms","floor":11,"gold_loss":0},{"damage_healed":0,"gold_gain":0,"player_choice":"Searched \u00272\u0027 times","damage_taken":0,"max_hp_gain":0,"max_hp_loss":0,"event_name":"Dead Adventurer","floor":13,"gold_loss":0},{"damage_healed":0,"gold_gain":0,"player_choice":"Ignored","damage_taken":0,"max_hp_gain":0,"max_hp_loss":0,"event_name":"Ghosts","floor":19,"gold_loss":0},{"damage_healed":0,"gold_gain":0,"player_choice":"Opened","damage_taken":0,"relics_obtained":["Letter Opener"],"max_hp_gain":0,"max_hp_loss":0,"event_name":"The Mausoleum","floor":20,"gold_loss":0,"cards_obtained":["Writhe"]},{"damage_healed":24,"gold_gain":0,"player_choice":"Heal","damage_taken":0,"max_hp_gain":0,"max_hp_loss":0,"event_name":"The Library","floor":22,"gold_loss":0},{"cards_removed":["Writhe"],"damage_healed":0,"gold_gain":0,"player_choice":"Single Remove","damage_taken":0,"max_hp_gain":0,"max_hp_loss":0,"event_name":"Designer","floor":25,"gold_loss":60}],"is_beta":false,"boss_relics":[{"not_picked":["White Beast Statue","Runic Pyramid"],"picked":"Lizard Tail"}],"items_purged_floors":[],"is_endless":false,"potions_floor_spawned":[1,11,13,16,21,23],"killed_by":"Slavers","ascension_level":8}