{"gold_per_floor":[117,117,127,175,190,216,186,216,243,243,168,188,188,199,199,276,276,288,304,156,156,81,81,81,114,139,151,151,66,66,81,81,154,154,172,272,272,322,322,322,597,597,621,637,637,649,330,359,359,359,359],"floor_reached":51,"playtime":8464,"items_purged":["Strike_R","Regret"],"score":1323,"play_id":"f03b3430-0201-415c-9e54-c69aa0300095","local_time":"20190218012930","is_ascension_mode":true,"campfire_choices":[{"data":"Inflame","floor":10.0,"key":"SMITH"},{"data":"Juggernaut","floor":13.0,"key":"SMITH"},{"data":"Battle Trance","floor":15.0,"key":"SMITH"},{"floor":23.0,"key":"REST"},{"data":"Immolate","floor":28.0,"key":"SMITH"},{"data":"Ghostly","floor":32.0,"key":"SMITH"},{"data":"Disarm","floor":40.0,"key":"SMITH"},{"data":"Ghostly","floor":42.0,"key":"SMITH"},{"data":"Ghostly","floor":45.0,"key":"SMITH"},{"floor":49.0,"key":"RECALL"}],"neow_cost":"NONE","seed_source_timestamp":0,"circlet_count":0,"master_deck":["AscendersBane","Defend_R","Defend_R","Defend_R","Defend_R+1","Bash+1","Fiend Fire","Clothesline+1","Anger","Inflame+1","Juggernaut+1","Shrug It Off","Battle Trance+1","Juggernaut","Havoc+1","Intimidate+1","Shrug It Off+1","Dark Shackles","Headbutt","Necronomicurse","Immolate+1","Seeing Red+1","Ghostly+1","Ghostly+1","Ghostly+1","Feed","Warcry","Disarm+1","Dark Shackles","Dark Shackles","Shrug It Off","Headbutt"],"special_seed":0,"relics":["Burning Blood","Pen Nib","Shuriken","PreservedInsect","Whetstone","Astrolabe","Necronomicon","Incense Burner","Smiling Mask","Centennial Puzzle","Coffee Dripper","Ice Cream","Calipers","ClockworkSouvenir","Ancient Tea Set"],"potions_floor_usage":[],"damage_taken":[{"damage":5.0,"enemies":"Small Slimes","floor":1.0,"turns":5.0},{"damage":7.0,"enemies":"Jaw Worm","floor":3.0,"turns":2.0},{"damage":0.0,"enemies":"Cultist","floor":5.0,"turns":3.0},{"damage":8.0,"enemies":"Gremlin Nob","floor":6.0,"turns":3.0},{"damage":15.0,"enemies":"Lagavulin","floor":8.0,"turns":6.0},{"damage":10.0,"enemies":"Exordium Wildlife","floor":12.0,"turns":3.0},{"damage":1.0,"enemies":"2 Fungi Beasts","floor":14.0,"turns":3.0},{"damage":17.0,"enemies":"The Guardian","floor":16.0,"turns":12.0},{"damage":24.0,"enemies":"Chosen","floor":18.0,"turns":5.0},{"damage":17.0,"enemies":"2 Thieves","floor":19.0,"turns":4.0},{"damage":16.0,"enemies":"Slavers","floor":25.0,"turns":4.0},{"damage":12.0,"enemies":"Shelled Parasite and Fungi","floor":27.0,"turns":9.0},{"damage":1.0,"enemies":"Snake Plant","floor":31.0,"turns":9.0},{"damage":10.0,"enemies":"Automaton","floor":33.0,"turns":6.0},{"damage":0.0,"enemies":"3 Darklings","floor":35.0,"turns":4.0},{"damage":0.0,"enemies":"Mind Bloom Boss Battle","floor":36.0,"turns":5.0},{"damage":13.0,"enemies":"2 Orb Walkers","floor":38.0,"turns":2.0},{"damage":1.0,"enemies":"3 Shapes","floor":44.0,"turns":2.0},{"damage":2.0,"enemies":"Maw","floor":46.0,"turns":8.0},{"damage":11.0,"enemies":"Nemesis","floor":48.0,"turns":5.0},{"damage":25.0,"enemies":"Donu and Deca","floor":50.0,"turns":9.0},{"damage":46,"enemies":"Time Eater","floor":51,"turns":11}],"seed_played":"553721526736914275","potions_obtained":[{"floor":3.0,"key":"Energy Potion"},{"floor":7.0,"key":"Explosive Potion"},{"floor":8.0,"key":"PowerPotion"},{"floor":12.0,"key":"Block Potion"},{"floor":16.0,"key":"SpeedPotion"},{"floor":27.0,"key":"FearPotion"},{"floor":33.0,"key":"Strength Potion"},{"floor":44.0,"key":"LiquidBronze"}],"is_trial":false,"path_per_floor":["M","?","M","T","M","E","?","E","T","R","$","M","R","M","R","B",null,"M","M","$","?","?","R","$","E","T","M","R","?","?","M","R","B",null,"M","?","?","?","?","R","?","R","T","M","R","M","$","E","R","B","B"],"character_chosen":"IRONCLAD","items_purchased":["Dark Shackles","Headbutt","Shrug It Off","ClockworkSouvenir"],"campfire_rested":1,"item_purchase_floors":[20,20,47,47],"current_hp_per_floor":[69,46,45,45,51,49,49,40,40,40,40,36,36,41,41,30,64,46,35,35,14,14,36,36,26,26,20,20,20,20,25,25,21,33,40,43,43,36,31,31,31,31,31,36,36,43,43,41,41,25,0],"gold":359,"neow_bonus":"ONE_RANDOM_RARE_CARD","is_prod":false,"is_daily":false,"chose_seed":false,"campfire_upgraded":8,"win_rate":0,"timestamp":1550406570,"path_taken":["M","?","M","?","M","E","?","E","T","R","$","?","R","M","R","BOSS","M","M","$","?","?","R","$","E","T","M","R","?","?","M","R","BOSS","M","?","?","?","?","R","?","R","T","M","R","?","$","E","R","BOSS","BOSS"],"build_version":"2019-01-23","purchased_purges":2,"victory":false,"max_hp_per_floor":[75,75,75,75,75,75,75,75,75,75,75,75,75,75,75,75,75,75,75,75,75,75,75,75,75,75,75,75,75,37,37,37,37,37,40,43,43,43,43,43,43,43,43,43,43,46,46,49,49,52,52],"card_choices":[{"not_picked":["Body Slam","Flex"],"picked":"Clothesline","floor":1.0},{"not_picked":["Flex","Thunderclap"],"picked":"Anger","floor":3.0},{"not_picked":["Infernal Blade","Headbutt"],"picked":"Inflame","floor":5.0},{"not_picked":["Heavy Blade","Warcry"],"picked":"Juggernaut","floor":6.0},{"not_picked":["Dropkick","Anger","Warcry"],"picked":"SKIP","floor":8.0},{"not_picked":["Rampage","Dropkick"],"picked":"Shrug It Off","floor":12.0},{"not_picked":["Armaments","Heavy Blade"],"picked":"Battle Trance","floor":14.0},{"not_picked":["Berserk","Bludgeon"],"picked":"Juggernaut","floor":16.0},{"not_picked":["Havoc+1","Twin Strike"],"picked":"Shrug It Off+1","floor":18.0},{"not_picked":["Clash","Flex","Armaments"],"picked":"SKIP","floor":19.0},{"not_picked":["Anger","Sword Boomerang"],"picked":"Immolate","floor":25.0},{"not_picked":["Twin Strike","Sever Soul+1"],"picked":"Seeing Red+1","floor":27.0},{"not_picked":["Flex","Dropkick","Anger"],"picked":"SKIP","floor":31.0},{"not_picked":["Exhume","Berserk"],"picked":"Feed","floor":33.0},{"not_picked":["Body Slam","Sever Soul"],"picked":"Warcry","floor":35.0},{"not_picked":["Headbutt","Reaper"],"picked":"Disarm","floor":38.0},{"not_picked":["Flash of Steel","Swift Strike"],"picked":"Dark Shackles","floor":39.0},{"not_picked":["Secret Technique","Blind"],"picked":"Dark Shackles","floor":39.0},{"not_picked":["Twin Strike","Rampage","Pommel Strike"],"picked":"SKIP","floor":44.0},{"not_picked":["Twin Strike","Rampage","Pommel Strike"],"picked":"SKIP","floor":44.0},{"not_picked":["Searing Blow","Flex","Havoc"],"picked":"SKIP","floor":46.0},{"not_picked":["Sword Boomerang","Heavy Blade"],"picked":"Headbutt","floor":48.0}],"player_experience":315106,"relics_obtained":[{"floor":4.0,"key":"Pen Nib"},{"floor":6.0,"key":"Shuriken"},{"floor":8.0,"key":"PreservedInsect"},{"floor":9.0,"key":"Whetstone"},{"floor":21.0,"key":"Necronomicon"},{"floor":25.0,"key":"Incense Burner"},{"floor":26.0,"key":"Smiling Mask"},{"floor":36.0,"key":"Ice Cream"},{"floor":38.0,"key":"Calipers"},{"floor":48.0,"key":"Ancient Tea Set"}],"event_choices":[{"damage_healed":0.0,"max_hp_gain":0.0,"max_hp_loss":0.0,"gold_gain":0.0,"event_name":"Shining Light","player_choice":"Entered Light","floor":2.0,"gold_loss":0.0,"damage_taken":23.0,"cards_upgraded":["Defend_R","Strike_R"]},{"damage_healed":0.0,"max_hp_gain":0.0,"max_hp_loss":0.0,"gold_gain":0.0,"event_name":"The Woman in Blue","player_choice":"Bought 2 Potions","floor":7.0,"gold_loss":0.0,"damage_taken":0.0},{"damage_healed":0.0,"max_hp_gain":0.0,"max_hp_loss":0.0,"gold_gain":0.0,"event_name":"Cursed Tome","player_choice":"Obtained Book","floor":21.0,"gold_loss":0.0,"damage_taken":21.0},{"cards_removed":["Strike_R"],"damage_healed":0.0,"max_hp_gain":0.0,"max_hp_loss":0.0,"gold_gain":0.0,"event_name":"Beggar","player_choice":"Gave Gold","floor":22.0,"gold_loss":75.0,"damage_taken":0.0},{"damage_healed":0.0,"max_hp_gain":0.0,"max_hp_loss":0.0,"gold_gain":0.0,"event_name":"Addict","player_choice":"Obtained Relic","floor":29.0,"gold_loss":85.0,"damage_taken":0.0,"relics_obtained":["Centennial Puzzle"]},{"damage_healed":0.0,"max_hp_gain":0.0,"max_hp_loss":38.0,"gold_gain":0.0,"event_name":"Ghosts","player_choice":"Became a Ghost","floor":30.0,"gold_loss":0.0,"damage_taken":0.0,"cards_obtained":["Ghostly","Ghostly","Ghostly"]},{"damage_healed":0.0,"max_hp_gain":0.0,"max_hp_loss":0.0,"gold_gain":0.0,"event_name":"MindBloom","player_choice":"Fight","floor":36.0,"gold_loss":0.0,"damage_taken":0.0},{"cards_removed":["Dark Embrace"],"damage_healed":0.0,"max_hp_gain":0.0,"max_hp_loss":0.0,"gold_gain":0.0,"event_name":"Falling","player_choice":"Removed Power","floor":37.0,"gold_loss":0.0,"damage_taken":0.0},{"damage_healed":0.0,"max_hp_gain":0.0,"max_hp_loss":0.0,"gold_gain":0.0,"event_name":"Mysterious Sphere","player_choice":"Fight","floor":38.0,"gold_loss":0.0,"damage_taken":0.0},{"damage_healed":0.0,"max_hp_gain":0.0,"max_hp_loss":0.0,"gold_gain":0.0,"event_name":"SensoryStone","player_choice":"Memory 2","floor":39.0,"gold_loss":0.0,"damage_taken":5.0},{"damage_healed":0.0,"max_hp_gain":0.0,"max_hp_loss":0.0,"gold_gain":275.0,"event_name":"Golden Shrine","player_choice":"Desecrate","floor":41.0,"gold_loss":0.0,"damage_taken":0.0,"cards_obtained":["Regret"]}],"is_beta":false,"boss_relics":[{"not_picked":["Tiny House","Orrery"],"picked":"Astrolabe"},{"not_picked":["White Beast Statue","Runic Cube"],"picked":"Coffee Dripper"}],"items_purged_floors":[11,47],"is_endless":false,"potions_floor_spawned":[3,8,12,16,27,31,33,36,44],"killed_by":"Time Eater","ascension_level":20}