{"gold_per_floor":[111,126,146,65,84,84,118,118,170,203,36,36,36,36,36,112,112,126,143,193,193,63,63,63,63,89,89,4,19,45,61,61,61],"floor_reached":33,"playtime":2286,"items_purged":["Strike_G"],"score":567,"play_id":"7c188832-4037-4866-ba11-e2b4f6a2906a","local_time":"20190301190925","is_ascension_mode":true,"campfire_choices":[{"data":"Glass Knife","floor":6,"key":"SMITH"},{"floor":8,"key":"REST"},{"data":"Well Laid Plans","floor":12,"key":"SMITH"},{"data":"Neutralize","floor":15,"key":"SMITH"},{"data":"Catalyst","floor":23,"key":"SMITH"},{"data":"Malaise","floor":25,"key":"SMITH"},{"data":"Bouncing Flask","floor":27,"key":"SMITH"},{"floor":32,"key":"REST"}],"neow_cost":"PERCENT_DAMAGE","seed_source_timestamp":28214646818807,"circlet_count":0,"master_deck":["AscendersBane","Defend_G","Defend_G","Defend_G","Defend_G","Defend_G+1","Strike_G","Strike_G","Survivor","Neutralize+1","All Out Attack","Glass Knife+1","Predator","Backflip+1","Dagger Throw","Sucker Punch","Catalyst+1","Well Laid Plans+1","Malaise+1","Bouncing Flask+1","Backflip","Slice","Predator","Deflect","Poisoned Stab","Poisoned Stab"],"relics":["Ring of the Snake","Pear","War Paint","Happy Flower","Philosopher\u0027s Stone","Lantern","WingedGreaves","Omamori"],"potions_floor_usage":[7,10,16,16,30,33],"damage_taken":[{"damage":21,"enemies":"Cultist","floor":1,"turns":7},{"damage":0,"enemies":"Small Slimes","floor":2,"turns":4},{"damage":0,"enemies":"Jaw Worm","floor":3,"turns":3},{"damage":11,"enemies":"Exordium Wildlife","floor":5,"turns":5},{"damage":18,"enemies":"3 Sentries","floor":7,"turns":8},{"damage":19,"enemies":"Lagavulin","floor":10,"turns":7},{"damage":21,"enemies":"Hexaghost","floor":16,"turns":13},{"damage":18,"enemies":"Spheric Guardian","floor":18,"turns":4},{"damage":4,"enemies":"3 Byrds","floor":19,"turns":6},{"damage":14,"enemies":"Snake Plant","floor":29,"turns":3},{"damage":9,"enemies":"Gremlin Leader","floor":30,"turns":6},{"damage":8,"enemies":"Centurion and Healer","floor":31,"turns":4},{"damage":48,"enemies":"Automaton","floor":33,"turns":10}],"seed_played":"-7872364035887032825","potions_obtained":[{"floor":2,"key":"Weak Potion"},{"floor":7,"key":"GhostInAJar"},{"floor":10,"key":"Energy Potion"},{"floor":16,"key":"FearPotion"},{"floor":29,"key":"GhostInAJar"},{"floor":30,"key":"Ancient Potion"}],"is_trial":false,"path_per_floor":["M","M","M","$","M","R","E","R","T","E","$","R","?","?","R","B",null,"M","M","?","?","$","R","?","R","T","R","?","M","E","M","R","B"],"character_chosen":"THE_SILENT","items_purchased":["GhostInAJar","Catalyst","Well Laid Plans","PowerPotion"],"campfire_rested":2,"item_purchase_floors":[4,11,11,22],"current_hp_per_floor":[35,35,35,35,24,24,16,42,42,23,23,23,5,34,34,13,69,51,47,47,47,47,47,47,47,47,47,47,33,24,16,42,0],"gold":61,"neow_bonus":"TWENTY_PERCENT_HP_BONUS","is_prod":false,"is_daily":false,"chose_seed":false,"campfire_upgraded":6,"win_rate":0,"timestamp":1551420565,"path_taken":["M","?","M","$","M","R","E","R","T","E","$","R","?","?","R","BOSS","M","M","?","?","$","R","?","R","T","R","?","M","E","M","R","BOSS"],"build_version":"2019-01-23","purchased_purges":1,"victory":false,"max_hp_per_floor":[78,78,78,78,78,78,88,88,88,88,88,88,88,88,88,88,88,88,88,88,88,88,88,88,88,88,88,88,88,88,88,88,88],"card_choices":[{"not_picked":["Backflip","Flying Knee"],"picked":"All Out Attack","floor":1},{"not_picked":["Poisoned Stab","Calculated Gamble"],"picked":"Glass Knife","floor":2},{"not_picked":["Dagger Throw","Deflect"],"picked":"Predator","floor":3},{"not_picked":["Blade Dance","Bane"],"picked":"Backflip","floor":5},{"not_picked":["Backflip","Dodge and Roll"],"picked":"Dagger Throw","floor":7},{"not_picked":["Quick Slash","Acrobatics"],"picked":"Sucker Punch","floor":10},{"not_picked":["Wraith Form v2","Night Terror"],"picked":"Malaise","floor":16},{"not_picked":["Underhanded Strike","Setup"],"picked":"Bouncing Flask","floor":18},{"not_picked":["Quick Slash","Expertise+1"],"picked":"Backflip","floor":19},{"not_picked":["Dagger Spray","Predator"],"picked":"Deflect","floor":29},{"not_picked":["Skewer","Underhanded Strike"],"picked":"Poisoned Stab","floor":30},{"not_picked":["Deflect","Expertise"],"picked":"Poisoned Stab","floor":31}],"player_experience":528888,"relics_obtained":[{"floor":7,"key":"Pear"},{"floor":9,"key":"War Paint"},{"floor":10,"key":"Happy Flower"},{"floor":26,"key":"Lantern"},{"floor":30,"key":"Omamori"}],"event_choices":[{"damage_healed":0,"gold_gain":0,"player_choice":"Fled","damage_taken":18,"max_hp_gain":0,"max_hp_loss":0,"event_name":"Scrap Ooze","floor":13,"gold_loss":0},{"damage_healed":29,"gold_gain":0,"player_choice":"Banana","damage_taken":0,"max_hp_gain":0,"max_hp_loss":0,"event_name":"Big Fish","floor":14,"gold_loss":0},{"damage_healed":0,"gold_gain":50,"player_choice":"Stole From Cult","damage_taken":0,"max_hp_gain":0,"max_hp_loss":0,"event_name":"Nest","floor":20,"gold_loss":0},{"damage_healed":0,"gold_gain":0,"player_choice":"Ignored","damage_taken":0,"max_hp_gain":0,"max_hp_loss":0,"event_name":"Ghosts","floor":21,"gold_loss":0},{"damage_healed":0,"gold_gain":0,"cards_transformed":["Strike_G","Strike_G"],"player_choice":"Became Test Subject","damage_taken":0,"max_hp_gain":0,"max_hp_loss":0,"event_name":"Drug Dealer","floor":24,"gold_loss":0,"cards_obtained":["Slice","Predator"]},{"damage_healed":0,"gold_gain":0,"player_choice":"Obtained Relic","damage_taken":0,"relics_obtained":["WingedGreaves"],"max_hp_gain":0,"max_hp_loss":0,"event_name":"Addict","floor":28,"gold_loss":85}],"is_beta":false,"boss_relics":[{"not_picked":["Astrolabe","Eternal Feather"],"picked":"Philosopher\u0027s Stone"}],"items_purged_floors":[22],"is_endless":false,"potions_floor_spawned":[2,7,10,16,29,30],"killed_by":"Automaton","ascension_level":20}