{"gold_per_floor":[114,64,76,5,180,213,231,231,231,186,204,279,279,177,177,177],"floor_reached":16,"playtime":1357,"items_purged":["Strike_G"],"score":123,"play_id":"257c2706-9dea-4282-af22-2d70b948f415","local_time":"20180702024651","is_ascension_mode":false,"campfire_choices":[{"data":"Footwork","floor":13,"key":"SMITH"},{"floor":15,"key":"REST"}],"neow_cost":"NONE","seed_source_timestamp":54450559930966,"circlet_count":0,"master_deck":["Defend_G","Defend_G","Defend_G","Defend_G","Defend_G","Strike_G","Strike_G","Strike_G","Survivor","Neutralize","Outmaneuver","Footwork+1","Doubt","Footwork","Prepared+1","Dodge and Roll","Deadly Poison"],"relics":["Ring of the Snake","NeowsBlessing","Meat on the Bone","Bag of Marbles"],"potions_floor_usage":[16,16],"damage_taken":[{"damage":0,"enemies":"Small Slimes","floor":1,"turns":1},{"damage":0,"enemies":"2 Louse","floor":3,"turns":1},{"damage":0,"enemies":"3 Sentries","floor":6,"turns":2},{"damage":0,"enemies":"Jaw Worm","floor":7,"turns":10},{"damage":0,"enemies":"Looter","floor":10,"turns":5},{"damage":10,"enemies":"Exordium Thugs","floor":11,"turns":9},{"damage":72,"enemies":"Slime Boss","floor":16,"turns":14}],"seed_played":"-1055725174299943775","potions_obtained":[{"floor":7,"key":"LiquidBronze"},{"floor":11,"key":"EssenceOfSteel"}],"is_trial":false,"path_per_floor":["M","?","M","$","?","E","M","?","T","M","M","?","R","$","R"],"character_chosen":"THE_SILENT","items_purchased":["Footwork","Deadly Poison"],"campfire_rested":1,"item_purchase_floors":[4,14],"current_hp_per_floor":[70,70,70,70,70,70,70,70,70,70,60,49,49,49,70,0],"gold":177,"neow_bonus":"THREE_ENEMY_KILL","is_prod":false,"is_daily":false,"chose_seed":false,"campfire_upgraded":1,"win_rate":0.0,"timestamp":1530514011,"path_taken":["M","?","M","$","?","E","M","?","T","M","M","?","R","$","R","BOSS"],"build_version":"2018-06-28","purchased_purges":1,"victory":false,"max_hp_per_floor":[70,70,70,70,70,70,70,70,70,70,70,70,70,70,70,70],"card_choices":[{"not_picked":["Sucker Punch","Poisoned Stab","Endless Agony"],"picked":"SKIP","floor":1},{"not_picked":["Dagger Spray","Underhanded Strike"],"picked":"Outmaneuver","floor":3},{"not_picked":["Leg Sweep","Riddle With Holes"],"picked":"Footwork","floor":6},{"not_picked":["Underhanded Strike","Heel Hook"],"picked":"Prepared","floor":7},{"not_picked":["Backflip","Bane"],"picked":"Dodge and Roll","floor":10},{"not_picked":["Bane","Dagger Throw","All Out Attack"],"picked":"SKIP","floor":11}],"player_experience":77009,"relics_obtained":[{"floor":6,"key":"Meat on the Bone"},{"floor":9,"key":"Bag of Marbles"}],"event_choices":[{"event_name":"The Cleric","player_choice":"Card Removal","floor":2,"damage_taken":0},{"event_name":"Liars Game","player_choice":"agreed","floor":5,"damage_taken":0},{"event_name":"Upgrade Shrine","player_choice":"Upgraded","floor":8,"damage_taken":0},{"event_name":"World of Goop","player_choice":"Gather Gold","floor":12,"damage_taken":0}],"boss_relics":[],"items_purged_floors":[14],"is_endless":false,"potions_floor_spawned":[7,11],"killed_by":"Slime Boss","ascension_level":0}