{"path_per_floor":["M","M","M","M","?","E","$","R","T","M","?","$","M","?","R","B",null,"M","M"],"character_chosen":"IRONCLAD","items_purchased":["Bag of Preparation","Energy Potion"],"gold_per_floor":[117,137,157,169,169,204,0,0,0,15,15,15,32,32,32,136,136,155,171,171],"floor_reached":20,"campfire_rested":1,"playtime":1230,"item_purchase_floors":[],"current_hp_per_floor":[77,77,80,80,80,51,51,51,51,57,57,57,54,38,62,25,80,48,17,0],"items_purged":[],"gold":171,"score":176,"play_id":"1897cf8e-947c-4a58-b3c9-e388b70298f8","local_time":"20180617022356","is_prod":false,"is_daily":false,"chose_seed":false,"is_ascension_mode":false,"campfire_upgraded":1,"win_rate":0.0,"timestamp":1529216636,"campfire_choices":[{"data":"Rampage","floor":8.0,"key":"SMITH"},{"floor":15.0,"key":"REST"}],"path_taken":["M","M","M","M","?","E","$","R","T","M","?","?","M","?","R","BOSS","M","M","?"],"build_version":"2018-06-14v2","seed_source_timestamp":0,"purchased_purges":0,"victory":false,"master_deck":["Strike_R","Strike_R+1","Strike_R","Strike_R","Strike_R","Defend_R","Defend_R","Defend_R+1","Defend_R","Bash","Perfected Strike","Perfected Strike","Wild Strike","Rampage+1","Thunderclap","Evolve","Fiend Fire","True Grit","Battle Trance+1"],"max_hp_per_floor":[80,80,80,80,80,80,80,80,80,80,80,80,80,80,80,80,80,80,80,80],"special_seed":0,"relics":["Burning Blood","Champion Belt","Bottled Flame","Bag of Preparation","Ornamental Fan","Black Star"],"card_choices":[{"not_picked":["Feel No Pain","Clash"],"picked":"Perfected Strike","floor":1.0},{"not_picked":["Clothesline","Infernal Blade"],"picked":"Perfected Strike","floor":2.0},{"not_picked":["Burning Pact","True Grit"],"picked":"Wild Strike","floor":3.0},{"not_picked":["Flame Barrier","Blood for Blood"],"picked":"Rampage","floor":4.0},{"not_picked":["Flame Barrier","Anger"],"picked":"Thunderclap","floor":6.0},{"not_picked":["Shrug It Off","Carnage"],"picked":"Evolve","floor":10.0},{"not_picked":["Perfected Strike","Heavy Blade","Anger"],"picked":"SKIP","floor":13.0},{"not_picked":["Bludgeon","Immolate"],"picked":"Fiend Fire","floor":16.0},{"not_picked":["Perfected Strike","Clothesline"],"picked":"True Grit","floor":18},{"not_picked":["Clothesline","Barricade"],"picked":"Battle Trance+1","floor":19}],"player_experience":35605,"potions_floor_usage":[20],"damage_taken":[{"damage":9.0,"enemies":"Small Slimes","floor":1.0,"turns":4.0},{"damage":6.0,"enemies":"2 Louse","floor":2.0,"turns":2.0},{"damage":1.0,"enemies":"Jaw Worm","floor":3.0,"turns":3.0},{"damage":5.0,"enemies":"2 Fungi Beasts","floor":4.0,"turns":3.0},{"damage":35.0,"enemies":"Lagavulin","floor":6.0,"turns":6.0},{"damage":0.0,"enemies":"Blue Slaver","floor":10.0,"turns":1.0},{"damage":9.0,"enemies":"Red Slaver","floor":13.0,"turns":2.0},{"damage":43.0,"enemies":"The Guardian","floor":16.0,"turns":12.0},{"damage":38,"enemies":"2 Thieves","floor":18,"turns":4},{"damage":37,"enemies":"Shell Parasite","floor":19,"turns":6},{"damage":23,"enemies":"3 Cultists","floor":20,"turns":5}],"relics_obtained":[{"floor":6.0,"key":"Bottled Flame"},{"floor":9.0,"key":"Ornamental Fan"}],"event_choices":[{"event_name":"Big Fish","player_choice":"Box","floor":5.0,"damage_taken":0.0},{"event_name":"Living Wall","player_choice":"Forget","floor":11.0,"damage_taken":0.0},{"event_name":"Shining Light","player_choice":"Entered Light","floor":14.0,"damage_taken":0.0}],"boss_relics":[{"not_picked":["Cursed Key","Philosopher\u0027s Stone"],"picked":"Black Star"}],"items_purged_floors":[],"is_endless":false,"potions_floor_spawned":[1,3,13,18],"seed_played":"-7186783275705493395","killed_by":"3 Cultists","ascension_level":0,"potions_obtained":[{"floor":1.0,"key":"LiquidBronze"},{"floor":3.0,"key":"Block Potion"},{"floor":13.0,"key":"FearPotion"},{"floor":18,"key":"Dexterity Potion"}],"is_trial":false}