{"gold_per_floor":[115,130,146,321,321,359,359,359],"floor_reached":8,"playtime":221,"items_purged":[],"score":73,"play_id":"434c6536-ce4c-4740-9a58-bb2a4fafe8e7","local_time":"20190224122805","is_ascension_mode":true,"campfire_choices":[{"data":"White Noise","floor":7,"key":"SMITH"}],"neow_cost":"NONE","seed_source_timestamp":166544703594808,"circlet_count":0,"master_deck":["Strike_B","Strike_B","Strike_B","Strike_B","Defend_B","Defend_B","Defend_B","Defend_B","Zap","Dualcast","White Noise","White Noise+1","Darkness","Doubt","Leap"],"relics":["Cracked Core","NeowsBlessing","Golden Idol","Bronze Scales"],"potions_floor_usage":[6],"damage_taken":[{"damage":0,"enemies":"Cultist","floor":1,"turns":1},{"damage":0,"enemies":"2 Louse","floor":2,"turns":1},{"damage":0,"enemies":"Small Slimes","floor":3,"turns":1},{"damage":27,"enemies":"3 Sentries","floor":6,"turns":6},{"damage":58,"enemies":"Gremlin Nob","floor":8,"turns":5}],"seed_played":"-512254365802169760","potions_obtained":[{"floor":2,"key":"Explosive Potion"},{"floor":6,"key":"Ancient Potion"}],"is_trial":false,"path_per_floor":["M","M","M","?","?","E","R","E"],"character_chosen":"DEFECT","items_purchased":[],"campfire_rested":0,"item_purchase_floors":[],"current_hp_per_floor":[68,68,68,68,68,41,41,0],"gold":359,"neow_bonus":"THREE_ENEMY_KILL","is_prod":false,"is_daily":false,"chose_seed":false,"campfire_upgraded":1,"win_rate":0,"timestamp":1551040085,"path_taken":["M","?","M","?","?","E","R","E"],"build_version":"2019-01-23","purchased_purges":0,"victory":false,"max_hp_per_floor":[75,75,75,75,69,69,69,69],"card_choices":[{"not_picked":["Go for the Eyes","Consume"],"picked":"White Noise","floor":1},{"not_picked":["Compile Driver","Static Discharge"],"picked":"White Noise","floor":2},{"not_picked":["Hologram","Melter"],"picked":"Darkness","floor":3},{"not_picked":["Rebound","Lockon"],"picked":"Leap","floor":6}],"player_experience":423588,"relics_obtained":[{"floor":6,"key":"Bronze Scales"}],"event_choices":[{"damage_healed":0,"gold_gain":175,"player_choice":"AGREE","damage_taken":0,"max_hp_gain":0,"max_hp_loss":0,"event_name":"Liars Game","floor":4,"gold_loss":0,"cards_obtained":["Doubt"]},{"damage_healed":0,"gold_gain":0,"player_choice":"Lose Max HP","damage_taken":0,"relics_obtained":["Golden Idol"],"max_hp_gain":0,"max_hp_loss":6,"event_name":"Golden Idol","floor":5,"gold_loss":0}],"is_beta":false,"boss_relics":[],"items_purged_floors":[],"is_endless":false,"potions_floor_spawned":[2,6],"killed_by":"Gremlin Nob","ascension_level":6}