{"gold_per_floor":[219,219,219,4,4,4,32,32,32,58,58,29,29,63,63,63],"floor_reached":16,"playtime":7710,"items_purged":[],"score":224,"play_id":"51b674e4-b6f5-414c-8150-37e58f015d56","local_time":"20190221213517","is_ascension_mode":true,"campfire_choices":[{"data":"Perfected Strike","floor":6,"key":"SMITH"},{"data":"Bash","floor":8,"key":"SMITH"},{"data":"Disarm","floor":11,"key":"SMITH"},{"floor":13,"key":"REST"},{"data":"True Grit","floor":15,"key":"SMITH"}],"neow_cost":"NONE","seed_source_timestamp":0,"circlet_count":0,"master_deck":["AscendersBane","Strike_R","Strike_R","Strike_R","Strike_R","Defend_R","Defend_R","Defend_R","Defend_R","Bash+1","Perfected Strike+1","Spot Weakness","Disarm+1","True Grit+1"],"special_seed":0,"relics":["Burning Blood","Du-Vu Doll","Happy Flower","Girya","Matryoshka","Bag of Marbles","Frozen Egg 2"],"potions_floor_usage":[14],"damage_taken":[{"damage":10,"enemies":"2 Louse","floor":1,"turns":3},{"damage":15,"enemies":"Lagavulin","floor":7,"turns":7},{"damage":25,"enemies":"3 Sentries","floor":10,"turns":8},{"damage":20,"enemies":"Lagavulin","floor":14,"turns":7},{"damage":26,"enemies":"The Guardian","floor":16,"turns":11}],"seed_played":"-1674817116786375732","potions_obtained":[{"floor":10,"key":"EssenceOfSteel"}],"is_trial":false,"path_per_floor":["M","?","?","$","?","R","E","R","T","E","R","$","R","E","R","B"],"character_chosen":"IRONCLAD","items_purchased":["Perfected Strike","Happy Flower","True Grit"],"campfire_rested":1,"item_purchase_floors":[4,4,12],"current_hp_per_floor":[64,53,46,46,46,46,37,37,37,18,18,18,40,26,26,0],"gold":63,"neow_bonus":"HUNDRED_GOLD","is_prod":false,"is_daily":false,"chose_seed":false,"campfire_upgraded":4,"win_rate":0,"timestamp":1550738117,"path_taken":["M","?","?","$","?","R","E","R","T","E","R","$","R","E","R","BOSS"],"build_version":"2019-01-23","purchased_purges":0,"victory":false,"max_hp_per_floor":[75,75,75,75,75,75,75,75,75,75,75,75,75,75,75,75],"card_choices":[{"not_picked":["Sword Boomerang","Flex","Wild Strike"],"picked":"SKIP","floor":1},{"not_picked":["Heavy Blade","Clash"],"picked":"Spot Weakness","floor":7},{"not_picked":["Anger","Corruption"],"picked":"Disarm","floor":10},{"not_picked":["Clash","Anger","Entrench"],"picked":"SKIP","floor":14}],"player_experience":380806,"relics_obtained":[{"floor":7,"key":"Girya"},{"floor":9,"key":"Matryoshka"},{"floor":10,"key":"Bag of Marbles"},{"floor":14,"key":"Frozen Egg 2"}],"event_choices":[{"damage_healed":0,"gold_gain":0,"player_choice":"Success","damage_taken":11,"relics_obtained":["Du-Vu Doll"],"max_hp_gain":0,"max_hp_loss":0,"event_name":"Scrap Ooze","floor":2,"gold_loss":0},{"cards_removed":["Strike_R"],"damage_healed":0,"gold_gain":0,"player_choice":"Card Removal","damage_taken":7,"max_hp_gain":0,"max_hp_loss":0,"event_name":"Golden Wing","floor":3,"gold_loss":0},{"damage_healed":0,"gold_gain":0,"player_choice":"Leave","damage_taken":0,"max_hp_gain":0,"max_hp_loss":0,"event_name":"The Cleric","floor":5,"gold_loss":0}],"is_beta":false,"boss_relics":[],"items_purged_floors":[],"is_endless":false,"potions_floor_spawned":[10],"killed_by":"The Guardian","ascension_level":20}