{"gold_per_floor":[118,42,5,5,17,17,37,69,69,69,103,103,117,150,150,150],"floor_reached":16,"playtime":634,"items_purged":[],"score":236,"play_id":"e9441aba-bf12-45b8-b04b-a3cc28f404a4","local_time":"20190302150457","is_ascension_mode":true,"campfire_choices":[{"data":"Uppercut","floor":6,"key":"SMITH"},{"data":"Hemokinesis","floor":10,"key":"SMITH"},{"floor":12,"key":"REST"},{"data":"Shockwave","floor":15,"key":"SMITH"}],"neow_cost":"NONE","seed_source_timestamp":12866177408475,"circlet_count":0,"master_deck":["AscendersBane","Strike_R","Strike_R","Strike_R","Strike_R","Defend_R","Defend_R","Defend_R","Defend_R","Bash","Uppercut+1","Corruption","Hemokinesis+1","Headbutt","Pommel Strike","Sentinel","Sword Boomerang+1","Shockwave+1"],"relics":["Burning Blood","NeowsBlessing","Du-Vu Doll","Bottled Flame","Molten Egg 2","Anchor"],"potions_floor_usage":[14],"damage_taken":[{"damage":0,"enemies":"Cultist","floor":1,"turns":1},{"damage":0,"enemies":"2 Louse","floor":5,"turns":1},{"damage":0,"enemies":"Jaw Worm","floor":7,"turns":1},{"damage":46,"enemies":"3 Sentries","floor":8,"turns":7},{"damage":17,"enemies":"Lagavulin","floor":11,"turns":5},{"damage":9,"enemies":"Blue Slaver","floor":13,"turns":2},{"damage":28,"enemies":"3 Sentries","floor":14,"turns":7},{"damage":25,"enemies":"Hexaghost","floor":16,"turns":7}],"seed_played":"10514785539928333","potions_obtained":[{"floor":1,"key":"SmokeBomb"},{"floor":7,"key":"Dexterity Potion"},{"floor":13,"key":"SpeedPotion"}],"is_trial":false,"path_per_floor":["M","$","$","?","M","R","M","E","T","R","E","R","M","E","R","B"],"character_chosen":"IRONCLAD","items_purchased":["Uppercut","Corruption"],"campfire_rested":1,"item_purchase_floors":[2,3],"current_hp_per_floor":[74,74,74,74,75,75,75,35,35,35,24,46,43,21,21,0],"gold":150,"neow_bonus":"THREE_ENEMY_KILL","is_prod":false,"is_daily":false,"chose_seed":false,"campfire_upgraded":3,"win_rate":0,"timestamp":1551492297,"path_taken":["M","?","$","?","?","R","M","E","T","R","E","R","M","E","R","BOSS"],"build_version":"2019-01-23","purchased_purges":0,"victory":false,"max_hp_per_floor":[75,75,75,75,75,75,75,75,75,75,75,75,75,75,75,75],"card_choices":[{"not_picked":["Rage","Clash","Entrench"],"picked":"SKIP","floor":1},{"not_picked":["Iron Wave","Thunderclap"],"picked":"Hemokinesis","floor":5},{"not_picked":["Carnage","Power Through"],"picked":"Headbutt","floor":7},{"not_picked":["Burning Pact","Reckless Charge"],"picked":"Pommel Strike","floor":8},{"not_picked":["Fiend Fire","Burning Pact"],"picked":"Sentinel","floor":11},{"not_picked":["Heavy Blade+1","Twin Strike+1"],"picked":"Sword Boomerang+1","floor":13},{"not_picked":["Warcry","Seeing Red"],"picked":"Shockwave","floor":14}],"player_experience":559986,"relics_obtained":[{"floor":8,"key":"Du-Vu Doll"},{"floor":9,"key":"Bottled Flame"},{"floor":11,"key":"Molten Egg 2"},{"floor":14,"key":"Anchor"}],"event_choices":[{"cards_removed":["Strike_R"],"damage_healed":0,"gold_gain":0,"player_choice":"Offered Basic","damage_taken":0,"max_hp_gain":0,"max_hp_loss":0,"event_name":"Bonfire Elementals","floor":4,"gold_loss":0}],"is_beta":false,"boss_relics":[],"items_purged_floors":[],"is_endless":false,"potions_floor_spawned":[1,7,13],"killed_by":"Hexaghost","ascension_level":20}