{"gold_per_floor":[114,129,129,23,23,53,53,83,158,158,188,203,233,248,248,348,348,363,463,478,493,45,45],"floor_reached":23,"playtime":1417,"items_purged":[],"score":269,"play_id":"fac9c8b7-3487-46a4-8c9b-48734479ebe2","local_time":"20190221095244","daily_mods":["Heirloom","Time Dilation","Elite Swarm"],"is_ascension_mode":false,"campfire_choices":[{"data":"Catalyst","floor":7,"key":"SMITH"},{"data":"Neutralize","floor":10,"key":"SMITH"},{"data":"Bouncing Flask","floor":15,"key":"SMITH"}],"neow_cost":"","seed_source_timestamp":0,"circlet_count":0,"master_deck":["Defend_G","Defend_G","Defend_G","Defend_G","Strike_G","Strike_G","Strike_G","Strike_G","Strike_G","Survivor","Neutralize+1","Deadly Poison","Catalyst+1","Heel Hook","Crippling Poison","Dagger Throw","Corpse Explosion","Envenom","After Image+1","Flying Knee","Night Terror","Bouncing Flask+1","Envenom+1","Bane","Blur","Calculated Gamble","Poisoned Stab","Noxious Fumes+1","Flash of Steel","Adrenaline"],"special_seed":17948,"relics":["Ring of the Serpent","The Specimen","FossilizedHelix","Centennial Puzzle","Frozen Egg 2","Ancient Tea Set","Sundial","Nunchaku","The Courier","Oddly Smooth Stone"],"potions_floor_usage":[12,21,21,23,23],"damage_taken":[{"damage":0,"enemies":"2 Louse","floor":1,"turns":3},{"damage":0,"enemies":"Cultist","floor":2,"turns":4},{"damage":23,"enemies":"Lagavulin","floor":6,"turns":6},{"damage":1,"enemies":"Gremlin Nob","floor":8,"turns":4},{"damage":6,"enemies":"3 Sentries","floor":11,"turns":3},{"damage":0,"enemies":"Small Slimes","floor":12,"turns":3},{"damage":8,"enemies":"Gremlin Nob","floor":13,"turns":4},{"damage":6,"enemies":"2 Fungi Beasts","floor":14,"turns":3},{"damage":0,"enemies":"Slime Boss","floor":16,"turns":8},{"damage":0,"enemies":"Spheric Guardian","floor":18,"turns":3},{"damage":12,"enemies":"Colosseum Slavers","floor":19,"turns":3},{"damage":34,"enemies":"Colosseum Nobs","floor":19,"turns":4},{"damage":17,"enemies":"2 Thieves","floor":20,"turns":4},{"damage":6,"enemies":"Shelled Parasite and Fungi","floor":21,"turns":5},{"damage":9,"enemies":"Slavers","floor":23,"turns":1}],"seed_played":"-5984108549789572650","potions_obtained":[{"floor":2,"key":"SteroidPotion"},{"floor":12,"key":"Fruit Juice"},{"floor":13,"key":"SkillPotion"},{"floor":20,"key":"Poison Potion"},{"floor":21,"key":"SteroidPotion"}],"is_trial":false,"path_per_floor":["M","M","?","$","?","E","R","E","T","R","E","M","E","M","R","B",null,"M","?","M","M","$","E"],"character_chosen":"THE_SILENT","items_purchased":["Crippling Poison","Dagger Throw","PowerPotion","Fire Potion","Noxious Fumes+1","Flash of Steel","Adrenaline","Oddly Smooth Stone","Swift Potion"],"campfire_rested":0,"item_purchase_floors":[4,4,22,22,22,22,22,22,22],"current_hp_per_floor":[70,70,70,70,70,47,47,46,46,46,40,45,37,31,31,31,75,75,29,12,6,6,0],"gold":45,"neow_bonus":"","is_prod":false,"is_daily":true,"chose_seed":false,"campfire_upgraded":3,"win_rate":0,"timestamp":1550710364,"path_taken":["M","M","?","$","?","E","R","E","T","R","E","M","E","?","R","BOSS","M","?","M","M","$","E"],"build_version":"2019-01-23","purchased_purges":0,"victory":false,"max_hp_per_floor":[70,70,70,70,70,70,70,70,70,70,70,75,75,75,75,75,75,75,75,75,75,75,75],"card_choices":[{"not_picked":["Concentrate","Escape Plan"],"picked":"Deadly Poison","floor":1},{"not_picked":["Sucker Punch","Distraction"],"picked":"Catalyst","floor":2},{"not_picked":["Doppelganger","Adrenaline"],"picked":"Corpse Explosion","floor":6},{"not_picked":["Tools of the Trade","Doppelganger"],"picked":"Envenom","floor":8},{"not_picked":["Bullet Time","Venomology"],"picked":"After Image+1","floor":11},{"not_picked":["Sucker Punch","Dodge and Roll"],"picked":"Flying Knee","floor":12},{"not_picked":["Glass Knife","Corpse Explosion"],"picked":"Night Terror","floor":13},{"not_picked":["Dash","Accuracy+1"],"picked":"Bouncing Flask","floor":14},{"not_picked":["Glass Knife","Wraith Form v2+1"],"picked":"Envenom+1","floor":16},{"not_picked":["Slice","Expertise"],"picked":"Bane","floor":18},{"not_picked":["Slice","Infinite Blades+1"],"picked":"Blur","floor":19},{"not_picked":["Prepared+1","Concentrate+1"],"picked":"Calculated Gamble","floor":20},{"not_picked":["Dodge and Roll","Sucker Punch+1"],"picked":"Poisoned Stab","floor":21}],"player_experience":129630,"relics_obtained":[{"floor":6,"key":"FossilizedHelix"},{"floor":8,"key":"Centennial Puzzle"},{"floor":9,"key":"Frozen Egg 2"},{"floor":11,"key":"Ancient Tea Set"},{"floor":13,"key":"Sundial"},{"floor":19,"key":"Nunchaku"},{"floor":19,"key":"The Courier"}],"event_choices":[{"damage_healed":0,"gold_gain":0,"cards_transformed":["Defend_G"],"player_choice":"Change","damage_taken":0,"max_hp_gain":0,"max_hp_loss":0,"event_name":"Living Wall","floor":3,"gold_loss":0,"cards_obtained":["Heel Hook"]},{"damage_healed":0,"gold_gain":0,"player_choice":"Ignored","damage_taken":0,"max_hp_gain":0,"max_hp_loss":0,"event_name":"Purifier","floor":5,"gold_loss":0},{"damage_healed":0,"gold_gain":0,"player_choice":"Fight","damage_taken":0,"max_hp_gain":0,"max_hp_loss":0,"event_name":"Colosseum","floor":19,"gold_loss":0},{"damage_healed":0,"gold_gain":0,"player_choice":"Fought Nobs","damage_taken":0,"max_hp_gain":0,"max_hp_loss":0,"event_name":"Colosseum","floor":19,"gold_loss":0}],"is_beta":false,"boss_relics":[{"not_picked":["Snecko Eye","Cursed Key"],"picked":"Ring of the Serpent"}],"items_purged_floors":[],"is_endless":false,"potions_floor_spawned":[2,12,13,19,20,21],"killed_by":"Slavers","ascension_level":0}