{"gold_per_floor":[163,3,3,23,37,71,71,101,147,147,182,32,58,158,158,254,254,269,15,15,15,15,15,15,15,15,40,40,54,70,86,86,186,186,200,200,200],"floor_reached":37,"playtime":3490,"items_purged":[],"score":451,"play_id":"a8a8dfcd-29c5-47f6-bfe4-2ea7df33a4b0","local_time":"20190219235520","is_ascension_mode":false,"campfire_choices":[{"floor":7,"key":"REST"},{"data":"Distraction","floor":10,"key":"SMITH"},{"floor":15,"key":"REST"},{"data":"Survivor","floor":23,"key":"SMITH"},{"data":"1","floor":28,"key":"LIFT"},{"floor":32,"key":"REST"}],"neow_cost":"NONE","seed_source_timestamp":639083225661480,"circlet_count":0,"master_deck":["Defend_G+1","Defend_G+1","Defend_G+1","Defend_G+1","Defend_G+1","Strike_G+1","Strike_G+1","Strike_G+1","Strike_G+1","Survivor+1","Neutralize","Distraction+1","Deflect","Blade Dance","Noxious Fumes","Backstab","Strike_G+1","Finisher","Heel Hook","Tools of the Trade","Deadly Poison","Blur","Die Die Die","Quick Slash","Accuracy","Underhanded Strike","Terror","Dramatic Entrance","All Out Attack","Accuracy+1","Endless Agony","Poisoned Stab","Blur","Venomology","Dodge and Roll+1"],"relics":["Tiny House","Strawberry","Tiny Chest","Pen Nib","PreservedInsect","Juzu Bracelet","Ginger","Black Star","WarpedTongs","Turnip","Girya","Nunchaku","Tough Bandages","Lizard Tail"],"potions_floor_usage":[0,16,18,27,27,31,37],"damage_taken":[{"damage":0,"enemies":"Cultist","floor":1,"turns":5},{"damage":2,"enemies":"Small Slimes","floor":4,"turns":3},{"damage":7,"enemies":"Jaw Worm","floor":5,"turns":4},{"damage":31,"enemies":"Lagavulin","floor":6,"turns":7},{"damage":14,"enemies":"3 Sentries","floor":11,"turns":8},{"damage":10,"enemies":"Lagavulin","floor":13,"turns":7},{"damage":6,"enemies":"Hexaghost","floor":16,"turns":9},{"damage":12,"enemies":"Shell Parasite","floor":18,"turns":4},{"damage":14,"enemies":"Gremlin Leader","floor":27,"turns":4},{"damage":2,"enemies":"Spheric Guardian","floor":29,"turns":4},{"damage":6,"enemies":"Snake Plant","floor":30,"turns":5},{"damage":0,"enemies":"Cultist and Chosen","floor":31,"turns":4},{"damage":37,"enemies":"Champ","floor":33,"turns":12},{"damage":12,"enemies":"Orb Walker","floor":35,"turns":3},{"damage":132,"enemies":"Time Eater","floor":37,"turns":10}],"seed_played":"-5218983827334949655","potions_obtained":[{"floor":0,"key":"Fruit Juice"},{"floor":1,"key":"GamblersBrew"},{"floor":6,"key":"Weak Potion"},{"floor":11,"key":"Swift Potion"},{"floor":13,"key":"GhostInAJar"},{"floor":18,"key":"Fire Potion"},{"floor":27,"key":"Fruit Juice"}],"is_trial":false,"path_per_floor":["$","?","M","?","?","?","?","T","?","?","?"],"character_chosen":"THE_SILENT","items_purchased":["Blade Dance","Noxious Fumes","Backstab","Juzu Bracelet","Accuracy","Underhanded Strike","Terror","Dramatic Entrance"],"campfire_rested":3,"item_purchase_floors":[2,2,2,12,19,19,19,19],"current_hp_per_floor":[80,80,80,78,71,47,73,73,73,73,59,59,49,49,75,69,87,75,75,75,75,75,75,75,75,75,66,66,64,58,58,85,48,92,80,80,0],"gold":200,"neow_bonus":"BOSS_RELIC","is_prod":false,"is_daily":false,"chose_seed":false,"campfire_upgraded":2,"win_rate":0.0,"timestamp":1550595320,"path_taken":["M","?","?","?","M","E","R","?","T","R","E","$","E","?","R","BOSS","M","$","?","?","?","R","?","?","T","E","R","M","M","M","R","BOSS","M","?","BOSS"],"build_version":"2019-01-23","purchased_purges":0,"victory":false,"max_hp_per_floor":[80,80,80,80,80,87,87,87,87,87,87,87,87,87,87,87,87,87,87,87,87,87,87,87,87,87,92,92,92,92,92,92,92,92,92,92,92],"card_choices":[{"not_picked":["Acrobatics","PiercingWail"],"picked":"Distraction","floor":0},{"not_picked":["PiercingWail","Outmaneuver"],"picked":"Deflect","floor":1},{"not_picked":["Predator","Sucker Punch"],"picked":"Finisher","floor":4},{"not_picked":["Slice","Blade Dance"],"picked":"Heel Hook","floor":5},{"not_picked":["Dodge and Roll","Expertise"],"picked":"Tools of the Trade","floor":6},{"not_picked":["Cloak And Dagger","Deflect"],"picked":"Deadly Poison","floor":11},{"not_picked":["Die Die Die","Riddle With Holes"],"picked":"Blur","floor":13},{"not_picked":["Tools of the Trade","Doppelganger"],"picked":"Die Die Die","floor":16},{"not_picked":["Infinite Blades","Cloak And Dagger"],"picked":"Quick Slash","floor":18},{"not_picked":["Backflip","All Out Attack"],"picked":"Accuracy+1","floor":27},{"not_picked":["Quick Slash","Bouncing Flask"],"picked":"Endless Agony","floor":29},{"not_picked":["Underhanded Strike","Flying Knee"],"picked":"Poisoned Stab","floor":30},{"not_picked":["Dodge and Roll","Slice"],"picked":"Blur","floor":31},{"not_picked":["Burst","Phantasmal Killer"],"picked":"Venomology","floor":33},{"not_picked":["Underhanded Strike","Quick Slash"],"picked":"Dodge and Roll+1","floor":35}],"player_experience":157630,"relics_obtained":[{"floor":6,"key":"Strawberry"},{"floor":9,"key":"Pen Nib"},{"floor":11,"key":"PreservedInsect"},{"floor":13,"key":"Ginger"},{"floor":22,"key":"Turnip"},{"floor":26,"key":"Girya"},{"floor":27,"key":"Nunchaku"},{"floor":27,"key":"Tough Bandages"}],"event_choices":[{"cards_removed":["Strike_G"],"damage_healed":0,"gold_gain":0,"player_choice":"Took Card","damage_taken":0,"max_hp_gain":0,"max_hp_loss":0,"event_name":"NoteForYourself","floor":3,"gold_loss":0,"cards_obtained":["Strike_G"]},{"damage_healed":0,"gold_gain":0,"player_choice":"Gave Potion","damage_taken":0,"relics_obtained":["Tiny Chest"],"max_hp_gain":0,"max_hp_loss":0,"event_name":"WeMeetAgain","floor":8,"gold_loss":0},{"damage_healed":0,"gold_gain":100,"player_choice":"Pray","damage_taken":0,"max_hp_gain":0,"max_hp_loss":0,"event_name":"Golden Shrine","floor":14,"gold_loss":0},{"damage_healed":0,"gold_gain":0,"player_choice":"Rummage","damage_taken":0,"relics_obtained":["WarpedTongs"],"max_hp_gain":0,"max_hp_loss":0,"event_name":"Accursed Blacksmith","floor":20,"gold_loss":0,"cards_obtained":["Pain"]},{"damage_healed":0,"gold_gain":0,"player_choice":"1 cards matched","damage_taken":0,"max_hp_gain":0,"max_hp_loss":0,"event_name":"Match and Keep!","floor":21,"gold_loss":0,"cards_obtained":["All Out Attack"]},{"damage_healed":0,"gold_gain":0,"player_choice":"Simplicity","damage_taken":0,"max_hp_gain":0,"max_hp_loss":0,"event_name":"Back to Basics","floor":24,"gold_loss":0,"cards_upgraded":["Defend_G","Defend_G","Defend_G","Defend_G","Strike_G","Strike_G","Strike_G","Strike_G","Strike_G"]},{"cards_removed":["Pain"],"damage_healed":0,"gold_gain":0,"player_choice":"Purged","damage_taken":0,"max_hp_gain":0,"max_hp_loss":0,"event_name":"Purifier","floor":25,"gold_loss":0},{"damage_healed":0,"gold_gain":0,"player_choice":"Took Portal","damage_taken":0,"max_hp_gain":0,"max_hp_loss":0,"event_name":"SecretPortal","floor":36,"gold_loss":0}],"is_beta":false,"boss_relics":[{"not_picked":["Astrolabe","Coffee Dripper"],"picked":"Black Star"},{"not_picked":["Orrery","White Beast Statue"],"picked":"Lizard Tail"}],"items_purged_floors":[],"is_endless":false,"potions_floor_spawned":[1,6,11,13,18,27],"killed_by":"Time Eater","ascension_level":0}