{"path_per_floor":["M","M","?","M","M","R","M","E","T","M","E","$","E","M","R","B",null,"M","M","?","M","M","E","M","M","T","M","E","M","E","?","R"],"character_chosen":"IRONCLAD","items_purchased":["Shrug It Off","Paper Frog","Vajra","Strength Potion"],"gold_per_floor":[144,189,189,234,279,279,324,414,414,459,549,73,163,208,208,508,508,553,598,598,643,688,778,823,868,868,913,1003,1048,1138,1138,1138,1138],"floor_reached":33,"campfire_rested":3,"playtime":1459,"item_purchase_floors":[12,12,12,12],"current_hp_per_floor":[80,80,80,78,75,80,76,74,74,72,60,60,66,72,80,80,80,72,68,68,74,70,65,59,65,65,70,51,57,26,26,42,0],"items_purged":[],"gold":1138,"score":560,"play_id":"b3792ae4-f9d6-44be-971b-3565e349e1da","local_time":"20180614054545","daily_mods":["Heirloom","Midas","Hoarder"],"is_prod":false,"is_daily":true,"chose_seed":false,"is_ascension_mode":false,"campfire_upgraded":0,"win_rate":0,"timestamp":1528911945,"campfire_choices":[{"floor":6,"key":"REST"},{"floor":15,"key":"REST"},{"floor":32,"key":"REST"}],"path_taken":["M","M","?","M","M","R","M","E","T","M","E","$","E","M","R","BOSS","M","M","?","M","M","E","M","M","T","M","E","M","E","?","R","BOSS"],"build_version":"2018-06-07v3","seed_source_timestamp":0,"purchased_purges":0,"victory":false,"master_deck":["Defend_R","Defend_R","Defend_R","Defend_R","Bash","Pummel","Pummel","Pummel","Inflame","Inflame","Inflame","Dropkick","Dropkick","Dropkick","Seeing Red","Seeing Red","Seeing Red","Headbutt","Headbutt","Headbutt","Thunderclap","Thunderclap","Thunderclap","Shrug It Off","Shrug It Off","Shrug It Off","Sword Boomerang","Sword Boomerang","Sword Boomerang","Inflame","Inflame","Inflame","Fiend Fire","Fiend Fire+1","Fiend Fire","Heavy Blade+1","Heavy Blade+1","Heavy Blade+1","Shrug It Off","Shrug It Off","Shrug It Off","Warcry","Warcry","Warcry","Flex","Flex","Flex","Brutality","Brutality","Brutality","Flame Barrier","Flame Barrier","Flame Barrier","Havoc","Havoc","Havoc","Uppercut","Uppercut","Uppercut","Whirlwind","Whirlwind","Whirlwind+1","Infernal Blade","Infernal Blade","Infernal Blade","Shrug It Off","Shrug It Off","Shrug It Off","Bite","Bite","Bite","Bite","Bite","Bite","Bite","Bite","Bite","Bite","Bite","Bite","Bite","Bite","Bite"],"max_hp_per_floor":[80,80,80,80,80,80,80,80,80,80,80,80,80,80,80,80,80,80,80,80,80,80,80,80,80,80,80,80,80,80,56,56,56],"relics":["Burning Blood","Gambling Chip","Gremlin Horn","Bottled Lightning","Toolbox","Paper Frog","Vajra","Potion Belt","Sozu","Self Forming Clay","Ginger","Pantograph","Whetstone"],"card_choices":[{"not_picked":["Sword Boomerang","Cleave"],"picked":"Pummel","floor":1},{"not_picked":["Warcry","Cleave"],"picked":"Inflame","floor":2},{"not_picked":["Armaments","Rampage"],"picked":"Dropkick","floor":4},{"not_picked":["Pommel Strike","Clash"],"picked":"Seeing Red","floor":5},{"not_picked":["Havoc","Feel No Pain"],"picked":"Headbutt","floor":7},{"not_picked":["Wild Strike","Juggernaut","Second Wind"],"picked":"SKIP","floor":8},{"not_picked":["Second Wind","Dropkick"],"picked":"Thunderclap","floor":10},{"not_picked":["Clash","Body Slam","Rupture"],"picked":"SKIP","floor":11},{"not_picked":["Entrench","True Grit"],"picked":"Sword Boomerang","floor":13},{"not_picked":["Pummel","Iron Wave"],"picked":"Inflame","floor":14},{"not_picked":["Barricade","Juggernaut"],"picked":"Fiend Fire","floor":16},{"not_picked":["Wild Strike","Power Through","Entrench"],"picked":"SKIP","floor":18},{"not_picked":["Thunderclap","Pummel"],"picked":"Heavy Blade+1","floor":19},{"not_picked":["Anger+1","Armaments"],"picked":"Warcry","floor":21},{"not_picked":["Body Slam","Perfected Strike"],"picked":"Flex","floor":22},{"not_picked":["Heavy Blade","Entrench"],"picked":"Brutality","floor":23},{"not_picked":["Sentinel","Second Wind"],"picked":"Flame Barrier","floor":24},{"not_picked":["Metallicize","Perfected Strike"],"picked":"Havoc","floor":25},{"not_picked":["Rupture","Evolve+1"],"picked":"Uppercut","floor":27},{"not_picked":["Rampage+1","Cleave"],"picked":"Whirlwind","floor":28},{"not_picked":["Wild Strike","Sword Boomerang"],"picked":"Infernal Blade","floor":29},{"not_picked":["Bloodletting","Hemokinesis"],"picked":"Shrug It Off","floor":30}],"player_experience":259445,"potions_floor_usage":[8,8,11,16,23,30,33],"damage_taken":[{"damage":5,"enemies":"Jaw Worm","floor":1,"turns":5},{"damage":6,"enemies":"Cultist","floor":2,"turns":3},{"damage":8,"enemies":"Small Slimes","floor":4,"turns":2},{"damage":9,"enemies":"3 Louse","floor":5,"turns":3},{"damage":10,"enemies":"Looter","floor":7,"turns":2},{"damage":8,"enemies":"3 Sentries","floor":8,"turns":4},{"damage":8,"enemies":"Lots of Slimes","floor":10,"turns":2},{"damage":18,"enemies":"Lagavulin","floor":11,"turns":4},{"damage":0,"enemies":"3 Sentries","floor":13,"turns":4},{"damage":0,"enemies":"Exordium Wildlife","floor":14,"turns":1},{"damage":0,"enemies":"Slime Boss","floor":16,"turns":3},{"damage":14,"enemies":"2 Thieves","floor":18,"turns":3},{"damage":10,"enemies":"Spheric Guardian","floor":19,"turns":3},{"damage":0,"enemies":"3 Cultists","floor":21,"turns":2},{"damage":10,"enemies":"Chosen and Byrds","floor":22,"turns":3},{"damage":11,"enemies":"Gremlin Leader","floor":23,"turns":4},{"damage":12,"enemies":"Cultist and Chosen","floor":24,"turns":4},{"damage":0,"enemies":"Centurion and Healer","floor":25,"turns":3},{"damage":1,"enemies":"Snake Plant","floor":27,"turns":2},{"damage":25,"enemies":"Book of Stabbing","floor":28,"turns":3},{"damage":0,"enemies":"Snecko","floor":29,"turns":4},{"damage":37,"enemies":"Slavers","floor":30,"turns":3},{"damage":61,"enemies":"Automaton","floor":33,"turns":8}],"relics_obtained":[{"floor":8,"key":"Gremlin Horn"},{"floor":9,"key":"Bottled Lightning"},{"floor":11,"key":"Toolbox"},{"floor":13,"key":"Potion Belt"},{"floor":23,"key":"Self Forming Clay"},{"floor":26,"key":"Ginger"},{"floor":28,"key":"Pantograph"},{"floor":30,"key":"Whetstone"}],"event_choices":[{"event_name":"The Lab","player_choice":"Got Potions","floor":3,"damage_taken":0},{"event_name":"The Library","player_choice":"Read","floor":20,"damage_taken":0},{"event_name":"Vampires","player_choice":"Became a vampire","floor":31,"damage_taken":0}],"boss_relics":[{"not_picked":["Runic Dome","Snecko Eye"],"picked":"Sozu"}],"items_purged_floors":[],"potions_floor_spawned":[1,4,8,11,16,18,21,22,25,30],"seed_played":"-5779064230905744809","killed_by":"Automaton","ascension_level":0,"potions_obtained":[{"floor":1,"key":"LiquidBronze"},{"floor":3,"key":"Fire Potion"},{"floor":3,"key":"Strength Potion"},{"floor":3,"key":"Block Potion"},{"floor":8,"key":"EssenceOfSteel"},{"floor":11,"key":"EssenceOfSteel"},{"floor":16,"key":"Swift Potion"}],"is_trial":false}