{"gold_per_floor":[109,127,139,139,139,166,184,210,210,229,241,256,256,241],"floor_reached":14,"playtime":389,"items_purged":[],"score":156,"play_id":"c351bf9d-ec6c-481f-8b04-b78382a89e09","local_time":"20181125192914","is_ascension_mode":true,"campfire_choices":[],"neow_cost":"NONE","seed_source_timestamp":11524975576702,"circlet_count":0,"master_deck":["AscendersBane","Defend_G","Defend_G","Defend_G","Defend_G","Defend_G","Strike_G","Strike_G","Strike_G","Strike_G","Strike_G","Survivor","Neutralize","Backstab","Blade Dance","Poisoned Stab","Bane","Noxious Fumes","After Image","Footwork","Terror"],"relics":["Ring of the Snake","NeowsBlessing","Bronze Scales","Bottled Flame","Anchor","Mummified Hand"],"potions_floor_usage":[6,8,8,14],"damage_taken":[{"damage":0,"enemies":"2 Louse","floor":1,"turns":2},{"damage":0,"enemies":"Small Slimes","floor":2,"turns":1},{"damage":0,"enemies":"Jaw Worm","floor":3,"turns":1},{"damage":22,"enemies":"3 Sentries","floor":6,"turns":9},{"damage":6,"enemies":"Blue Slaver","floor":7,"turns":3},{"damage":19,"enemies":"Gremlin Nob","floor":8,"turns":3},{"damage":0,"enemies":"Exordium Thugs","floor":10,"turns":4},{"damage":0,"enemies":"3 Louse","floor":11,"turns":3},{"damage":0,"enemies":"Looter","floor":12,"turns":3},{"damage":5,"enemies":"Exordium Thugs","floor":14,"turns":2}],"seed_played":"-4103098335264928113","potions_obtained":[{"floor":1,"key":"Energy Potion"},{"floor":3,"key":"SteroidPotion"},{"floor":7,"key":"SkillPotion"},{"floor":12,"key":"LiquidBronze"}],"is_trial":false,"path_per_floor":["M","M","M","?","?","E","M","E","T","M","M","M","?","M"],"character_chosen":"THE_SILENT","items_purchased":[],"campfire_rested":0,"item_purchase_floors":[],"current_hp_per_floor":[63,63,63,51,51,29,23,4,4,4,4,4,4,0],"gold":241,"neow_bonus":"THREE_ENEMY_KILL","is_prod":false,"is_daily":false,"chose_seed":false,"campfire_upgraded":0,"win_rate":0,"timestamp":1543127354,"path_taken":["M","M","M","?","?","E","M","E","T","M","M","M","?","M"],"build_version":"2018-11-15","purchased_purges":0,"victory":false,"max_hp_per_floor":[70,70,70,70,70,70,70,70,70,70,70,70,70,70],"card_choices":[{"not_picked":["Distraction","PiercingWail"],"picked":"Backstab","floor":1},{"not_picked":["Leg Sweep","Dagger Spray"],"picked":"Blade Dance","floor":2},{"not_picked":["Flying Knee","Flechettes"],"picked":"Poisoned Stab","floor":3},{"not_picked":["Flying Knee","Deflect"],"picked":"Bane","floor":6},{"not_picked":["Sucker Punch","Deadly Poison"],"picked":"Noxious Fumes","floor":7},{"not_picked":["Wraith Form v2","Flying Knee"],"picked":"After Image","floor":8},{"not_picked":["Sucker Punch","Underhanded Strike"],"picked":"Footwork","floor":10},{"not_picked":["Crippling Poison","Dodge and Roll","Dagger Spray"],"picked":"SKIP","floor":11},{"not_picked":["Outmaneuver","Sucker Punch"],"picked":"Terror","floor":12}],"player_experience":391210,"relics_obtained":[{"floor":6,"key":"Bottled Flame"},{"floor":8,"key":"Anchor"},{"floor":9,"key":"Mummified Hand"}],"event_choices":[{"damage_healed":0,"gold_gain":0,"player_choice":"Success","damage_taken":12,"relics_obtained":["Bronze Scales"],"max_hp_gain":0,"max_hp_loss":0,"event_name":"Scrap Ooze","floor":4,"gold_loss":0},{"damage_healed":0,"gold_gain":0,"player_choice":"Ignored","damage_taken":0,"max_hp_gain":0,"max_hp_loss":0,"event_name":"Liars Game","floor":5,"gold_loss":0},{"damage_healed":0,"gold_gain":0,"player_choice":"Ignored","damage_taken":0,"max_hp_gain":0,"max_hp_loss":0,"event_name":"Shining Light","floor":13,"gold_loss":0}],"is_beta":false,"boss_relics":[],"items_purged_floors":[],"is_endless":false,"potions_floor_spawned":[1,3,7,12],"killed_by":"Exordium Thugs","ascension_level":10}