{"gold_per_floor":[110,125,137,154,59,59,59,98,110,133,173,204,216,251,263,371,383,380,1,12,12,25,25,40,58,58,73,103,113,123,157,157,253,253,267,278,294,311,52,52,64,74,74,22,22,22,41,41,41,41],"floor_reached":51,"playtime":5775,"items_purged":["Strike_G"],"score":637,"play_id":"a90f2b0e-07eb-4884-926f-3016f3bdcc11","local_time":"20180722020431","is_ascension_mode":false,"campfire_choices":[{"data":"Storm of Steel","floor":6.0,"key":"SMITH"},{"data":"Well Laid Plans","floor":13.0,"key":"SMITH"},{"data":"Madness","floor":15.0,"key":"SMITH"},{"floor":23.0,"key":"REST"},{"floor":32.0,"key":"REST"},{"floor":40,"key":"REST"},{"data":"Neutralize","floor":45,"key":"SMITH"},{"floor":49,"key":"REST"}],"neow_cost":"NONE","seed_source_timestamp":0,"circlet_count":0,"master_deck":["Defend_G+1","Defend_G+1","Defend_G+1","Defend_G+1","Strike_G+1","Strike_G+1","Survivor+1","Neutralize+1","Storm of Steel+1","Infinite Blades+1","Escape Plan+1","Well Laid Plans+1","Madness+1","Heel Hook+1","Acrobatics+1","Deflect+1","Dodge and Roll+1","Expertise+1","Night Terror+1","Blade Dance+1","Panache+1","Outmaneuver+1","Sucker Punch+1","Calculated Gamble+1","Cloak And Dagger+1","Eviscerate+1","Endless Agony+1","Poisoned Stab+1","Eviscerate+1","Infinite Blades+1","Choke+1","Panache+1"],"special_seed":0,"relics":["Ring of the Snake","MawBank","Toxic Egg 2","Meat on the Bone","Paper Crane","Odd Mushroom","Busted Crown","Vajra","Red Mask","Dream Catcher","Astrolabe","Strawberry","Mark of the Bloom"],"potions_floor_usage":[37,50,50],"damage_taken":[{"damage":0.0,"enemies":"2 Louse","floor":1.0,"turns":4.0},{"damage":0.0,"enemies":"Small Slimes","floor":2.0,"turns":3.0},{"damage":2.0,"enemies":"Jaw Worm","floor":3.0,"turns":6.0},{"damage":4.0,"enemies":"Looter","floor":4.0,"turns":3.0},{"damage":32.0,"enemies":"Lagavulin","floor":8.0,"turns":9.0},{"damage":7.0,"enemies":"Blue Slaver","floor":10.0,"turns":6.0},{"damage":25.0,"enemies":"Gremlin Nob","floor":11.0,"turns":4.0},{"damage":1.0,"enemies":"Exordium Wildlife","floor":12.0,"turns":4.0},{"damage":7.0,"floor":14.0,"turns":7.0},{"damage":35.0,"enemies":"Slime Boss","floor":16.0,"turns":12.0},{"damage":12.0,"enemies":"2 Thieves","floor":18.0,"turns":4.0},{"damage":11.0,"enemies":"3 Byrds","floor":20.0,"turns":4.0},{"damage":19.0,"enemies":"Slaver and Parasite","floor":22.0,"turns":6.0},{"damage":6.0,"enemies":"3 Cultists","floor":24.0,"turns":4.0},{"damage":1.0,"enemies":"Snecko","floor":25.0,"turns":4.0},{"damage":24.0,"enemies":"Snake Plant","floor":27.0,"turns":4.0},{"damage":27.0,"floor":28.0,"turns":5.0},{"damage":0.0,"enemies":"Centurion and Healer","floor":29.0,"turns":2.0},{"damage":12.0,"enemies":"Snecko","floor":30.0,"turns":6.0},{"damage":17.0,"enemies":"Book of Stabbing","floor":31.0,"turns":5.0},{"damage":36.0,"enemies":"Collector","floor":33.0,"turns":11.0},{"damage":0,"enemies":"Orb Walker","floor":35,"turns":3},{"damage":0,"enemies":"3 Shapes","floor":36,"turns":4},{"damage":13,"enemies":"Flame Bruiser 2 Orb","floor":37,"turns":5},{"damage":11,"enemies":"Sphere and 2 Shapes","floor":38,"turns":5},{"damage":0,"enemies":"Spire Growth","floor":41,"turns":3},{"damage":3,"enemies":"Flame Bruiser 2 Orb","floor":42,"turns":2},{"damage":0,"enemies":"Sphere and 2 Shapes","floor":47,"turns":5},{"damage":32,"enemies":"Donu and Deca","floor":50,"turns":4}],"seed_played":"-6075003274517200027","potions_obtained":[{"floor":1.0,"key":"Explosive Potion"},{"floor":12.0,"key":"AttackPotion"},{"floor":14.0,"key":"LiquidBronze"},{"floor":20.0,"key":"Poison Potion"},{"floor":22.0,"key":"Poison Potion"},{"floor":24.0,"key":"PowerPotion"},{"floor":28.0,"key":"GamblersBrew"},{"floor":36,"key":"PowerPotion"},{"floor":42,"key":"Poison Potion"}],"is_trial":false,"path_per_floor":["M","M","M","M","$","R","?","E","T","M","E","M","R","?","R","B",null,"M","$","M","?","M","R","M","M","T","M","?","M","M","E","R","B",null,"M","M","M","M","$","R","M","M","T","$","R","$","M","?","R","B"],"character_chosen":"THE_SILENT","items_purchased":["Madness","Panache","Regen Potion","Outmaneuver+1","Panache","Regen Potion","FearPotion"],"campfire_rested":4,"item_purchase_floors":[5,19,19,19,39,39,44],"current_hp_per_floor":[70,70,68,64,64,64,64,32,32,37,24,35,35,40,40,17,70,58,58,47,47,43,64,58,57,57,45,30,42,42,37,58,34,70,70,70,57,46,46,67,67,64,71,71,71,71,71,71,71,39],"gold":41,"neow_bonus":"ONE_RANDOM_RARE_CARD","is_prod":false,"is_daily":false,"chose_seed":false,"campfire_upgraded":4,"win_rate":0.0,"timestamp":1532239471,"path_taken":["M","M","M","M","$","R","?","E","T","M","E","M","R","?","R","BOSS","M","?","M","?","?","R","M","M","T","M","?","?","M","E","R","BOSS","M","?","M","M","$","R","M","M","T","$","R","?","M","?","R","BOSS"],"build_version":"2018-07-19v2","purchased_purges":1,"victory":true,"max_hp_per_floor":[70,70,70,70,70,70,70,70,70,70,70,70,70,70,70,70,70,70,70,70,70,70,70,70,70,70,70,70,70,70,70,70,70,70,70,70,70,70,70,70,70,70,77,77,77,77,77,77,77,77],"card_choices":[{"not_picked":["Footwork","Deadly Poison","Riddle With Holes"],"picked":"SKIP","floor":1.0},{"not_picked":["Underhanded Strike","Bane"],"picked":"Infinite Blades","floor":2.0},{"not_picked":["Poisoned Stab","All Out Attack"],"picked":"Escape Plan","floor":3.0},{"not_picked":["PiercingWail","Slice"],"picked":"Well Laid Plans","floor":4.0},{"not_picked":["Sucker Punch","Crippling Poison"],"picked":"Heel Hook","floor":8.0},{"not_picked":["PiercingWail+1","Noxious Fumes"],"picked":"Acrobatics+1","floor":10.0},{"not_picked":["Calculated Gamble+1","Expertise+1"],"picked":"Deflect+1","floor":11.0},{"not_picked":["Masterful Stab","Flechettes"],"picked":"Dodge and Roll+1","floor":12.0},{"not_picked":["Choke","Quick Slash"],"picked":"Expertise+1","floor":14.0},{"not_picked":["Corpse Explosion+1","After Image"],"picked":"Night Terror+1","floor":16.0},{"not_picked":[],"picked":"Blade Dance+1","floor":18.0},{"not_picked":[],"picked":"Sucker Punch+1","floor":20.0},{"not_picked":["Dagger Throw"],"picked":"SKIP","floor":22.0},{"not_picked":[],"picked":"Calculated Gamble+1","floor":24.0},{"not_picked":[],"picked":"Cloak And Dagger+1","floor":25.0},{"not_picked":["PiercingWail+1"],"picked":"SKIP","floor":27.0},{"not_picked":[],"picked":"Eviscerate","floor":29.0},{"not_picked":[],"picked":"Endless Agony","floor":30.0},{"not_picked":["Flying Knee"],"picked":"SKIP","floor":31.0},{"not_picked":[],"picked":"Choke+1","floor":35},{"not_picked":["Poisoned Stab"],"picked":"SKIP","floor":36},{"not_picked":["Poisoned Stab"],"picked":"SKIP","floor":37},{"not_picked":["Dagger Spray+1"],"picked":"SKIP","floor":38},{"not_picked":["Quick Slash"],"picked":"SKIP","floor":41},{"not_picked":["Backflip+1"],"picked":"SKIP","floor":42},{"not_picked":["Deadly Poison+1"],"picked":"SKIP","floor":47}],"player_experience":219920,"relics_obtained":[{"floor":8.0,"key":"Toxic Egg 2"},{"floor":9.0,"key":"Meat on the Bone"},{"floor":11.0,"key":"Paper Crane"},{"floor":14.0,"key":"Odd Mushroom"},{"floor":26.0,"key":"Vajra"},{"floor":28.0,"key":"Red Mask"},{"floor":31.0,"key":"Dream Catcher"},{"floor":43,"key":"Strawberry"}],"event_choices":[{"event_name":"Dead Adventurer","player_choice":"Searched \u00271\u0027 times","floor":7.0,"damage_taken":0.0},{"event_name":"Mushrooms","player_choice":"Fought Mushrooms","floor":14.0,"damage_taken":0.0},{"event_name":"Addict","player_choice":"Ignored","floor":21.0,"damage_taken":0.0},{"event_name":"Masked Bandits","player_choice":"Fought over 73 gold","floor":28.0,"damage_taken":0.0},{"event_name":"MindBloom","player_choice":"Upgrade","floor":48,"damage_taken":0}],"is_beta":false,"boss_relics":[{"not_picked":["Snecko Eye","Sozu"],"picked":"Busted Crown"},{"not_picked":["Black Star","Cursed Key"],"picked":"Astrolabe"}],"items_purged_floors":[19],"is_endless":false,"potions_floor_spawned":[1,12,14,20,22,24,28,36,42],"ascension_level":0}