{"gold_per_floor":[159,175,175,191,266,266,52,52,129,149,164,195,195,213,213,213],"floor_reached":16,"playtime":671,"items_purged":[],"score":204,"play_id":"51cf830d-07ab-42fd-9c0b-634401173e13","local_time":"20190301023106","is_ascension_mode":true,"campfire_choices":[{"data":"Neutralize","floor":6,"key":"SMITH"},{"floor":13,"key":"REST"},{"data":"Crippling Poison","floor":15,"key":"SMITH"}],"neow_cost":"NONE","seed_source_timestamp":51358242047398,"circlet_count":0,"master_deck":["AscendersBane","Defend_G","Defend_G","Defend_G","Defend_G","Defend_G","Strike_G","Strike_G","Strike_G","Strike_G+1","Survivor","Neutralize+1","PiercingWail","Poisoned Stab","Sucker Punch","Backflip","Crippling Poison+1","Leg Sweep","Dash","Poisoned Stab"],"relics":["Tiny House","Regal Pillow","Golden Idol","Gremlin Horn","Turnip"],"potions_floor_usage":[10,12,16],"damage_taken":[{"damage":11,"enemies":"Cultist","floor":1,"turns":5},{"damage":4,"enemies":"Jaw Worm","floor":2,"turns":4},{"damage":0,"enemies":"2 Louse","floor":4,"turns":3},{"damage":12,"enemies":"Large Slime","floor":10,"turns":7},{"damage":0,"enemies":"Exordium Wildlife","floor":11,"turns":5},{"damage":31,"enemies":"Gremlin Nob","floor":12,"turns":5},{"damage":5,"enemies":"Blue Slaver","floor":14,"turns":5},{"damage":29,"enemies":"Slime Boss","floor":16,"turns":9}],"seed_played":"-2793875439264080783","potions_obtained":[{"floor":0,"key":"Regen Potion"},{"floor":1,"key":"PowerPotion"},{"floor":10,"key":"LiquidBronze"}],"is_trial":false,"path_per_floor":["M","M","?","M","?","R","$","?","T","M","M","E","R","M","R","B"],"character_chosen":"THE_SILENT","items_purchased":["Crippling Poison","Regal Pillow"],"campfire_rested":1,"item_purchase_floors":[7,7],"current_hp_per_floor":[53,49,42,42,31,31,31,31,31,34,34,3,37,32,32,3],"gold":213,"neow_bonus":"BOSS_RELIC","is_prod":false,"is_daily":false,"chose_seed":false,"campfire_upgraded":2,"win_rate":0,"timestamp":1551360666,"path_taken":["M","?","?","M","?","R","$","?","T","?","M","E","R","M","R","BOSS"],"build_version":"2019-01-23","purchased_purges":0,"victory":false,"max_hp_per_floor":[71,71,71,71,71,71,71,64,64,64,64,64,64,64,64,64],"card_choices":[{"not_picked":["Accuracy","Caltrops"],"picked":"PiercingWail","floor":0},{"not_picked":["Acrobatics","Distraction"],"picked":"Poisoned Stab","floor":1},{"not_picked":["Slice","Cloak And Dagger"],"picked":"Sucker Punch","floor":2},{"not_picked":["Bane","Grand Finale"],"picked":"Backflip","floor":4},{"not_picked":["Prepared","Dagger Throw"],"picked":"Leg Sweep","floor":10},{"not_picked":["Flying Knee","Tactician"],"picked":"Dash","floor":11},{"not_picked":["Cloak And Dagger","Storm of Steel"],"picked":"Poisoned Stab","floor":12},{"not_picked":["Dodge and Roll","Poisoned Stab","Blade Dance"],"picked":"SKIP","floor":14}],"player_experience":506679,"relics_obtained":[{"floor":9,"key":"Gremlin Horn"},{"floor":12,"key":"Turnip"}],"event_choices":[{"cards_removed":["Strike_G"],"damage_healed":0,"gold_gain":0,"player_choice":"Card Removal","damage_taken":7,"max_hp_gain":0,"max_hp_loss":0,"event_name":"Golden Wing","floor":3,"gold_loss":0},{"damage_healed":0,"gold_gain":75,"player_choice":"Gather Gold","damage_taken":11,"max_hp_gain":0,"max_hp_loss":0,"event_name":"World of Goop","floor":5,"gold_loss":0},{"damage_healed":0,"gold_gain":0,"player_choice":"Lose Max HP","damage_taken":0,"relics_obtained":["Golden Idol"],"max_hp_gain":0,"max_hp_loss":7,"event_name":"Golden Idol","floor":8,"gold_loss":0}],"is_beta":false,"boss_relics":[],"items_purged_floors":[],"is_endless":false,"potions_floor_spawned":[1,2,10],"killed_by":"Slime Boss","ascension_level":20}