{"gold_per_floor":[114,126,126,140,58,58,8,8,34,54,54,54,54,79,79,176,176,186,206,206,64,84,84,84],"floor_reached":24,"playtime":1982,"items_purged":["Strike_G"],"score":213,"play_id":"f17d3487-e563-4902-bd48-878ba64da4cd","local_time":"20180930010259","is_ascension_mode":true,"campfire_choices":[{"data":"Footwork","floor":6,"key":"SMITH"},{"data":"Prepared","floor":8,"key":"SMITH"},{"data":"Night Terror","floor":11,"key":"SMITH"},{"data":"Bane","floor":13,"key":"SMITH"},{"data":"Neutralize","floor":15,"key":"SMITH"},{"data":"Well Laid Plans","floor":23,"key":"SMITH"}],"neow_cost":"NONE","seed_source_timestamp":23007745839854,"circlet_count":0,"master_deck":["Defend_G","Defend_G","Defend_G","Defend_G","Defend_G","Strike_G","Strike_G","Strike_G","Strike_G","Survivor","Neutralize+1","Predator","Prepared+1","Deadly Poison","Footwork+1","Bane+1","Night Terror+1","Flying Knee","Venomology","Blur","Well Laid Plans+1","Deadly Poison"],"relics":["Ring of the Serpent","Ancient Tea Set","Bag of Preparation"],"potions_floor_usage":[2,18,19,19,22,22,22,24],"damage_taken":[{"damage":5,"enemies":"Small Slimes","floor":1,"turns":6},{"damage":0,"enemies":"Jaw Worm","floor":2,"turns":3},{"damage":0,"enemies":"Cultist","floor":4,"turns":4},{"damage":5,"enemies":"2 Fungi Beasts","floor":10,"turns":4},{"damage":15,"enemies":"3 Sentries","floor":14,"turns":11},{"damage":32,"enemies":"Hexaghost","floor":16,"turns":15},{"damage":11,"enemies":"Spheric Guardian","floor":18,"turns":11},{"damage":0,"enemies":"Shell Parasite","floor":19,"turns":6},{"damage":6,"enemies":"Sentry and Sphere","floor":22,"turns":15},{"damage":59,"enemies":"Gremlin Leader","floor":24,"turns":7}],"seed_played":"3622578699591341811","potions_obtained":[{"floor":0,"key":"Strength Potion"},{"floor":0,"key":"GhostInAJar"},{"floor":0,"key":"EssenceOfSteel"},{"floor":10,"key":"Dexterity Potion"},{"floor":19,"key":"SpeedPotion"}],"is_trial":false,"path_per_floor":["M","M","?","M","$","R","$","R","T","M","R","?","R","E","R","B",null,"M","M","?","$","M","R"],"character_chosen":"THE_SILENT","items_purchased":["Footwork","Bane","Well Laid Plans"],"campfire_rested":0,"item_purchase_floors":[5,7,21],"current_hp_per_floor":[65,65,70,70,70,70,70,70,70,65,65,65,65,50,50,18,75,64,64,64,64,58,58,0],"gold":84,"neow_bonus":"THREE_SMALL_POTIONS","is_prod":false,"is_daily":false,"chose_seed":false,"campfire_upgraded":6,"win_rate":0,"timestamp":1538283779,"path_taken":["M","M","?","M","$","R","$","R","T","?","R","?","R","E","R","BOSS","M","M","?","$","M","R","E"],"build_version":"2018-09-27","purchased_purges":1,"victory":false,"max_hp_per_floor":[70,70,75,75,75,75,75,75,75,75,75,75,75,75,75,75,75,75,75,75,75,75,75,75],"card_choices":[{"not_picked":["Backflip","Prepared"],"picked":"Predator","floor":1},{"not_picked":["Underhanded Strike","Quick Slash"],"picked":"Prepared","floor":2},{"not_picked":["Calculated Gamble","Bane"],"picked":"Deadly Poison","floor":4},{"not_picked":["Blade Dance","Setup"],"picked":"Night Terror","floor":10},{"not_picked":["After Image","Sucker Punch"],"picked":"Flying Knee","floor":14},{"not_picked":["A Thousand Cuts","Grand Finale"],"picked":"Venomology","floor":16},{"not_picked":["Cloak And Dagger+1","Sucker Punch","Backflip+1"],"picked":"SKIP","floor":18},{"not_picked":["Outmaneuver+1","Infinite Blades"],"picked":"Blur","floor":19},{"not_picked":["Leg Sweep","Prepared","Deadly Poison"],"picked":"SKIP","floor":22},{"not_picked":["Leg Sweep","Prepared"],"picked":"Deadly Poison","floor":22}],"player_experience":696828,"relics_obtained":[{"floor":9,"key":"Ancient Tea Set"},{"floor":14,"key":"Bag of Preparation"}],"event_choices":[{"event_name":"Big Fish","player_choice":"Donut","floor":3,"damage_taken":0},{"event_name":"Liars Game","player_choice":"disagreed","floor":12,"damage_taken":0},{"event_name":"The Mausoleum","player_choice":"No","floor":20,"damage_taken":0}],"is_beta":false,"boss_relics":[{"not_picked":["Astrolabe","Cursed Key"],"picked":"Ring of the Serpent"}],"items_purged_floors":[21],"is_endless":false,"potions_floor_spawned":[1,10,18,19],"killed_by":"Gremlin Leader","ascension_level":2}