{"gold_per_floor":[119,119,119,44,58,90,108,125,125,150,96,171,171,203,203,279,279,293,293,293,56,56,56],"floor_reached":23,"playtime":923,"items_purged":["Writhe"],"score":485,"play_id":"3b8f8de2-8165-4b9a-a1f0-baad20df37ef","local_time":"20190228192252","is_ascension_mode":true,"campfire_choices":[{"data":"Juggernaut","floor":15,"key":"SMITH"}],"neow_cost":"NONE","seed_source_timestamp":25413324306465,"circlet_count":0,"master_deck":["AscendersBane","Defend_R","Defend_R","Defend_R","Defend_R","Bash","True Grit","Juggernaut+1","Battle Trance","Anger","Combust","Ghostly Armor","Twin Strike","Shrug It Off","Feed","True Grit","Bite","Bite","Bite","Bite","Bite","Uppercut","Armaments"],"relics":["Burning Blood","NeowsBlessing","Paper Frog","Question Card","Dodecahedron","Strawberry","Snecko Eye","PreservedInsect"],"potions_floor_usage":[8,10,14,16,16],"damage_taken":[{"damage":0,"enemies":"Jaw Worm","floor":1,"turns":1},{"damage":0,"enemies":"Cultist","floor":5,"turns":1},{"damage":0,"enemies":"3 Sentries","floor":6,"turns":1},{"damage":2,"enemies":"2 Louse","floor":7,"turns":3},{"damage":18,"enemies":"Red Slaver","floor":8,"turns":5},{"damage":38,"enemies":"Gremlin Nob","floor":10,"turns":4},{"damage":18,"enemies":"3 Sentries","floor":14,"turns":5},{"damage":21,"enemies":"Hexaghost","floor":16,"turns":9},{"damage":66,"enemies":"Shell Parasite","floor":18,"turns":10},{"damage":0,"enemies":"Slavers","floor":23,"turns":1}],"seed_played":"-2908245736751360136","potions_obtained":[{"floor":1,"key":"AttackPotion"},{"floor":6,"key":"BloodPotion"},{"floor":10,"key":"Dexterity Potion"},{"floor":13,"key":"Fruit Juice"},{"floor":14,"key":"Regen Potion"}],"is_trial":false,"path_per_floor":["M","$","?","$","M","E","M","M","T","E","$","?","?","E","R","B",null,"M","?","?","$","?","E"],"character_chosen":"IRONCLAD","items_purchased":["Battle Trance","Shrug It Off","Uppercut","SteroidPotion","Armaments"],"campfire_rested":0,"item_purchase_floors":[4,11,21,21,21],"current_hp_per_floor":[74,74,74,74,75,75,75,70,70,38,38,27,27,27,27,27,72,12,12,12,12,12,12],"gold":56,"neow_bonus":"THREE_ENEMY_KILL","is_prod":false,"is_daily":false,"chose_seed":false,"campfire_upgraded":1,"win_rate":0,"timestamp":1551334972,"path_taken":["M","$","?","$","M","E","?","M","T","E","?","?","?","E","R","BOSS","M","?","?","$","?","E"],"build_version":"2019-01-23","purchased_purges":1,"victory":false,"max_hp_per_floor":[75,75,75,75,75,75,75,75,75,75,75,75,75,87,87,87,87,87,60,60,60,60,60],"card_choices":[{"not_picked":["Pummel","Warcry"],"picked":"True Grit","floor":1},{"not_picked":["True Grit","Clash"],"picked":"Anger","floor":5},{"not_picked":["Wild Strike","Twin Strike"],"picked":"Combust","floor":6},{"not_picked":["Seeing Red","Bloodletting"],"picked":"Ghostly Armor","floor":7},{"not_picked":["Second Wind","Corruption"],"picked":"Twin Strike","floor":8},{"not_picked":["Sentinel","Wild Strike","Flex","Clothesline"],"picked":"SKIP","floor":10},{"not_picked":["Cleave","Pummel","Sword Boomerang","Clash"],"picked":"SKIP","floor":14},{"not_picked":["Juggernaut","Barricade","Exhume"],"picked":"Feed","floor":16},{"not_picked":["Rupture","Dual Wield","Body Slam"],"picked":"True Grit","floor":18}],"player_experience":490648,"relics_obtained":[{"floor":6,"key":"Paper Frog"},{"floor":9,"key":"Question Card"},{"floor":10,"key":"Dodecahedron"},{"floor":14,"key":"Strawberry"}],"event_choices":[{"damage_healed":0,"gold_gain":0,"cards_transformed":["Strike_R"],"player_choice":"Transformed","damage_taken":0,"max_hp_gain":0,"max_hp_loss":0,"event_name":"Transmorgrifier","floor":3,"gold_loss":0,"cards_obtained":["Juggernaut"]},{"damage_healed":0,"gold_gain":75,"player_choice":"Gather Gold","damage_taken":11,"max_hp_gain":0,"max_hp_loss":0,"event_name":"World of Goop","floor":12,"gold_loss":0},{"damage_healed":0,"gold_gain":0,"player_choice":"Got Potions","damage_taken":0,"max_hp_gain":0,"max_hp_loss":0,"event_name":"Lab","floor":13,"gold_loss":0},{"damage_healed":0,"gold_gain":0,"player_choice":"Became a vampire","damage_taken":0,"max_hp_gain":0,"max_hp_loss":27,"event_name":"Vampires","floor":19,"gold_loss":0,"cards_obtained":["Bite","Bite","Bite","Bite","Bite"]},{"damage_healed":0,"gold_gain":0,"player_choice":"Opened","damage_taken":0,"relics_obtained":["PreservedInsect"],"max_hp_gain":0,"max_hp_loss":0,"event_name":"The Mausoleum","floor":20,"gold_loss":0,"cards_obtained":["Writhe"]},{"damage_healed":0,"gold_gain":0,"player_choice":"Ignored","damage_taken":0,"max_hp_gain":0,"max_hp_loss":0,"event_name":"Cursed Tome","floor":22,"gold_loss":0}],"is_beta":false,"boss_relics":[{"not_picked":["Runic Dome","Tiny House"],"picked":"Snecko Eye"}],"items_purged_floors":[21],"is_endless":false,"potions_floor_spawned":[1,6,10,14],"killed_by":"Slavers","ascension_level":20}