{"gold_per_floor":[212,212,224,224,240,35,35,55,129,129,159,159,179,205,205,205],"floor_reached":16,"playtime":936,"items_purged":[],"score":110,"play_id":"c1445b3a-562e-4a0a-a825-40543f057c60","local_time":"20180709030841","is_ascension_mode":false,"campfire_choices":[{"data":"Wild Strike","floor":10,"key":"SMITH"},{"floor":12,"key":"REST"},{"floor":15,"key":"REST"}],"neow_cost":"NONE","seed_source_timestamp":55678547513585,"circlet_count":0,"master_deck":["Strike_R","Strike_R","Strike_R","Strike_R","Strike_R","Defend_R","Defend_R","Defend_R","Defend_R","Bash","Normality","Infernal Blade","Regret","Offering","Wild Strike+1","Burning Pact","Sever Soul","Pommel Strike"],"relics":["Burning Blood","Bag of Marbles","Shuriken","Toolbox","Meat on the Bone","Gambling Chip","Smiling Mask"],"potions_floor_usage":[11,11,14,16,16],"damage_taken":[{"damage":17,"enemies":"Small Slimes","floor":1,"turns":3},{"damage":1,"enemies":"Cultist","floor":3,"turns":4},{"damage":13,"enemies":"Jaw Worm","floor":5,"turns":4},{"damage":7,"enemies":"Looter","floor":8,"turns":2},{"damage":24,"enemies":"Gremlin Nob","floor":11,"turns":4},{"damage":23,"enemies":"Blue Slaver","floor":13,"turns":3},{"damage":22,"enemies":"3 Sentries","floor":14,"turns":6},{"damage":92,"enemies":"The Guardian","floor":16,"turns":8}],"seed_played":"8471900373820571399","potions_obtained":[{"floor":7,"key":"GamblersBrew"},{"floor":7,"key":"Swift Potion"},{"floor":7,"key":"BloodPotion"},{"floor":11,"key":"Weak Potion"},{"floor":13,"key":"Explosive Potion"}],"is_trial":false,"path_per_floor":["M","?","M","?","M","$","?","M","T","R","E","R","M","E","R"],"character_chosen":"IRONCLAD","items_purchased":["Toolbox"],"campfire_rested":2,"item_purchase_floors":[6],"current_hp_per_floor":[69,69,74,74,67,67,67,66,66,66,48,72,59,55,79,0],"gold":205,"neow_bonus":"HUNDRED_GOLD","is_prod":false,"is_daily":false,"chose_seed":false,"campfire_upgraded":1,"win_rate":0.0,"timestamp":1531120121,"path_taken":["M","?","?","?","?","$","?","M","T","R","E","R","M","E","R","BOSS"],"build_version":"2018-07-05","purchased_purges":0,"victory":false,"max_hp_per_floor":[80,80,80,80,80,80,80,80,80,80,80,80,80,80,80,80],"card_choices":[{"not_picked":["Thunderclap","Clash","Iron Wave"],"picked":"SKIP","floor":1},{"not_picked":["Sword Boomerang","Cleave"],"picked":"Infernal Blade","floor":3},{"not_picked":["Clothesline","Body Slam"],"picked":"Offering","floor":5},{"not_picked":["Combust","Body Slam"],"picked":"Wild Strike","floor":8},{"not_picked":["Headbutt","Hemokinesis"],"picked":"Burning Pact","floor":11},{"not_picked":["Burning Pact","Armaments"],"picked":"Sever Soul","floor":13},{"not_picked":["Corruption","Pommel Strike","Iron Wave"],"picked":"SKIP","floor":14},{"not_picked":["Corruption","Iron Wave"],"picked":"Pommel Strike","floor":14}],"player_experience":114400,"relics_obtained":[{"floor":9,"key":"Meat on the Bone"},{"floor":11,"key":"Gambling Chip"},{"floor":14,"key":"Smiling Mask"}],"event_choices":[{"event_name":"Accursed Blacksmith","player_choice":"Rummage","floor":2,"damage_taken":0},{"event_name":"Big Fish","player_choice":"Box","floor":4,"damage_taken":0},{"event_name":"The Lab","player_choice":"Got Potions","floor":7,"damage_taken":0}],"boss_relics":[],"items_purged_floors":[],"is_endless":false,"potions_floor_spawned":[11,13],"killed_by":"The Guardian","ascension_level":0}