{"gold_per_floor":[117,117,133,147,97,132,132,160,160,160,192,212,212,10,10,112,112,132,164,364,381,63,63,98,98,98,98,113,445,445,457,457,552,552,572,572,572,584,595,595,605,153,153,168,168],"floor_reached":45,"playtime":2916,"items_purged":["Strike_B","Strike_B","Defend_B"],"score":614,"play_id":"d444e095-075d-41ce-90fe-9466096598a8","local_time":"20190221085620","is_ascension_mode":true,"campfire_choices":[{"data":"Zap","floor":7.0,"key":"SMITH"},{"data":"Coolheaded","floor":13.0,"key":"SMITH"},{"data":"Seek","floor":15.0,"key":"SMITH"},{"data":"Apotheosis","floor":23.0,"key":"SMITH"},{"data":"Echo Form","floor":25.0,"key":"SMITH"},{"floor":32.0,"key":"REST"},{"floor":40.0,"key":"REST"}],"neow_cost":"NONE","seed_source_timestamp":0,"circlet_count":0,"master_deck":["Zap+1","Dualcast","Cold Snap","Cold Snap","Ball Lightning","Reprogram","Glacier","Coolheaded+1","Thunder Strike","Capacitor","Seek+1","Compile Driver","Echo Form+1","BootSequence+1","Blizzard","Darkness+1","Apotheosis+1","Conserve Battery","Doom and Gloom+1","Go for the Eyes+1","Cold Snap+1","Creative AI","FTL+1","Madness","Madness","Double Energy+1","Leap","Reboot","Good Instincts","Pain","Self Repair+1"],"special_seed":0,"relics":["Cracked Core","Meat on the Bone","Dodecahedron","Pear","Unceasing Top","Eternal Feather","Red Mask","Smiling Mask","Molten Egg 2","Old Coin","Cursed Key","Lantern","Blood Vial"],"potions_floor_usage":[44],"damage_taken":[{"damage":0.0,"enemies":"Small Slimes","floor":1.0,"turns":2.0},{"damage":0.0,"enemies":"Cultist","floor":3.0,"turns":3.0},{"damage":2.0,"enemies":"Jaw Worm","floor":4.0,"turns":2.0},{"damage":22.0,"enemies":"Gremlin Nob","floor":6.0,"turns":4.0},{"damage":4.0,"enemies":"3 Sentries","floor":8.0,"turns":4.0},{"damage":22.0,"enemies":"Lagavulin","floor":11.0,"turns":6.0},{"damage":0.0,"enemies":"Gremlin Gang","floor":12.0,"turns":4.0},{"damage":20.0,"enemies":"Hexaghost","floor":16.0,"turns":8.0},{"damage":16.0,"enemies":"2 Thieves","floor":18.0,"turns":3.0},{"damage":40.0,"enemies":"Masked Bandits","floor":19.0,"turns":6.0},{"damage":2.0,"enemies":"Spheric Guardian","floor":21.0,"turns":4.0},{"damage":42.0,"enemies":"Gremlin Leader","floor":24.0,"turns":7.0},{"damage":18.0,"enemies":"3 Cultists","floor":28.0,"turns":6.0},{"damage":15.0,"enemies":"Book of Stabbing","floor":29.0,"turns":6.0},{"damage":10.0,"enemies":"Sentry and Sphere","floor":31.0,"turns":4.0},{"damage":20.0,"enemies":"Champ","floor":33.0,"turns":11.0},{"damage":34.0,"enemies":"3 Darklings","floor":35.0,"turns":4.0},{"damage":4.0,"enemies":"3 Shapes","floor":38.0,"turns":5.0},{"damage":33.0,"enemies":"Sphere and 2 Shapes","floor":39.0,"turns":6.0},{"damage":30.0,"enemies":"3 Darklings","floor":41.0,"turns":4.0},{"damage":18,"enemies":"Spire Growth","floor":44,"turns":5},{"damage":57,"enemies":"Reptomancer","floor":45,"turns":2}],"seed_played":"-8552273069663061644","potions_obtained":[{"floor":3.0,"key":"Explosive Potion"},{"floor":10.0,"key":"Poison Potion"},{"floor":10.0,"key":"Strength Potion"},{"floor":10.0,"key":"Regen Potion"},{"floor":11.0,"key":"PowerPotion"},{"floor":12.0,"key":"PowerPotion"},{"floor":16.0,"key":"PowerPotion"},{"floor":18.0,"key":"Explosive Potion"},{"floor":19.0,"key":"Poison Potion"},{"floor":29.0,"key":"SteroidPotion"},{"floor":35.0,"key":"GamblersBrew"},{"floor":38.0,"key":"Block Potion"},{"floor":41.0,"key":"FocusPotion"}],"is_trial":false,"path_per_floor":["M","?","M","M","?","E","R","E","T","?","E","M","R","$","R","B",null,"M","?","?","M","$","R","E","R","T","?","M","E","?","M","R","B",null,"M","?","?","M","M","R","M","$","T","M","E"],"character_chosen":"DEFECT","items_purchased":["Seek","Compile Driver","Apotheosis","Conserve Battery","Lantern","Good Instincts","Blood Vial"],"campfire_rested":2,"item_purchase_floors":[14,14,22,22,42,42,42],"current_hp_per_floor":[75,75,75,73,73,51,51,47,57,57,50,50,50,50,50,42,74,58,30,30,40,40,52,22,34,34,34,28,25,25,27,64,44,75,53,42,42,50,29,69,51,51,51,47,0],"gold":168,"neow_bonus":"REMOVE_CARD","is_prod":false,"is_daily":false,"chose_seed":false,"campfire_upgraded":5,"win_rate":0,"timestamp":1550768180,"path_taken":["M","?","?","M","?","E","R","E","T","?","E","?","R","$","R","BOSS","M","?","?","?","$","R","E","R","T","?","M","E","?","M","R","BOSS","M","?","?","M","?","R","M","?","T","M","E"],"build_version":"2019-01-23","purchased_purges":3,"victory":false,"max_hp_per_floor":[75,75,75,75,75,75,75,75,85,85,85,85,85,85,85,85,85,85,85,85,85,85,85,85,85,85,85,85,85,85,85,85,85,85,85,85,85,85,85,85,85,85,85,85,85],"card_choices":[{"not_picked":["Steam","Beam Cell"],"picked":"Cold Snap","floor":1.0},{"not_picked":["Melter","Leap"],"picked":"Ball Lightning","floor":3.0},{"not_picked":["Rebound","Steam"],"picked":"Reprogram","floor":4.0},{"not_picked":["Barrage","Hello World"],"picked":"Glacier","floor":6.0},{"not_picked":["Stack","Rebound"],"picked":"Coolheaded","floor":8.0},{"not_picked":["Double Energy","Auto Shields"],"picked":"Thunder Strike","floor":11.0},{"not_picked":["Leap","Beam Cell"],"picked":"Capacitor","floor":12.0},{"not_picked":["Core Surge","Hyperbeam"],"picked":"Echo Form","floor":16.0},{"not_picked":["Hologram+1","Rebound"],"picked":"BootSequence+1","floor":18.0},{"not_picked":["Recycle","Turbo"],"picked":"Blizzard","floor":19.0},{"not_picked":["BootSequence","Barrage"],"picked":"Darkness+1","floor":21.0},{"not_picked":["Auto Shields","Reprogram"],"picked":"Doom and Gloom+1","floor":24.0},{"not_picked":["Force Field","Darkness"],"picked":"Go for the Eyes+1","floor":28.0},{"not_picked":["Sunder+1","Rebound+1"],"picked":"Cold Snap+1","floor":29.0},{"not_picked":["Aggregate","Force Field","Steam"],"picked":"SKIP","floor":31.0},{"not_picked":["Multi-Cast","Fission"],"picked":"Creative AI","floor":33.0},{"not_picked":["Rebound+1","Skim+1"],"picked":"FTL+1","floor":35.0},{"not_picked":["Cold Snap+1","Streamline+1"],"picked":"Double Energy+1","floor":38.0},{"not_picked":["Cold Snap+1","Beam Cell+1"],"picked":"Leap","floor":39.0},{"not_picked":["Fusion","Steam+1"],"picked":"Reboot","floor":41.0},{"not_picked":["Conserve Battery","Beam Cell+1"],"picked":"Self Repair+1","floor":44}],"player_experience":403828,"relics_obtained":[{"floor":6.0,"key":"Meat on the Bone"},{"floor":8.0,"key":"Dodecahedron"},{"floor":9.0,"key":"Pear"},{"floor":11.0,"key":"Unceasing Top"},{"floor":19.0,"key":"Red Mask"},{"floor":24.0,"key":"Smiling Mask"},{"floor":26.0,"key":"Molten Egg 2"},{"floor":29.0,"key":"Old Coin"}],"event_choices":[{"damage_healed":0.0,"max_hp_gain":0.0,"max_hp_loss":0.0,"gold_gain":0.0,"cards_transformed":["Strike_B"],"event_name":"Transmorgrifier","player_choice":"Transformed","floor":2.0,"gold_loss":0.0,"damage_taken":0.0,"cards_obtained":["Cold Snap"]},{"cards_removed":["Defend_B"],"damage_healed":0.0,"max_hp_gain":0.0,"max_hp_loss":0.0,"gold_gain":0.0,"event_name":"The Cleric","player_choice":"Card Removal","floor":5.0,"gold_loss":50.0,"damage_taken":0.0},{"damage_healed":0.0,"max_hp_gain":0.0,"max_hp_loss":0.0,"gold_gain":0.0,"event_name":"Lab","player_choice":"Got Potions","floor":10.0,"gold_loss":0.0,"damage_taken":0.0},{"damage_healed":0.0,"max_hp_gain":0.0,"max_hp_loss":0.0,"gold_gain":0.0,"event_name":"Masked Bandits","player_choice":"Fought Bandits","floor":19.0,"gold_loss":0.0,"damage_taken":0.0},{"damage_healed":0.0,"max_hp_gain":0.0,"max_hp_loss":0.0,"gold_gain":200.0,"event_name":"Wheel of Change","player_choice":"Gold","floor":20.0,"gold_loss":0.0,"damage_taken":0.0},{"cards_removed":["Defend_B"],"damage_healed":0.0,"max_hp_gain":0.0,"max_hp_loss":0.0,"gold_gain":0.0,"event_name":"Back to Basics","player_choice":"Elegance","floor":27.0,"gold_loss":0.0,"damage_taken":0.0},{"damage_healed":0.0,"max_hp_gain":0.0,"max_hp_loss":0.0,"gold_gain":0.0,"event_name":"Vampires","player_choice":"Ignored","floor":30.0,"gold_loss":0.0,"damage_taken":0.0},{"damage_healed":0.0,"max_hp_gain":0.0,"max_hp_loss":0.0,"gold_gain":0.0,"event_name":"Winding Halls","player_choice":"Embrace Madness","floor":36.0,"gold_loss":0.0,"damage_taken":11.0,"cards_obtained":["Madness","Madness"]},{"cards_removed":["Defend_B"],"damage_healed":0.0,"max_hp_gain":0.0,"max_hp_loss":0.0,"gold_gain":0.0,"event_name":"Bonfire Elementals","player_choice":"Offered Basic","floor":37.0,"gold_loss":0.0,"damage_taken":0.0}],"is_beta":false,"boss_relics":[{"not_picked":["White Beast Statue","Fusion Hammer"],"picked":"Eternal Feather"},{"not_picked":["Calling Bell","Nuclear Battery"],"picked":"Cursed Key"}],"items_purged_floors":[14,22,42],"is_endless":false,"potions_floor_spawned":[3,11,12,16,18,19,29,35,38,41],"killed_by":"Reptomancer","ascension_level":5}