{"gold_per_floor":[112,387,31,43,43,71,71,71,71,84,114,132,132,146,146,146],"floor_reached":16,"playtime":1570,"items_purged":["Regret"],"score":135,"play_id":"4880e090-601a-478b-bad0-2c567e3a7588","local_time":"20190114160028","is_ascension_mode":false,"campfire_choices":[{"floor":7,"key":"RECALL"},{"data":"Flame Barrier","floor":15,"key":"SMITH"}],"neow_cost":"NONE","seed_source_timestamp":264405485314370,"circlet_count":0,"master_deck":["Strike_R","Strike_R","Strike_R","Strike_R","Defend_R","Defend_R","Defend_R","Defend_R","Bash","Shockwave","Flash of Steel","Panache","Flame Barrier","Flame Barrier+1","True Grit","Burning Pact","Metallicize"],"relics":["Burning Blood","NeowsBlessing","Pen Nib","Mercury Hourglass","Gremlin Horn"],"potions_floor_usage":[16,16],"damage_taken":[{"damage":0,"enemies":"Jaw Worm","floor":1,"turns":1},{"damage":0,"enemies":"Cultist","floor":4,"turns":1},{"damage":0,"enemies":"Gremlin Nob","floor":6,"turns":1},{"damage":3,"enemies":"2 Louse","floor":10,"turns":3},{"damage":37,"enemies":"Lagavulin","floor":11,"turns":8},{"damage":12,"enemies":"Blue Slaver","floor":12,"turns":4},{"damage":25,"enemies":"Exordium Thugs","floor":14,"turns":5},{"damage":51,"enemies":"Hexaghost","floor":16,"turns":12}],"seed_played":"-8083147204043271622","potions_obtained":[{"floor":4,"key":"Swift Potion"},{"floor":10,"key":"SkillPotion"},{"floor":11,"key":"SmokeBomb"}],"is_trial":false,"path_per_floor":["M","?","$","M","?","E","R","T","T","M","E","M","?","M","R","B"],"character_chosen":"IRONCLAD","items_purchased":["Flash of Steel","Panache"],"campfire_rested":0,"item_purchase_floors":[3,3],"current_hp_per_floor":[80,80,80,80,73,79,79,79,79,80,49,43,69,50,50,0],"gold":146,"neow_bonus":"THREE_ENEMY_KILL","is_prod":false,"is_daily":false,"chose_seed":false,"campfire_upgraded":1,"win_rate":0,"timestamp":1547499628,"path_taken":["M","?","?","M","?","E","R","?","T","M","E","?","?","M","R","BOSS"],"build_version":"2019-01-10","purchased_purges":1,"victory":false,"max_hp_per_floor":[80,80,80,80,80,80,80,80,80,80,80,80,80,80,80,80],"card_choices":[{"not_picked":["Armaments","Clothesline"],"picked":"Shockwave","floor":1},{"not_picked":["Rage","Warcry"],"picked":"Flame Barrier","floor":4},{"not_picked":["Corruption","Rage"],"picked":"Flame Barrier","floor":6},{"not_picked":["Twin Strike","Anger"],"picked":"True Grit","floor":10},{"not_picked":["Dual Wield","Thunderclap"],"picked":"Burning Pact","floor":11},{"not_picked":["Havoc","Sword Boomerang"],"picked":"Metallicize","floor":12},{"not_picked":["Hemokinesis","Rage","Iron Wave"],"picked":"SKIP","floor":14}],"player_experience":93768,"relics_obtained":[{"floor":6,"key":"Pen Nib"},{"floor":9,"key":"Mercury Hourglass"},{"floor":11,"key":"Gremlin Horn"}],"event_choices":[{"damage_healed":0,"gold_gain":275,"player_choice":"Desecrate","damage_taken":0,"max_hp_gain":0,"max_hp_loss":0,"event_name":"Golden Shrine","floor":2,"gold_loss":0,"cards_obtained":["Regret"]},{"cards_removed":["Strike_R"],"damage_healed":0,"gold_gain":0,"player_choice":"Card Removal","damage_taken":7,"max_hp_gain":0,"max_hp_loss":0,"event_name":"Golden Wing","floor":5,"gold_loss":0},{"damage_healed":26,"gold_gain":0,"player_choice":"Banana","damage_taken":0,"max_hp_gain":0,"max_hp_loss":0,"event_name":"Big Fish","floor":13,"gold_loss":0}],"is_beta":false,"boss_relics":[],"items_purged_floors":[3],"is_endless":false,"potions_floor_spawned":[4,10,11],"killed_by":"Hexaghost","ascension_level":0}