{"gold_per_floor":[114,32,44,44,54,54,89,89,89,89,99,31,31,64,64,136,136,155,155,175,209,219,219,252,252,252,262,280,295,295,310,310,384,384,403,403,328,328,328,328,58,58,58,92,104,117,134,154,154,154],"floor_reached":51,"playtime":3646,"items_purged":["Pain","Strike_G"],"score":1192,"play_id":"4107a59a-ccf9-419e-b6a4-ab8a40e6d160","local_time":"20190208195816","is_ascension_mode":true,"campfire_choices":[{"data":"Neutralize","floor":6.0,"key":"SMITH"},{"data":"Corpse Explosion","floor":8.0,"key":"SMITH"},{"data":"Well Laid Plans","floor":10.0,"key":"SMITH"},{"data":"Catalyst","floor":13.0,"key":"SMITH"},{"data":"Cloak And Dagger","floor":15.0,"key":"SMITH"},{"data":"Malaise","floor":23,"key":"SMITH"},{"data":"Wraith Form v2","floor":25,"key":"SMITH"},{"data":"Footwork","floor":32,"key":"SMITH"},{"data":"Acrobatics","floor":40,"key":"SMITH"},{"data":"Deadly Poison","floor":42,"key":"SMITH"},{"data":"Backflip","floor":49,"key":"SMITH"}],"neow_cost":"NONE","seed_source_timestamp":0,"circlet_count":0,"master_deck":["AscendersBane","Defend_G","Defend_G","Defend_G","Defend_G","Defend_G","Survivor","Neutralize+1","Predator","Well Laid Plans+1","Flying Knee+1","Grand Finale+1","Corpse Explosion+1","Cloak And Dagger+1","Catalyst+1","Malaise+1","PiercingWail","Catalyst+1","Acrobatics+1","Backflip+1","Wraith Form v2+1","Cloak And Dagger","Footwork+1","Concentrate","Backflip","Flechettes+1","Acrobatics+1","Dodge and Roll+1","Deadly Poison+1","Parasite","PiercingWail"],"special_seed":0,"relics":["Ring of the Snake","Meat on the Bone","Oddly Smooth Stone","Sundial","Philosopher\u0027s Stone","Red Mask","Regal Pillow","PreservedInsect","Astrolabe","WarpedTongs","Snake Skull","Whetstone","Blue Candle"],"potions_floor_usage":[21,33,33,50],"damage_taken":[{"damage":15.0,"enemies":"Jaw Worm","floor":1.0,"turns":8.0},{"damage":0.0,"enemies":"Cultist","floor":3.0,"turns":4.0},{"damage":0.0,"enemies":"Small Slimes","floor":5.0,"turns":2.0},{"damage":2.0,"enemies":"Lagavulin","floor":7.0,"turns":7.0},{"damage":10.0,"enemies":"Exordium Thugs","floor":11.0,"turns":4.0},{"damage":20.0,"enemies":"Gremlin Nob","floor":14.0,"turns":4.0},{"damage":13.0,"enemies":"Hexaghost","floor":16.0,"turns":8.0},{"damage":2,"enemies":"Shell Parasite","floor":18,"turns":7},{"damage":0,"enemies":"Chosen","floor":20,"turns":3},{"damage":1,"enemies":"Masked Bandits","floor":21,"turns":3},{"damage":24,"enemies":"Sentry and Sphere","floor":22,"turns":6},{"damage":11,"enemies":"Book of Stabbing","floor":24,"turns":5},{"damage":1,"enemies":"Centurion and Healer","floor":27,"turns":3},{"damage":0,"enemies":"Cultist and Chosen","floor":28,"turns":4},{"damage":0,"enemies":"Snecko","floor":29,"turns":4},{"damage":2,"enemies":"Shelled Parasite and Fungi","floor":31,"turns":8},{"damage":9,"enemies":"Collector","floor":33,"turns":11},{"damage":45,"enemies":"3 Darklings","floor":35,"turns":5},{"damage":0,"enemies":"Giant Head","floor":44,"turns":5},{"damage":0,"enemies":"Orb Walker","floor":45,"turns":3},{"damage":2,"enemies":"Transient","floor":46,"turns":5},{"damage":0,"enemies":"Sphere and 2 Shapes","floor":47,"turns":5},{"damage":0,"enemies":"Writhing Mass","floor":48,"turns":5},{"damage":19,"enemies":"Awakened One","floor":50,"turns":19}],"seed_played":"-8104517538050973049","potions_obtained":[{"floor":7.0,"key":"Weak Potion"},{"floor":11.0,"key":"Strength Potion"},{"floor":14.0,"key":"PowerPotion"},{"floor":16.0,"key":"Weak Potion"},{"floor":20,"key":"SteroidPotion"},{"floor":24,"key":"Dexterity Potion"},{"floor":33,"key":"FearPotion"},{"floor":35,"key":"GhostInAJar"}],"is_trial":false,"path_per_floor":["M","$","M","?","M","R","E","R","T","R","M","$","R","E","R","B",null,"M","?","M","?","M","R","E","R","T","M","M","M","?","M","R","B",null,"M","?","$","$","?","R","$","R","T","E","M","M","M","M","R","B",null],"character_chosen":"THE_SILENT","items_purchased":["Well Laid Plans","Catalyst","Snake Skull","Deadly Poison"],"campfire_rested":0,"item_purchase_floors":[2,12,41,41],"current_hp_per_floor":[55,55,55,55,55,55,53,53,53,53,43,43,43,35,35,34,66,64,64,64,63,39,39,40,40,40,39,39,39,39,49,49,40,68,35,35,35,35,87,87,87,87,87,87,87,85,85,85,85,66],"gold":154,"neow_bonus":"TEN_PERCENT_HP_BONUS","is_prod":false,"is_daily":false,"chose_seed":false,"campfire_upgraded":11,"win_rate":0,"timestamp":1549609096,"path_taken":["M","$","M","?","M","R","E","R","T","R","M","$","R","E","R","BOSS","M","?","?","?","M","R","E","R","T","M","M","M","?","M","R","BOSS","M","?","?","$","?","R","$","R","T","E","M","M","?","M","R","BOSS"],"build_version":"2019-01-23","purchased_purges":2,"victory":true,"max_hp_per_floor":[77,77,77,77,77,77,77,77,77,77,77,77,77,77,77,77,77,77,77,77,77,77,77,77,77,77,77,77,77,77,77,77,77,77,77,77,77,77,87,87,87,87,87,87,87,87,87,87,87,87],"card_choices":[{"not_picked":["Acrobatics","Flying Knee"],"picked":"Predator","floor":1.0},{"not_picked":["Underhanded Strike","Quick Slash"],"picked":"Flying Knee","floor":3.0},{"not_picked":["Choke","All Out Attack","Backflip"],"picked":"SKIP","floor":5.0},{"not_picked":["Setup","Acrobatics"],"picked":"Corpse Explosion","floor":7.0},{"not_picked":["Dodge and Roll","All Out Attack"],"picked":"Cloak And Dagger","floor":11.0},{"not_picked":["Accuracy","A Thousand Cuts","All Out Attack"],"picked":"SKIP","floor":14.0},{"not_picked":["Corpse Explosion","Phantasmal Killer"],"picked":"Malaise","floor":16.0},{"not_picked":["Poisoned Stab","Dodge and Roll+1"],"picked":"PiercingWail","floor":18},{"not_picked":["Caltrops","Choke"],"picked":"Acrobatics","floor":20},{"not_picked":["Quick Slash","Outmaneuver"],"picked":"Backflip","floor":21},{"not_picked":["Quick Slash","Well Laid Plans","Sucker Punch"],"picked":"SKIP","floor":22},{"not_picked":["Heel Hook","Noxious Fumes"],"picked":"Wraith Form v2","floor":24},{"not_picked":["Outmaneuver","Skewer"],"picked":"Cloak And Dagger","floor":27},{"not_picked":["Dagger Throw","Blade Dance","Masterful Stab"],"picked":"SKIP","floor":28},{"not_picked":["Flechettes","Choke"],"picked":"Footwork","floor":29},{"not_picked":["Deflect","Poisoned Stab"],"picked":"Backflip","floor":31},{"not_picked":["Venomology","Grand Finale"],"picked":"Night Terror","floor":33},{"not_picked":["Dagger Throw","Backflip","Infinite Blades"],"picked":"SKIP","floor":35},{"not_picked":["Well Laid Plans+1","Slice","Dagger Spray+1"],"picked":"SKIP","floor":44},{"not_picked":["Slice","Acrobatics","Dagger Spray"],"picked":"SKIP","floor":45},{"not_picked":["Dagger Spray","Quick Slash+1","Distraction"],"picked":"SKIP","floor":46},{"not_picked":["Eviscerate","Dagger Throw","Backflip"],"picked":"SKIP","floor":47},{"not_picked":["Sucker Punch","Cloak And Dagger"],"picked":"PiercingWail","floor":48}],"player_experience":190660,"relics_obtained":[{"floor":7.0,"key":"Meat on the Bone"},{"floor":9.0,"key":"Oddly Smooth Stone"},{"floor":14.0,"key":"Sundial"},{"floor":21,"key":"Red Mask"},{"floor":24,"key":"Regal Pillow"},{"floor":26,"key":"PreservedInsect"},{"floor":43,"key":"Whetstone"},{"floor":44,"key":"Blue Candle"}],"event_choices":[{"damage_healed":0.0,"max_hp_gain":0.0,"max_hp_loss":0.0,"gold_gain":0.0,"event_name":"Match and Keep!","player_choice":"1 cards matched","floor":4.0,"gold_loss":0.0,"damage_taken":0.0,"cards_obtained":["Grand Finale"]},{"damage_healed":0,"gold_gain":0,"player_choice":"Copied","damage_taken":0,"max_hp_gain":0,"max_hp_loss":0,"event_name":"Duplicator","floor":19,"gold_loss":0,"cards_obtained":["Catalyst"]},{"damage_healed":0,"gold_gain":0,"player_choice":"Fought Bandits","damage_taken":0,"max_hp_gain":0,"max_hp_loss":0,"event_name":"Masked Bandits","floor":21,"gold_loss":0},{"damage_healed":0,"gold_gain":0,"cards_transformed":["Strike_G"],"player_choice":"Transformed","damage_taken":0,"max_hp_gain":0,"max_hp_loss":0,"event_name":"Transmorgrifier","floor":30,"gold_loss":0,"cards_obtained":["Concentrate"]},{"damage_healed":0,"gold_gain":0,"player_choice":"Rummage","damage_taken":0,"relics_obtained":["WarpedTongs"],"max_hp_gain":0,"max_hp_loss":0,"event_name":"Accursed Blacksmith","floor":36,"gold_loss":0,"cards_obtained":["Pain"]},{"cards_removed":["Night Terror"],"damage_healed":42,"gold_gain":0,"player_choice":"Offered Rare","damage_taken":0,"max_hp_gain":10,"max_hp_loss":0,"event_name":"Bonfire Elementals","floor":39,"gold_loss":0}],"is_beta":false,"boss_relics":[{"not_picked":["Eternal Feather","Busted Crown"],"picked":"Philosopher\u0027s Stone"},{"not_picked":["Runic Dome","Lizard Tail"],"picked":"Astrolabe"}],"items_purged_floors":[37,41],"is_endless":false,"potions_floor_spawned":[7,11,14,16,20,24,28,33,35,47],"ascension_level":13}