{"gold_per_floor":[99,99,99,99,99,99,69,69,69,69,2,2,2,2,2,2,2,0,0,0,0,0,0,0,0,0,0,0,0,0,0,0,0,0,0,0,0,0,0,0,0],"floor_reached":41,"playtime":2368,"items_purged":[],"score":498,"play_id":"7d64d4b8-5cd0-4ffd-b81f-6ed43b857996","local_time":"20190301125602","is_ascension_mode":true,"campfire_choices":[{"data":"Sunder","floor":8,"key":"SMITH"},{"data":"Multi-Cast","floor":15,"key":"SMITH"},{"floor":27,"key":"REST"},{"data":"Rainbow","floor":32,"key":"SMITH"},{"data":"White Noise","floor":40,"key":"SMITH"}],"neow_cost":"NONE","seed_source_timestamp":1320116109517414,"circlet_count":0,"master_deck":["Strike_B","Strike_B","Strike_B","Defend_B","Defend_B","Defend_B","Zap","Dualcast","Rebound","Conserve Battery","Gash","Reboot","Conserve Battery","Sunder+1","Sweeping Beam","White Noise+1","Scrape","Multi-Cast+1","Ball Lightning","Buffer","Go for the Eyes","Rainbow+1","Stack+1","Pain","Cold Snap","Ball Lightning+1","Redo","Ghostly","Ghostly","Ghostly","Ghostly","Ghostly","Auto Shields","Leap","Meteor Strike","Compile Driver+1","Rip and Tear+1","Chaos+1"],"relics":["Ectoplasm","Darkstone Periapt","Blood Vial","Bag of Preparation","Pantograph","Philosopher\u0027s Stone","WarpedTongs","Bronze Scales","Enchiridion","Sundial","Lizard Tail","Red Mask","FossilizedHelix"],"potions_floor_usage":[23,24,33,33],"damage_taken":[{"damage":0,"enemies":"Cultist","floor":1,"turns":4},{"damage":5,"enemies":"Jaw Worm","floor":2,"turns":4},{"damage":0,"enemies":"2 Louse","floor":4,"turns":2},{"damage":6,"enemies":"Lots of Slimes","floor":5,"turns":4},{"damage":23,"enemies":"Lagavulin","floor":6,"turns":8},{"damage":0,"enemies":"Looter","floor":7,"turns":3},{"damage":16,"enemies":"3 Sentries","floor":10,"turns":6},{"damage":6,"enemies":"Large Slime","floor":13,"turns":4},{"damage":0,"enemies":"3 Louse","floor":14,"turns":2},{"damage":29,"enemies":"The Guardian","floor":16,"turns":10},{"damage":12,"enemies":"2 Thieves","floor":18,"turns":3},{"damage":16,"enemies":"Shell Parasite","floor":20,"turns":5},{"damage":22,"enemies":"Cultist and Chosen","floor":22,"turns":5},{"damage":10,"enemies":"Slavers","floor":23,"turns":3},{"damage":2,"enemies":"Snecko","floor":24,"turns":4},{"damage":12,"enemies":"Centurion and Healer","floor":28,"turns":7},{"damage":14,"enemies":"Shelled Parasite and Fungi","floor":30,"turns":4},{"damage":10,"enemies":"Snecko","floor":31,"turns":4},{"damage":50,"enemies":"Automaton","floor":33,"turns":10},{"damage":0,"enemies":"3 Darklings","floor":35,"turns":4},{"damage":5,"enemies":"Mind Bloom Boss Battle","floor":37,"turns":7},{"damage":0,"enemies":"Orb Walker","floor":38,"turns":4},{"damage":82,"enemies":"Giant Head","floor":41,"turns":9}],"seed_played":"-6228386766119759908","potions_obtained":[{"floor":2,"key":"GamblersBrew"},{"floor":4,"key":"LiquidBronze"},{"floor":6,"key":"SkillPotion"},{"floor":7,"key":"FairyPotion"},{"floor":22,"key":"Explosive Potion"},{"floor":23,"key":"FocusPotion"},{"floor":28,"key":"FocusPotion"},{"floor":30,"key":"Strength Potion"},{"floor":38,"key":"LiquidBronze"}],"is_trial":false,"path_per_floor":["M","M","?","M","M","E","M","R","T","E","$","T","M","M","R","B",null,"M","?","M","?","M","E","M","?","T","R","M","?","M","M","R","B",null,"M","?","?","M","?","R","E"],"character_chosen":"DEFECT","items_purchased":["Scrape"],"campfire_rested":1,"item_purchase_floors":[11],"current_hp_per_floor":[75,70,70,70,64,41,41,41,41,27,27,27,23,25,25,23,75,63,63,49,55,35,27,27,11,11,35,25,25,13,5,5,2,40,40,40,35,37,37,37,0],"gold":0,"neow_bonus":"BOSS_RELIC","is_prod":false,"is_daily":false,"chose_seed":false,"campfire_upgraded":4,"win_rate":0,"timestamp":1551412562,"path_taken":["M","M","?","M","?","E","M","R","T","E","?","?","?","M","R","BOSS","M","?","?","?","?","E","M","?","T","R","M","?","M","M","R","BOSS","M","?","?","M","?","R","E"],"build_version":"2019-01-23","purchased_purges":0,"victory":false,"max_hp_per_floor":[75,75,75,75,75,75,75,75,75,75,75,75,75,75,75,75,75,75,75,75,81,81,81,81,81,81,81,81,40,40,40,40,40,40,40,40,40,40,40,40,40],"card_choices":[{"not_picked":["Beam Cell","Turbo"],"picked":"Rebound","floor":1},{"not_picked":["Stack","Coolheaded"],"picked":"Conserve Battery","floor":2},{"not_picked":["Gash","Coolheaded"],"picked":"Reboot","floor":4},{"not_picked":["Turbo","Steam"],"picked":"Conserve Battery","floor":5},{"not_picked":["Go for the Eyes","Aggregate"],"picked":"Sunder","floor":6},{"not_picked":["Coolheaded","Stack"],"picked":"Sweeping Beam","floor":7},{"not_picked":["Rebound","Conserve Battery"],"picked":"White Noise","floor":10},{"not_picked":["Barrage","Compile Driver"],"picked":"Multi-Cast","floor":13},{"not_picked":["Compile Driver","Double Energy"],"picked":"Ball Lightning","floor":14},{"not_picked":["All For One","Multi-Cast"],"picked":"Buffer","floor":16},{"not_picked":["Turbo+1","Gash"],"picked":"Go for the Eyes","floor":18},{"not_picked":["Barrage","Leap"],"picked":"Stack+1","floor":20},{"not_picked":["Ball Lightning","Gash"],"picked":"Cold Snap","floor":22},{"not_picked":["Biased Cognition","Hologram"],"picked":"Ball Lightning+1","floor":23},{"not_picked":["Gash","Beam Cell"],"picked":"Redo","floor":24},{"not_picked":["Lockon+1","Beam Cell+1"],"picked":"Leap","floor":28},{"not_picked":["Sweeping Beam","Barrage"],"picked":"Auto Shields","floor":30},{"not_picked":["Redo","Gash"],"picked":"Leap","floor":31},{"not_picked":["Amplify","Biased Cognition"],"picked":"Meteor Strike","floor":33},{"not_picked":["Gash+1","Blizzard+1"],"picked":"Compile Driver+1","floor":35},{"not_picked":["Turbo+1","Barrage"],"picked":"Rip and Tear+1","floor":37},{"not_picked":["Sweeping Beam+1","Doom and Gloom"],"picked":"Chaos+1","floor":38}],"player_experience":164958,"relics_obtained":[{"floor":6,"key":"Darkstone Periapt"},{"floor":9,"key":"Blood Vial"},{"floor":10,"key":"Bag of Preparation"},{"floor":12,"key":"Pantograph"},{"floor":23,"key":"Bronze Scales"},{"floor":25,"key":"Enchiridion"},{"floor":26,"key":"Sundial"},{"floor":37,"key":"FossilizedHelix"}],"event_choices":[{"damage_healed":0,"gold_gain":0,"cards_transformed":["Strike_B"],"player_choice":"Transformed","damage_taken":0,"max_hp_gain":0,"max_hp_loss":0,"event_name":"Transmorgrifier","floor":3,"gold_loss":0,"cards_obtained":["Gash"]},{"damage_healed":0,"gold_gain":0,"cards_transformed":["Defend_B"],"player_choice":"Transformed","damage_taken":0,"max_hp_gain":0,"max_hp_loss":0,"event_name":"Transmorgrifier","floor":19,"gold_loss":0,"cards_obtained":["Rainbow"]},{"damage_healed":0,"gold_gain":0,"player_choice":"Rummage","damage_taken":0,"relics_obtained":["WarpedTongs"],"max_hp_gain":0,"max_hp_loss":0,"event_name":"Accursed Blacksmith","floor":21,"gold_loss":0,"cards_obtained":["Pain"]},{"damage_healed":0,"gold_gain":0,"player_choice":"Obtained Book","damage_taken":16,"max_hp_gain":0,"max_hp_loss":0,"event_name":"Cursed Tome","floor":25,"gold_loss":0},{"damage_healed":0,"gold_gain":0,"player_choice":"Became a Ghost","damage_taken":0,"max_hp_gain":0,"max_hp_loss":41,"event_name":"Ghosts","floor":29,"gold_loss":0,"cards_obtained":["Ghostly","Ghostly","Ghostly","Ghostly","Ghostly"]},{"damage_healed":0,"gold_gain":0,"player_choice":"Paid","damage_taken":0,"relics_obtained":["Red Mask"],"max_hp_gain":0,"max_hp_loss":0,"event_name":"Tomb of Lord Red Mask","floor":36,"gold_loss":0},{"damage_healed":0,"gold_gain":0,"player_choice":"Fight","damage_taken":0,"max_hp_gain":0,"max_hp_loss":0,"event_name":"MindBloom","floor":37,"gold_loss":0},{"cards_removed":["Leap"],"damage_healed":0,"gold_gain":0,"player_choice":"Removed Skill","damage_taken":0,"max_hp_gain":0,"max_hp_loss":0,"event_name":"Falling","floor":39,"gold_loss":0}],"is_beta":false,"boss_relics":[{"not_picked":["Empty Cage","Coffee Dripper"],"picked":"Philosopher\u0027s Stone"},{"not_picked":["White Beast Statue","Fusion Hammer"],"picked":"Lizard Tail"}],"items_purged_floors":[],"is_endless":false,"potions_floor_spawned":[2,4,6,7,13,14,16,22,23,28,30,38],"killed_by":"Giant Head","ascension_level":1}