{"gold_per_floor":[112,126,201,201,217,217,249,524,524,524,541,572,68,88,88,160,160,173,89,89,89,89,89,117,134,158,158],"floor_reached":27,"playtime":1277,"items_purged":["Regret"],"score":578,"play_id":"860a71cf-9710-45b9-bb79-6663aa3ff631","local_time":"20190221011950","is_ascension_mode":true,"campfire_choices":[{"data":"Hemokinesis","floor":6,"key":"SMITH"},{"data":"Combust","floor":10,"key":"SMITH"},{"floor":15,"key":"REST"},{"data":"Inflame","floor":23,"key":"SMITH"}],"neow_cost":"NONE","seed_source_timestamp":42264331636842,"circlet_count":0,"master_deck":["AscendersBane","Strike_R","Strike_R","Strike_R","Strike_R","Strike_R","Defend_R","Defend_R","Defend_R","Defend_R","Bash","Combust+1","Whirlwind+1","Hemokinesis+1","Ghostly Armor","Anger","Iron Wave","Limit Break","Inflame+1","Offering","Headbutt","Blood for Blood","Pain","Shrug It Off+1"],"relics":["Burning Blood","Matryoshka","Bottled Lightning","Shuriken","Mercury Hourglass","Happy Flower","Snecko Eye","WarpedTongs","Bronze Scales","Potion Belt","Pen Nib"],"potions_floor_usage":[16,18,25],"damage_taken":[{"damage":1,"enemies":"2 Louse","floor":1,"turns":2},{"damage":15,"enemies":"Small Slimes","floor":2,"turns":5},{"damage":2,"enemies":"Cultist","floor":5,"turns":4},{"damage":38,"enemies":"Lagavulin","floor":7,"turns":5},{"damage":15,"enemies":"Exordium Thugs","floor":11,"turns":3},{"damage":12,"enemies":"3 Sentries","floor":12,"turns":4},{"damage":11,"enemies":"Looter","floor":14,"turns":3},{"damage":4,"enemies":"Slime Boss","floor":16,"turns":5},{"damage":22,"enemies":"2 Thieves","floor":18,"turns":5},{"damage":33,"enemies":"Gremlin Leader","floor":24,"turns":4},{"damage":38,"enemies":"Shell Parasite","floor":25,"turns":5},{"damage":18,"enemies":"3 Cultists","floor":27,"turns":3}],"seed_played":"-5024619163816877008","potions_obtained":[{"floor":5,"key":"SpeedPotion"},{"floor":11,"key":"GamblersBrew"},{"floor":12,"key":"Energy Potion"},{"floor":16,"key":"Regen Potion"},{"floor":24,"key":"LiquidBronze"}],"is_trial":false,"path_per_floor":["M","M","?","?","M","R","E","?","T","R","M","E","$","M","R","B",null,"M","$","?","$","?","R","E","M","T","M"],"character_chosen":"IRONCLAD","items_purchased":["Limit Break","Inflame","Happy Flower","AttackPotion","Blood for Blood"],"campfire_rested":1,"item_purchase_floors":[13,13,13,13,19],"current_hp_per_floor":[80,71,60,60,64,64,32,32,32,32,23,17,17,12,36,38,71,69,69,69,69,69,69,42,10,10,0],"gold":158,"neow_bonus":"TEN_PERCENT_HP_BONUS","is_prod":false,"is_daily":false,"chose_seed":false,"campfire_upgraded":3,"win_rate":0,"timestamp":1550665190,"path_taken":["M","M","?","?","M","R","E","?","T","R","M","E","$","M","R","BOSS","M","$","?","?","?","R","E","M","T","M"],"build_version":"2019-01-23","purchased_purges":1,"victory":false,"max_hp_per_floor":[82,82,82,82,82,82,82,82,82,82,82,82,82,82,82,82,82,82,82,82,82,82,82,82,82,82,82],"card_choices":[{"not_picked":["Warcry","Sever Soul"],"picked":"Combust","floor":1},{"not_picked":["Havoc","Sword Boomerang"],"picked":"Whirlwind","floor":2},{"not_picked":["Havoc","Sever Soul"],"picked":"Hemokinesis","floor":5},{"not_picked":["Rage","Thunderclap"],"picked":"Ghostly Armor","floor":7},{"not_picked":["Heavy Blade","Flex"],"picked":"Anger","floor":11},{"not_picked":["Twin Strike","Cleave"],"picked":"Iron Wave","floor":12},{"not_picked":["Thunderclap","Limit Break","Heavy Blade"],"picked":"SKIP","floor":14},{"not_picked":["Immolate","Brutality"],"picked":"Offering","floor":16},{"not_picked":["Iron Wave","Fire Breathing"],"picked":"Headbutt","floor":18},{"not_picked":["Wild Strike","Warcry+1","Sword Boomerang"],"picked":"SKIP","floor":24},{"not_picked":["Havoc","Clash"],"picked":"Shrug It Off+1","floor":25}],"player_experience":377965,"relics_obtained":[{"floor":7,"key":"Matryoshka"},{"floor":9,"key":"Bottled Lightning"},{"floor":9,"key":"Shuriken"},{"floor":12,"key":"Mercury Hourglass"},{"floor":24,"key":"Bronze Scales"},{"floor":26,"key":"Potion Belt"},{"floor":26,"key":"Pen Nib"}],"event_choices":[{"damage_healed":0,"gold_gain":75,"player_choice":"Gather Gold","damage_taken":11,"max_hp_gain":0,"max_hp_loss":0,"event_name":"World of Goop","floor":3,"gold_loss":0},{"damage_healed":0,"gold_gain":0,"player_choice":"Grow","damage_taken":0,"max_hp_gain":0,"max_hp_loss":0,"event_name":"Living Wall","floor":4,"gold_loss":0,"cards_upgraded":["Whirlwind"]},{"damage_healed":0,"gold_gain":275,"player_choice":"Desecrate","damage_taken":0,"max_hp_gain":0,"max_hp_loss":0,"event_name":"Golden Shrine","floor":8,"gold_loss":0,"cards_obtained":["Regret"]},{"damage_healed":0,"gold_gain":0,"player_choice":"Rummage","damage_taken":0,"relics_obtained":["WarpedTongs"],"max_hp_gain":0,"max_hp_loss":0,"event_name":"Accursed Blacksmith","floor":20,"gold_loss":0,"cards_obtained":["Pain"]},{"damage_healed":0,"gold_gain":0,"player_choice":"Ignored","damage_taken":0,"max_hp_gain":0,"max_hp_loss":0,"event_name":"Ghosts","floor":22,"gold_loss":0}],"is_beta":false,"boss_relics":[{"not_picked":["Fusion Hammer","Tiny House"],"picked":"Snecko Eye"}],"items_purged_floors":[13],"is_endless":false,"potions_floor_spawned":[5,11,12,14,16,24],"killed_by":"3 Cultists","ascension_level":20}