{"gold_per_floor":[115,390,402,420,436,436,469,469,469,17,17,49,49,62,62,134,134,144,219,237,254,269,269,296,296,296,296,330,630,630,649,649,649],"floor_reached":33,"playtime":2224,"items_purged":[],"score":512,"play_id":"e71a1d5e-fa2d-41ab-ad7f-3a471609e0be","local_time":"20190204005841","is_ascension_mode":true,"campfire_choices":[{"data":"Neutralize","floor":6,"key":"SMITH"},{"data":"Dash","floor":8,"key":"SMITH"},{"data":"Survivor","floor":11,"key":"SMITH"},{"data":"Tactician","floor":13,"key":"SMITH"},{"data":"Dash","floor":15,"key":"SMITH"},{"floor":23,"key":"REST"},{"data":"Leg Sweep","floor":25,"key":"SMITH"},{"floor":27,"key":"REST"},{"data":"PiercingWail","floor":30,"key":"SMITH"},{"data":"Dagger Throw","floor":32,"key":"SMITH"}],"neow_cost":"CURSE","seed_source_timestamp":28176036745856,"circlet_count":0,"master_deck":["AscendersBane","Defend_G","Defend_G","Defend_G","Defend_G","Defend_G","Strike_G","Strike_G","Strike_G","Survivor+1","Neutralize+1","Injury","Dash+1","Dagger Throw+1","PiercingWail+1","Dagger Throw","Die Die Die","Tactician+1","Dash+1","After Image","Bane+1","Backstab+1","Injury","Blade Dance+1","Leg Sweep+1","Dodge and Roll+1","PiercingWail+1"],"relics":["Ring of the Snake","Du-Vu Doll","Art of War","Regal Pillow","Tingsha","Letter Opener","Astrolabe","Boot","Gambling Chip","FossilizedHelix","Old Coin"],"potions_floor_usage":[7,16,24,33],"damage_taken":[{"damage":0,"enemies":"Small Slimes","floor":1,"turns":3},{"damage":1,"enemies":"Cultist","floor":3,"turns":3},{"damage":0,"enemies":"2 Louse","floor":4,"turns":2},{"damage":0,"enemies":"Looter","floor":5,"turns":2},{"damage":2,"enemies":"3 Sentries","floor":7,"turns":7},{"damage":19,"enemies":"Lagavulin","floor":12,"turns":6},{"damage":1,"enemies":"3 Louse","floor":14,"turns":2},{"damage":22,"enemies":"The Guardian","floor":16,"turns":11},{"damage":6,"enemies":"Spheric Guardian","floor":18,"turns":3},{"damage":0,"enemies":"Chosen","floor":20,"turns":5},{"damage":10,"enemies":"Shelled Parasite and Fungi","floor":21,"turns":5},{"damage":6,"enemies":"Snake Plant","floor":22,"turns":3},{"damage":34,"enemies":"Gremlin Leader","floor":24,"turns":14},{"damage":2,"enemies":"Slavers","floor":28,"turns":3},{"damage":4,"enemies":"3 Cultists","floor":31,"turns":4},{"damage":67,"enemies":"Automaton","floor":33,"turns":8}],"seed_played":"-783226892192497239","potions_obtained":[{"floor":1,"key":"Ancient Potion"},{"floor":4,"key":"LiquidBronze"},{"floor":14,"key":"Strength Potion"},{"floor":18,"key":"Energy Potion"},{"floor":31,"key":"Swift Potion"}],"is_trial":false,"path_per_floor":["M","?","M","M","M","R","E","R","T","$","R","E","R","M","R","B",null,"M","?","M","M","M","R","E","R","T","R","E","?","R","M","R","B"],"character_chosen":"THE_SILENT","items_purchased":["Tingsha","Die Die Die"],"campfire_rested":2,"item_purchase_floors":[10,10],"current_hp_per_floor":[63,63,62,62,62,62,60,60,60,60,60,41,41,40,40,18,57,51,44,44,34,28,64,30,30,30,66,64,64,64,60,60,0],"gold":649,"neow_bonus":"ONE_RARE_RELIC","is_prod":false,"is_daily":false,"chose_seed":false,"campfire_upgraded":8,"win_rate":0,"timestamp":1549195121,"path_taken":["M","?","?","M","?","R","E","R","T","$","R","E","R","?","R","BOSS","M","?","M","?","M","R","E","R","T","R","E","?","R","M","R","BOSS"],"build_version":"2019-01-23","purchased_purges":0,"victory":false,"max_hp_per_floor":[70,70,70,70,70,70,70,70,70,70,70,70,70,70,70,70,70,70,70,70,70,70,70,70,70,70,70,70,70,70,70,70,70],"card_choices":[{"not_picked":["Outmaneuver","Setup"],"picked":"Dash","floor":1},{"not_picked":["Footwork","Prepared"],"picked":"Dagger Throw","floor":3},{"not_picked":["Slice","Backflip","Night Terror"],"picked":"SKIP","floor":4},{"not_picked":["Slice","Expertise"],"picked":"PiercingWail","floor":5},{"not_picked":["Tactician","Slice"],"picked":"Dagger Throw","floor":7},{"not_picked":["Sucker Punch","Slice"],"picked":"Tactician","floor":12},{"not_picked":["Flechettes","Expertise"],"picked":"Dash","floor":14},{"not_picked":["Corpse Explosion","Bullet Time"],"picked":"After Image","floor":16},{"not_picked":["Flying Knee","Catalyst","Bane"],"picked":"SKIP","floor":18},{"not_picked":["Caltrops","Eviscerate"],"picked":"Blade Dance+1","floor":20},{"not_picked":["Skewer","Dagger Throw","Expertise"],"picked":"SKIP","floor":21},{"not_picked":["Skewer","Dagger Throw","Expertise"],"picked":"SKIP","floor":21},{"not_picked":["Tactician","Bane"],"picked":"Leg Sweep","floor":22},{"not_picked":["Prepared","All Out Attack"],"picked":"Dodge and Roll+1","floor":24},{"not_picked":["Prepared","Flying Knee","Phantasmal Killer"],"picked":"SKIP","floor":28},{"not_picked":["Concentrate","Outmaneuver"],"picked":"PiercingWail+1","floor":31}],"player_experience":180361,"relics_obtained":[{"floor":7,"key":"Art of War"},{"floor":9,"key":"Regal Pillow"},{"floor":12,"key":"Letter Opener"},{"floor":24,"key":"Boot"},{"floor":26,"key":"Gambling Chip"},{"floor":28,"key":"FossilizedHelix"}],"event_choices":[{"damage_healed":0,"gold_gain":275,"player_choice":"Desecrate","damage_taken":0,"max_hp_gain":0,"max_hp_loss":0,"event_name":"Golden Shrine","floor":2,"gold_loss":0,"cards_obtained":["Regret"]},{"damage_healed":0,"gold_gain":75,"player_choice":"Touch","damage_taken":7,"max_hp_gain":0,"max_hp_loss":0,"event_name":"FaceTrader","floor":19,"gold_loss":0},{"damage_healed":0,"gold_gain":0,"player_choice":"Opened","damage_taken":0,"relics_obtained":["Old Coin"],"max_hp_gain":0,"max_hp_loss":0,"event_name":"The Mausoleum","floor":29,"gold_loss":0}],"is_beta":false,"boss_relics":[{"not_picked":["Runic Pyramid","Orrery"],"picked":"Astrolabe"}],"items_purged_floors":[],"is_endless":false,"potions_floor_spawned":[1,4,14,18,20,31],"killed_by":"Automaton","ascension_level":13}