{"gold_per_floor":[110,110,110,126,100,100,116,116,197,210,210,245,271,285,285,390,390,409,419,465,189,189],"floor_reached":22,"playtime":516,"items_purged":["Recycle"],"score":230,"play_id":"9da7a301-9ba1-495f-ad5d-22bd3bc27f61","local_time":"20180712032029","is_ascension_mode":true,"campfire_choices":[{"data":"Zap","floor":6,"key":"SMITH"},{"floor":8,"key":"REST"},{"data":"Dualcast","floor":11,"key":"SMITH"},{"data":"Capacitor","floor":15,"key":"SMITH"}],"neow_cost":"TEN_PERCENT_HP_LOSS","seed_source_timestamp":5761139808254,"circlet_count":0,"master_deck":["Zap+1","Dualcast+1","Ball Lightning","Cold Snap","Leap","Ball Lightning","Hologram","Ball Lightning","Capacitor+1","Echo Form","Lockon","Stack","Hello World","Steam","Cold Snap","Tempest","Leap"],"relics":["Cracked Core","Torii","Bottled Lightning","Omamori","Odd Mushroom","Pandora\u0027s Box","Happy Flower","Blood Vial"],"potions_floor_usage":[12,16,19,22],"damage_taken":[{"damage":7,"enemies":"Jaw Worm","floor":1,"turns":3},{"damage":7,"enemies":"Small Slimes","floor":4,"turns":3},{"damage":0,"enemies":"Cultist","floor":7,"turns":3},{"damage":1,"enemies":"3 Louse","floor":10,"turns":3},{"damage":1,"enemies":"Gremlin Nob","floor":12,"turns":3},{"damage":10,"floor":13,"turns":3},{"damage":0,"enemies":"Looter","floor":14,"turns":2},{"damage":20,"enemies":"The Guardian","floor":16,"turns":8},{"damage":31,"enemies":"2 Thieves","floor":18,"turns":4},{"damage":0,"enemies":"Spheric Guardian","floor":19,"turns":2},{"damage":30,"enemies":"Slaver and Parasite","floor":22,"turns":3}],"seed_played":"2094427062029184170","potions_obtained":[{"floor":1,"key":"PowerPotion"},{"floor":7,"key":"EssenceOfSteel"},{"floor":16,"key":"Explosive Potion"},{"floor":18,"key":"GamblersBrew"}],"is_trial":false,"path_per_floor":["M","?","?","M","$","R","M","R","T","M","R","E","?","M","R","B",null,"M","M","T","$"],"character_chosen":"DEFECT","items_purchased":["Leap","Leap","Blood Vial"],"campfire_rested":1,"item_purchase_floors":[5,21,21],"current_hp_per_floor":[61,43,36,29,29,29,29,49,49,48,48,47,37,37,37,17,55,24,24,24,24,0],"gold":189,"neow_bonus":"REMOVE_TWO","is_prod":false,"is_daily":false,"chose_seed":false,"campfire_upgraded":3,"win_rate":0,"timestamp":1531322429,"path_taken":["M","?","?","M","?","R","M","R","T","M","R","E","?","?","R","BOSS","M","M","?","$","M"],"build_version":"2018-07-05","purchased_purges":1,"victory":false,"max_hp_per_floor":[68,68,68,68,68,68,68,68,68,68,68,68,68,68,68,68,68,68,68,68,68,68],"card_choices":[{"not_picked":["Hello World","Doom and Gloom"],"picked":"Ball Lightning","floor":1},{"not_picked":["Beam Cell","Conserve Battery"],"picked":"Cold Snap","floor":4},{"not_picked":["Rebound","Turbo","Melter"],"picked":"SKIP","floor":7},{"not_picked":["Go for the Eyes","Beam Cell"],"picked":"Ball Lightning","floor":10},{"not_picked":["Genetic Algorithm","Rebound"],"picked":"Hologram","floor":12},{"not_picked":["Rebound","Leap"],"picked":"Ball Lightning","floor":13},{"not_picked":["Loop","Darkness"],"picked":"Capacitor","floor":14},{"not_picked":["All For One","Multi-Cast"],"picked":"Echo Form","floor":16},{"not_picked":["Fusion+1","Streamline"],"picked":"Cold Snap","floor":18},{"not_picked":["Stack","Undo"],"picked":"Tempest","floor":19}],"player_experience":287637,"relics_obtained":[{"floor":9,"key":"Bottled Lightning"},{"floor":12,"key":"Omamori"},{"floor":13,"key":"Odd Mushroom"},{"floor":20,"key":"Happy Flower"}],"event_choices":[{"event_name":"Scrap Ooze","player_choice":"success","floor":2,"damage_taken":18},{"event_name":"Golden Wing","player_choice":"Card Removal","floor":3,"damage_taken":0},{"event_name":"Mushrooms","player_choice":"Fought Mushrooms","floor":13,"damage_taken":0}],"boss_relics":[{"not_picked":["Busted Crown","Philosopher\u0027s Stone"],"picked":"Pandora\u0027s Box"}],"items_purged_floors":[21],"is_endless":false,"potions_floor_spawned":[1,7,16,18],"killed_by":"Slaver and Parasite","ascension_level":5}