{"gold_per_floor":[116,116,136,150,100,134,134,159,182,198,198,209,221,239,239,336,336,350,361,460,460,474,474,499,499,499,517,528,528,61,78,78,78],"floor_reached":33,"playtime":1363,"items_purged":[],"score":373,"play_id":"fe21e4bd-9050-4ec4-b1f1-154dc0ab65b6","local_time":"20180704014116","is_ascension_mode":true,"campfire_choices":[{"data":"Zap","floor":7,"key":"SMITH"},{"floor":11,"key":"REST"},{"floor":15,"key":"REST"},{"floor":23,"key":"REST"},{"floor":25,"key":"REST"},{"floor":32,"key":"REST"}],"neow_cost":"NONE","seed_source_timestamp":437450570704959,"circlet_count":0,"master_deck":["Strike_B+1","Strike_B+1","Defend_B+1","Defend_B+1","Defend_B+1","Defend_B+1","Zap+1","Dualcast","Meteor Strike","Cold Snap","Streamline","Rebound","Steam","FTL","Electrodynamics","Gash","Coolheaded","Coolheaded","Seek","Capacitor","Capacitor","Gash","Coolheaded","Steam Power","Go for the Eyes+1","Gash","Compile Driver+1","Conserve Battery","Gash","Hologram+1","Coolheaded","BootSequence"],"relics":["Cracked Core","Art of War","Bronze Scales","Orrery","Happy Flower","Ginger","Nloth\u0027s Gift","Letter Opener","Boot"],"potions_floor_usage":[6,6,8,16,16,16,27,31],"damage_taken":[{"damage":5,"enemies":"Small Slimes","floor":1,"turns":3},{"damage":5,"enemies":"Jaw Worm","floor":3,"turns":4},{"damage":0,"enemies":"Cultist","floor":4,"turns":3},{"damage":25,"enemies":"Gremlin Nob","floor":6,"turns":4},{"damage":19,"enemies":"Lagavulin","floor":8,"turns":7},{"damage":6,"enemies":"Lots of Slimes","floor":10,"turns":2},{"damage":11,"enemies":"Exordium Thugs","floor":12,"turns":3},{"damage":18,"enemies":"Large Slime","floor":13,"turns":4},{"damage":2,"enemies":"2 Fungi Beasts","floor":14,"turns":2},{"damage":45,"enemies":"The Guardian","floor":16,"turns":11},{"damage":34,"enemies":"Shell Parasite","floor":18,"turns":5},{"damage":23,"enemies":"2 Thieves","floor":19,"turns":4},{"damage":8,"enemies":"Snecko","floor":22,"turns":5},{"damage":35,"enemies":"Book of Stabbing","floor":24,"turns":5},{"damage":19,"enemies":"Snake Plant","floor":27,"turns":4},{"damage":0,"enemies":"3 Cultists","floor":28,"turns":3},{"damage":16,"enemies":"Slaver and Parasite","floor":31,"turns":4},{"damage":44,"enemies":"Automaton","floor":33,"turns":6}],"seed_played":"-6795030808908178776","potions_obtained":[{"floor":1,"key":"SpeedPotion"},{"floor":4,"key":"Swift Potion"},{"floor":6,"key":"SkillPotion"},{"floor":8,"key":"EntropicBrew"},{"floor":24,"key":"EssenceOfSteel"},{"floor":28,"key":"Block Potion"}],"is_trial":false,"path_per_floor":["M","?","M","M","?","E","R","E","T","M","R","M","M","M","R","B",null,"M","M","?","?","M","R","E","R","T","M","M","?","$","M","R"],"character_chosen":"DEFECT","items_purchased":["Letter Opener","Boot","Coolheaded"],"campfire_rested":5,"item_purchase_floors":[30,30,30],"current_hp_per_floor":[70,63,58,58,58,33,33,16,16,12,34,25,9,9,31,3,75,41,20,20,20,14,36,3,25,25,8,10,10,10,1,23,0],"gold":78,"neow_bonus":"ONE_RANDOM_RARE_CARD","is_prod":false,"is_daily":false,"chose_seed":false,"campfire_upgraded":1,"win_rate":0,"timestamp":1530625276,"path_taken":["M","?","M","M","?","E","R","E","T","M","R","M","M","M","R","BOSS","M","?","?","?","M","R","E","R","T","M","M","?","$","?","R","BOSS"],"build_version":"2018-06-28","purchased_purges":0,"victory":false,"max_hp_per_floor":[75,75,75,75,75,75,75,75,75,75,75,75,75,75,75,75,75,75,75,75,75,75,75,75,75,75,75,75,75,75,75,75,75],"card_choices":[{"not_picked":["Static Discharge","Barrage"],"picked":"Cold Snap","floor":1},{"not_picked":["Scrape","Rip and Tear"],"picked":"Streamline","floor":3},{"not_picked":["Hello World","Barrage"],"picked":"Rebound","floor":4},{"not_picked":["Stack","Lockon"],"picked":"Steam","floor":6},{"not_picked":["Conserve Battery","Steam"],"picked":"FTL","floor":8},{"not_picked":["Conserve Battery","Coolheaded"],"picked":"Electrodynamics","floor":10},{"not_picked":["Stack","Conserve Battery"],"picked":"Gash","floor":12},{"not_picked":["Sunder","Force Field"],"picked":"Coolheaded","floor":13},{"not_picked":["Sweeping Beam","Cold Snap"],"picked":"Coolheaded","floor":14},{"not_picked":["Thunder Strike","Multi-Cast"],"picked":"Seek","floor":16},{"not_picked":["Heatsinks","Conserve Battery"],"picked":"Capacitor","floor":17},{"not_picked":["Coolheaded","Steam Power"],"picked":"Capacitor","floor":17},{"not_picked":["Recycle","Stack"],"picked":"Gash","floor":17},{"not_picked":["Reprogram","Rebound"],"picked":"Coolheaded","floor":17},{"not_picked":["Genetic Algorithm","Fission"],"picked":"Steam Power","floor":17},{"not_picked":["Storm+1","Force Field"],"picked":"Go for the Eyes+1","floor":18},{"not_picked":["Hologram","Auto Shields"],"picked":"Gash","floor":19},{"not_picked":["Aggregate+1","Double Energy+1"],"picked":"Compile Driver+1","floor":22},{"not_picked":["Stack+1","Undo"],"picked":"Conserve Battery","floor":24},{"not_picked":["Conserve Battery","Ball Lightning"],"picked":"Gash","floor":27},{"not_picked":["Barrage","Compile Driver"],"picked":"Hologram+1","floor":28},{"not_picked":["Coolheaded","Leap"],"picked":"BootSequence","floor":31}],"player_experience":270533,"relics_obtained":[{"floor":6,"key":"Blood Vial"},{"floor":8,"key":"Art of War"},{"floor":9,"key":"Bronze Scales"},{"floor":24,"key":"Happy Flower"},{"floor":26,"key":"Ginger"}],"event_choices":[{"event_name":"Golden Wing","player_choice":"Card Removal","floor":2,"damage_taken":0},{"event_name":"The Cleric","player_choice":"Card Removal","floor":5,"damage_taken":0},{"event_name":"Nest","player_choice":"Stole From Cult","floor":20,"damage_taken":0},{"event_name":"Back to Basics","player_choice":"Simplicity","floor":21,"damage_taken":0},{"event_name":"N\u0027loth","player_choice":"Traded a Blood Vial","floor":29,"damage_taken":0}],"boss_relics":[{"not_picked":["Tiny House","Runic Pyramid"],"picked":"Orrery"}],"items_purged_floors":[],"is_endless":false,"potions_floor_spawned":[1,4,6,8,24,28],"killed_by":"Automaton","ascension_level":3}