{"gold_per_floor":[114,114,114,114,129,129,160,171,250,266,286,286,305,6,6,106,106,117,167,187,199,210,210,210,210,210,54,64,84,134,134],"floor_reached":31,"playtime":1948,"items_purged":[],"score":239,"play_id":"7df6cc06-03eb-4308-864e-c3df874fccd4","local_time":"20190226143657","is_ascension_mode":false,"campfire_choices":[{"data":"Bash","floor":6,"key":"SMITH"},{"data":"Seeing Red","floor":12,"key":"SMITH"},{"data":"Seeing Red","floor":15,"key":"SMITH"},{"data":"Barricade","floor":23,"key":"SMITH"},{"data":"Inflame","floor":25,"key":"SMITH"}],"neow_cost":"","seed_source_timestamp":938335406178071,"circlet_count":0,"master_deck":["Strike_R","Strike_R","Strike_R","Strike_R","Strike_R","Defend_R","Defend_R","Defend_R","Defend_R","Bash+1","Twin Strike","Thunderclap","Seeing Red+1","Seeing Red+1","Perfected Strike","Pommel Strike","Twin Strike","Flex","Barricade+1","Inflame+1","Shrug It Off+1","Inflame+1","Flame Barrier"],"relics":["Black Blood","Vajra","Centennial Puzzle","Question Card","Darkstone Periapt","Self Forming Clay","SsserpentHead","Bottled Flame","Regal Pillow"],"potions_floor_usage":[11,21,22,22,29],"damage_taken":[{"damage":0,"enemies":"Small Slimes","floor":1,"turns":3},{"damage":0,"enemies":"2 Louse","floor":5,"turns":2},{"damage":6,"enemies":"Gremlin Nob","floor":7,"turns":3},{"damage":6,"enemies":"Jaw Worm","floor":8,"turns":2},{"damage":0,"enemies":"Looter","floor":10,"turns":3},{"damage":5,"enemies":"Lots of Slimes","floor":11,"turns":2},{"damage":6,"enemies":"3 Louse","floor":13,"turns":3},{"damage":34,"enemies":"The Guardian","floor":16,"turns":7},{"damage":5,"enemies":"Chosen","floor":18,"turns":4},{"damage":12,"enemies":"Shell Parasite","floor":20,"turns":3},{"damage":57,"enemies":"Snecko","floor":21,"turns":7},{"damage":9,"enemies":"Centurion and Healer","floor":22,"turns":4},{"damage":30,"enemies":"Sentry and Sphere","floor":28,"turns":5},{"damage":22,"enemies":"Shelled Parasite and Fungi","floor":29,"turns":7},{"damage":12,"enemies":"Centurion and Healer","floor":31,"turns":1}],"seed_played":"-7400040311797573513","potions_obtained":[{"floor":7,"key":"SteroidPotion"},{"floor":8,"key":"Explosive Potion"},{"floor":10,"key":"Dexterity Potion"},{"floor":16,"key":"Regen Potion"},{"floor":18,"key":"Strength Potion"},{"floor":21,"key":"Block Potion"},{"floor":28,"key":"Poison Potion"}],"is_trial":false,"path_per_floor":["M","?","?","?","M","R","E","M","T","M","M","R","M","$","R","B",null,"M","?","M","M","M","R","?","R","T","$","M","M","$","M"],"character_chosen":"IRONCLAD","items_purchased":["Flex","Self Forming Clay","Regal Pillow"],"campfire_rested":0,"item_purchase_floors":[14,14,27],"current_hp_per_floor":[80,73,73,66,72,72,72,72,72,78,79,79,79,79,79,51,80,80,80,78,43,44,44,44,44,44,44,24,12,12,0],"gold":134,"neow_bonus":"","is_prod":false,"is_daily":false,"chose_seed":false,"campfire_upgraded":5,"win_rate":0.0,"timestamp":1551209817,"path_taken":["M","?","?","?","M","R","E","M","T","M","M","R","?","$","R","BOSS","M","?","?","M","M","R","?","R","T","$","M","M","?","M"],"build_version":"2019-01-23","purchased_purges":0,"victory":false,"max_hp_per_floor":[80,80,80,80,80,80,80,80,80,80,80,80,80,80,80,80,80,80,80,80,80,80,80,80,80,80,80,80,80,80,80],"card_choices":[{"not_picked":["Perfected Strike","Battle Trance"],"picked":"Twin Strike","floor":1},{"not_picked":["Anger","Searing Blow"],"picked":"Thunderclap","floor":5},{"not_picked":["Entrench","Headbutt"],"picked":"Seeing Red","floor":7},{"not_picked":["Sword Boomerang","Entrench","Burning Pact"],"picked":"Seeing Red","floor":8},{"not_picked":["Clash","Warcry","Rage"],"picked":"Perfected Strike","floor":10},{"not_picked":["Warcry","Sword Boomerang","Body Slam"],"picked":"Pommel Strike","floor":11},{"not_picked":["Clothesline","Whirlwind","Iron Wave"],"picked":"Twin Strike","floor":13},{"not_picked":["Reaper","Double Tap","Offering"],"picked":"Barricade","floor":16},{"not_picked":["Cleave","Clothesline+1","Fire Breathing+1"],"picked":"Inflame+1","floor":18},{"not_picked":["Intimidate","Shrug It Off","Second Wind","Reckless Charge+1"],"picked":"SKIP","floor":20},{"not_picked":["Clothesline+1","Perfected Strike+1","Clash+1"],"picked":"Shrug It Off+1","floor":21},{"not_picked":["Barricade","Carnage","Flex"],"picked":"Inflame","floor":22},{"not_picked":["Ghostly Armor","Burning Pact","True Grit"],"picked":"Flame Barrier","floor":28},{"not_picked":["Pommel Strike","Rupture+1","Pummel","Twin Strike"],"picked":"SKIP","floor":29}],"player_experience":0,"relics_obtained":[{"floor":7,"key":"Question Card"},{"floor":9,"key":"Darkstone Periapt"},{"floor":26,"key":"Bottled Flame"}],"event_choices":[{"damage_healed":0,"gold_gain":0,"player_choice":"Success","damage_taken":7,"relics_obtained":["Vajra"],"max_hp_gain":0,"max_hp_loss":0,"event_name":"Scrap Ooze","floor":2,"gold_loss":0},{"damage_healed":0,"gold_gain":0,"player_choice":"Box","damage_taken":0,"relics_obtained":["Centennial Puzzle"],"max_hp_gain":0,"max_hp_loss":0,"event_name":"Big Fish","floor":3,"gold_loss":0,"cards_obtained":["Regret"]},{"cards_removed":["Regret"],"damage_healed":0,"gold_gain":0,"player_choice":"Card Removal","damage_taken":7,"max_hp_gain":0,"max_hp_loss":0,"event_name":"Golden Wing","floor":4,"gold_loss":0},{"damage_healed":0,"gold_gain":100,"player_choice":"Bet on Murderer","damage_taken":0,"max_hp_gain":0,"max_hp_loss":0,"event_name":"The Joust","floor":19,"gold_loss":50},{"damage_healed":0,"gold_gain":0,"player_choice":"Trade","damage_taken":0,"relics_obtained":["SsserpentHead"],"max_hp_gain":0,"max_hp_loss":0,"event_name":"FaceTrader","floor":24,"gold_loss":0}],"is_beta":false,"boss_relics":[{"not_picked":["Sozu","Mark of Pain"],"picked":"Black Blood"}],"items_purged_floors":[],"is_endless":false,"potions_floor_spawned":[7,8,10,16,18,20,21,28],"killed_by":"Centurion and Healer","ascension_level":0}