{"gold_per_floor":[212,230,230,230,240,240,266,266,266,266,298,318,8,8,8,111,111,124,124,135,9,9,9,43,43,68,27,42,42,53,78,78,78],"floor_reached":33,"playtime":1281,"items_purged":["Writhe"],"score":407,"play_id":"58109940-3840-4074-83bb-b53a74a2c4a1","local_time":"20190302164903","is_ascension_mode":true,"campfire_choices":[{"data":"Twin Strike","floor":6,"key":"SMITH"},{"data":"Clothesline","floor":8,"key":"SMITH"},{"data":"Seeing Red","floor":15,"key":"SMITH"},{"data":"Warcry","floor":23,"key":"SMITH"},{"floor":25,"key":"REST"},{"floor":32,"key":"REST"}],"neow_cost":"NONE","seed_source_timestamp":10979957576548,"circlet_count":0,"master_deck":["Strike_R","Strike_R","Strike_R","Defend_R","Defend_R","Defend_R","Bash","Twin Strike+1","Ghostly Armor","Clothesline+1","Seeing Red+1","Exhume","Feel No Pain","Battle Trance","Flex","Impervious","Shrug It Off","Havoc","Warcry+1","Burning Pact","Rupture","Twin Strike+1","Infernal Blade","Metallicize","Shrug It Off","Havoc","Infernal Blade","Barricade","Seeing Red"],"relics":["Burning Blood","Pear","Charon\u0027s Ashes","Torii","Dream Catcher","Orichalcum","Mark of Pain","Question Card","Smiling Mask","Oddly Smooth Stone"],"potions_floor_usage":[16,16,24,24],"damage_taken":[{"damage":8,"enemies":"Jaw Worm","floor":1,"turns":4},{"damage":0,"enemies":"Small Slimes","floor":2,"turns":3},{"damage":1,"enemies":"Cultist","floor":5,"turns":3},{"damage":22,"enemies":"Gremlin Nob","floor":7,"turns":4},{"damage":30,"enemies":"3 Sentries","floor":11,"turns":7},{"damage":0,"enemies":"3 Louse","floor":12,"turns":2},{"damage":23,"enemies":"Slime Boss","floor":16,"turns":8},{"damage":26,"enemies":"Spheric Guardian","floor":18,"turns":8},{"damage":23,"enemies":"3 Byrds","floor":20,"turns":6},{"damage":34,"enemies":"Gremlin Leader","floor":24,"turns":6},{"damage":8,"enemies":"Sentry and Sphere","floor":28,"turns":4},{"damage":1,"enemies":"Shelled Parasite and Fungi","floor":30,"turns":7},{"damage":35,"enemies":"Book of Stabbing","floor":31,"turns":8},{"damage":45,"enemies":"Collector","floor":33,"turns":7}],"seed_played":"4095415631908743291","potions_obtained":[{"floor":1,"key":"Explosive Potion"},{"floor":7,"key":"LiquidBronze"},{"floor":11,"key":"Poison Potion"},{"floor":18,"key":"Strength Potion"},{"floor":20,"key":"Swift Potion"}],"is_trial":false,"path_per_floor":["M","M","?","?","M","R","E","R","T","?","E","M","$","$","R","B",null,"M","?","M","$","?","R","E","R","T","$","M","?","M","E","R","B"],"character_chosen":"IRONCLAD","items_purchased":["Feel No Pain","Battle Trance","Orichalcum","Flex","Warcry","Metallicize"],"campfire_rested":2,"item_purchase_floors":[13,13,13,13,21,27],"current_hp_per_floor":[70,76,69,61,66,66,60,60,60,60,36,42,42,42,42,25,74,54,54,37,37,37,37,9,36,36,36,34,34,39,10,37,0],"gold":78,"neow_bonus":"HUNDRED_GOLD","is_prod":false,"is_daily":false,"chose_seed":false,"campfire_upgraded":4,"win_rate":0,"timestamp":1551498543,"path_taken":["M","M","?","?","?","R","E","R","T","?","E","M","?","$","R","BOSS","M","?","M","$","?","R","E","R","T","?","M","?","M","E","R","BOSS"],"build_version":"2019-01-23","purchased_purges":1,"victory":false,"max_hp_per_floor":[80,80,80,80,80,80,90,90,90,90,90,90,90,90,90,90,90,90,90,90,90,90,90,90,90,90,90,90,90,90,90,90,90],"card_choices":[{"not_picked":["Evolve","Bloodletting","Cleave"],"picked":"SKIP","floor":1},{"not_picked":["Havoc","Iron Wave"],"picked":"Twin Strike","floor":2},{"not_picked":["Heavy Blade","Carnage"],"picked":"Ghostly Armor","floor":5},{"not_picked":["Power Through","Rupture"],"picked":"Clothesline","floor":7},{"not_picked":["Heavy Blade","Clothesline"],"picked":"Seeing Red","floor":11},{"not_picked":["Heavy Blade","Clash"],"picked":"Exhume","floor":12},{"not_picked":["Barricade","Reaper"],"picked":"Impervious","floor":16},{"not_picked":["Entrench","Clothesline"],"picked":"Shrug It Off","floor":18},{"not_picked":["Dual Wield","Blood for Blood","Armaments"],"picked":"Havoc","floor":20},{"not_picked":["Power Through","Clothesline","Armaments"],"picked":"Twin Strike+1","floor":24},{"not_picked":["Sentinel+1","Uppercut","Clash"],"picked":"Infernal Blade","floor":25},{"not_picked":["Power Through","Clash","Armaments"],"picked":"Shrug It Off","floor":28},{"not_picked":["Iron Wave+1","Perfected Strike","Combust"],"picked":"Infernal Blade","floor":30},{"not_picked":["Iron Wave","Ghostly Armor","Flex"],"picked":"Barricade","floor":31},{"not_picked":["Wild Strike","Warcry","Flex"],"picked":"Seeing Red","floor":32}],"player_experience":423917,"relics_obtained":[{"floor":7,"key":"Pear"},{"floor":9,"key":"Charon\u0027s Ashes"},{"floor":11,"key":"Dream Catcher"},{"floor":24,"key":"Smiling Mask"},{"floor":31,"key":"Oddly Smooth Stone"}],"event_choices":[{"cards_removed":["Strike_R"],"damage_healed":0,"gold_gain":0,"player_choice":"Card Removal","damage_taken":7,"max_hp_gain":0,"max_hp_loss":0,"event_name":"Golden Wing","floor":3,"gold_loss":0},{"damage_healed":0,"gold_gain":0,"player_choice":"Damaged","damage_taken":8,"max_hp_gain":0,"max_hp_loss":0,"event_name":"Wheel of Change","floor":4,"gold_loss":0},{"damage_healed":0,"gold_gain":0,"player_choice":"Gave Potion","damage_taken":0,"relics_obtained":["Torii"],"max_hp_gain":0,"max_hp_loss":0,"event_name":"WeMeetAgain","floor":10,"gold_loss":0},{"damage_healed":0,"gold_gain":0,"player_choice":"Opened","damage_taken":0,"relics_obtained":["Question Card"],"max_hp_gain":0,"max_hp_loss":0,"event_name":"The Mausoleum","floor":19,"gold_loss":0,"cards_obtained":["Writhe"]},{"damage_healed":0,"gold_gain":0,"cards_transformed":["Defend_R","Strike_R"],"player_choice":"Became Test Subject","damage_taken":0,"max_hp_gain":0,"max_hp_loss":0,"event_name":"Drug Dealer","floor":22,"gold_loss":0,"cards_obtained":["Burning Pact","Rupture"]},{"damage_healed":0,"gold_gain":0,"player_choice":"Read","damage_taken":0,"max_hp_gain":0,"max_hp_loss":0,"event_name":"The Library","floor":29,"gold_loss":0,"cards_obtained":["Havoc"]}],"is_beta":false,"boss_relics":[{"not_picked":["Velvet Choker","Snecko Eye"],"picked":"Mark of Pain"}],"items_purged_floors":[21],"is_endless":false,"potions_floor_spawned":[1,7,11,18,20],"killed_by":"Collector","ascension_level":8}