{"gold_per_floor":[364,309,309,309,323,323,338,370,370,370,370,383,401,416,416,489,489,499,499,257,268,268,268,297,128,128,18,18,31,49,75,75,75],"floor_reached":33,"playtime":2003,"items_purged":["Writhe"],"score":670,"play_id":"d3ebce09-2f59-4676-bec4-95c1cfa5aa03","local_time":"20190301124937","is_ascension_mode":true,"campfire_choices":[{"data":"Neutralize","floor":6,"key":"SMITH"},{"data":"Burst","floor":11,"key":"SMITH"},{"data":"Well Laid Plans","floor":15,"key":"SMITH"},{"data":"Crippling Poison","floor":23,"key":"SMITH"},{"data":"After Image","floor":28,"key":"SMITH"},{"floor":32,"key":"REST"}],"neow_cost":"PERCENT_DAMAGE","seed_source_timestamp":5708815606141,"circlet_count":0,"master_deck":["AscendersBane","Defend_G+1","Defend_G+1","Defend_G+1","Defend_G+1","Defend_G+1","Strike_G+1","Strike_G+1","Strike_G+1","Survivor","Neutralize+1","Well Laid Plans+1","Backstab","Deadly Poison+1","Burst+1","Leg Sweep","Backflip","Deadly Poison","After Image+1","Acrobatics","Crippling Poison+1","Poisoned Stab","Dagger Spray"],"relics":["Ring of the Snake","Bottled Tornado","Busted Crown","Mercury Hourglass","Dream Catcher","Anchor","Question Card","Dodecahedron"],"potions_floor_usage":[8,8,16,24,24,31,33],"damage_taken":[{"damage":0,"enemies":"Small Slimes","floor":1,"turns":4},{"damage":0,"enemies":"2 Louse","floor":5,"turns":4},{"damage":0,"enemies":"Cultist","floor":7,"turns":5},{"damage":23,"enemies":"Gremlin Nob","floor":8,"turns":4},{"damage":0,"enemies":"Looter","floor":12,"turns":3},{"damage":1,"enemies":"Red Slaver","floor":13,"turns":4},{"damage":3,"enemies":"Blue Slaver","floor":14,"turns":3},{"damage":0,"enemies":"The Guardian","floor":16,"turns":10},{"damage":2,"enemies":"Spheric Guardian","floor":18,"turns":5},{"damage":11,"enemies":"2 Thieves","floor":21,"turns":4},{"damage":12,"enemies":"Slavers","floor":24,"turns":5},{"damage":1,"enemies":"Cultist and Chosen","floor":29,"turns":6},{"damage":0,"enemies":"Snake Plant","floor":30,"turns":4},{"damage":2,"enemies":"Gremlin Leader","floor":31,"turns":5},{"damage":73,"enemies":"Collector","floor":33,"turns":8}],"seed_played":"3279453972371169116","potions_obtained":[{"floor":1,"key":"Swift Potion"},{"floor":12,"key":"GhostInAJar"},{"floor":13,"key":"FearPotion"},{"floor":30,"key":"PowerPotion"}],"is_trial":false,"path_per_floor":["M","$","?","?","M","R","M","E","T","?","R","M","M","M","R","B",null,"M","?","$","M","?","R","E","$","T","$","R","M","M","E","R","B"],"character_chosen":"THE_SILENT","items_purchased":["AttackPotion","Acrobatics","Crippling Poison","AttackPotion","Anchor","Explosive Potion","Dexterity Potion"],"campfire_rested":1,"item_purchase_floors":[2,20,20,20,25,27,27],"current_hp_per_floor":[44,44,37,37,37,37,37,14,14,14,14,14,13,10,10,10,52,50,50,50,39,39,39,27,27,27,27,27,26,26,24,43,0],"gold":75,"neow_bonus":"TWO_FIFTY_GOLD","is_prod":false,"is_daily":false,"chose_seed":false,"campfire_upgraded":5,"win_rate":0,"timestamp":1551397777,"path_taken":["M","$","?","?","?","R","M","E","T","?","R","?","M","M","R","BOSS","M","?","$","M","?","R","E","$","T","$","R","M","M","E","R","BOSS"],"build_version":"2019-01-23","purchased_purges":1,"victory":false,"max_hp_per_floor":[66,66,66,66,66,66,66,66,66,66,66,66,66,66,66,66,66,66,66,66,66,66,66,66,66,66,66,66,66,66,66,66,66],"card_choices":[{"not_picked":["Underhanded Strike","Bane"],"picked":"Well Laid Plans","floor":1},{"not_picked":["Poisoned Stab","Sucker Punch"],"picked":"Backstab","floor":5},{"not_picked":["Backstab","Acrobatics"],"picked":"Deadly Poison","floor":7},{"not_picked":["Backflip","Quick Slash"],"picked":"Burst","floor":8},{"not_picked":["Dodge and Roll","Acrobatics"],"picked":"Leg Sweep","floor":12},{"not_picked":["Prepared","Noxious Fumes"],"picked":"Backflip","floor":13},{"not_picked":["Backflip","All Out Attack"],"picked":"Deadly Poison","floor":14},{"not_picked":["Storm of Steel","Die Die Die"],"picked":"After Image","floor":16},{"not_picked":["Sucker Punch"],"picked":"SKIP","floor":18},{"not_picked":[],"picked":"Poisoned Stab","floor":21},{"not_picked":[],"picked":"Dagger Spray","floor":24},{"not_picked":["Deadly Poison","Prepared"],"picked":"SKIP","floor":29},{"not_picked":["All Out Attack","Tactician"],"picked":"SKIP","floor":30},{"not_picked":["Storm of Steel","Tactician"],"picked":"SKIP","floor":31}],"player_experience":510090,"relics_obtained":[{"floor":8,"key":"Bottled Tornado"},{"floor":24,"key":"Dream Catcher"},{"floor":26,"key":"Question Card"},{"floor":31,"key":"Dodecahedron"}],"event_choices":[{"cards_removed":["Strike_G"],"damage_healed":0,"gold_gain":0,"player_choice":"Card Removal","damage_taken":7,"max_hp_gain":0,"max_hp_loss":0,"event_name":"Golden Wing","floor":3,"gold_loss":0},{"cards_removed":["Strike_G"],"damage_healed":0,"gold_gain":0,"player_choice":"Purged","damage_taken":0,"max_hp_gain":0,"max_hp_loss":0,"event_name":"Purifier","floor":4,"gold_loss":0},{"damage_healed":0,"gold_gain":0,"player_choice":"Upgraded","damage_taken":0,"max_hp_gain":0,"max_hp_loss":0,"event_name":"Upgrade Shrine","floor":10,"gold_loss":0,"cards_upgraded":["Deadly Poison"]},{"damage_healed":0,"gold_gain":0,"player_choice":"Opened","damage_taken":0,"relics_obtained":["Mercury Hourglass"],"max_hp_gain":0,"max_hp_loss":0,"event_name":"The Mausoleum","floor":19,"gold_loss":0,"cards_obtained":["Writhe"]},{"damage_healed":0,"gold_gain":0,"player_choice":"Simplicity","damage_taken":0,"max_hp_gain":0,"max_hp_loss":0,"event_name":"Back to Basics","floor":22,"gold_loss":0,"cards_upgraded":["Defend_G","Defend_G","Defend_G","Defend_G","Defend_G","Strike_G","Strike_G","Strike_G"]}],"is_beta":false,"boss_relics":[{"not_picked":["WristBlade","Calling Bell"],"picked":"Busted Crown"}],"items_purged_floors":[20],"is_endless":false,"potions_floor_spawned":[1,12,13,21,30],"killed_by":"Collector","ascension_level":20}