{"gold_per_floor":[109,127,127,142,217,244,256,289,289,289,302,333,348,358,358,459,459,471,489,505,20,31,63,80,31,31,31,31,66,66,77,77,174,174],"floor_reached":34,"playtime":3700,"items_purged":["Pain"],"score":416,"play_id":"3c60e420-67cb-428f-b850-b88e0559ae7e","local_time":"20180724033610","is_ascension_mode":false,"campfire_choices":[{"floor":10,"key":"REST"},{"floor":15,"key":"REST"},{"floor":28,"key":"REST"},{"floor":30,"key":"REST"},{"data":"Apotheosis","floor":32,"key":"SMITH"}],"neow_cost":"NONE","seed_source_timestamp":53979453986273,"circlet_count":0,"master_deck":["Strike_B","Strike_B","Strike_B","Strike_B","Defend_B","Defend_B","Defend_B","Defend_B","Zap","Dualcast","FTL","Chill","Rip and Tear","Melter","Sunder","Stack","Echo Form","Reinforced Body","Coolheaded","Reboot","Rebound","Beam Cell+1","Apotheosis+1","Compile Driver","Blind","Melter+1","Turbo+1","Aggregate+1","Rebound","Buffer","Parasite","Normality","Normality"],"relics":["Cracked Core","Anchor","Singing Bowl","Vajra","Question Card","Torii","Calling Bell","Potion Belt","Meat on the Bone","Du-Vu Doll","Toxic Egg 2","Nloth\u0027s Gift","Mercury Hourglass","Astrolabe"],"potions_floor_usage":[6,8,14,16,16,22,23,24,29,33,33],"damage_taken":[{"damage":0,"enemies":"2 Louse","floor":1,"turns":3},{"damage":0,"enemies":"Cultist","floor":2,"turns":4},{"damage":0,"enemies":"Jaw Worm","floor":4,"turns":4},{"damage":35,"enemies":"Lagavulin","floor":6,"turns":6},{"damage":0,"enemies":"Lots of Slimes","floor":7,"turns":4},{"damage":16,"enemies":"Gremlin Nob","floor":8,"turns":3},{"damage":0,"enemies":"3 Louse","floor":11,"turns":2},{"damage":26,"enemies":"Lagavulin","floor":12,"turns":6},{"damage":0,"enemies":"2 Fungi Beasts","floor":13,"turns":2},{"damage":6,"enemies":"Exordium Thugs","floor":14,"turns":4},{"damage":30,"enemies":"Slime Boss","floor":16,"turns":15},{"damage":20,"enemies":"3 Byrds","floor":18,"turns":7},{"damage":2,"enemies":"Chosen","floor":19,"turns":4},{"damage":10,"enemies":"Snecko","floor":20,"turns":6},{"damage":13,"enemies":"Centurion and Healer","floor":22,"turns":7},{"damage":24,"enemies":"Book of Stabbing","floor":23,"turns":6},{"damage":10,"enemies":"3 Cultists","floor":24,"turns":4},{"damage":8,"enemies":"Slavers","floor":29,"turns":4},{"damage":5,"enemies":"Snake Plant","floor":31,"turns":3},{"damage":27,"enemies":"Champ","floor":33,"turns":7}],"seed_played":"-8560766452667860326","potions_obtained":[{"floor":1,"key":"GamblersBrew"},{"floor":7,"key":"GamblersBrew"},{"floor":12,"key":"LiquidBronze"},{"floor":13,"key":"FocusPotion"},{"floor":14,"key":"PowerPotion"},{"floor":20,"key":"Dexterity Potion"},{"floor":22,"key":"Weak Potion"},{"floor":23,"key":"Energy Potion"},{"floor":24,"key":"Swift Potion"},{"floor":31,"key":"PowerPotion"},{"floor":33,"key":"Swift Potion"}],"is_trial":false,"path_per_floor":["M","M","?","M","?","E","M","E","T","R","M","E","M","M","R","B",null,"M","M","M","$","M","E","M","$","T","?","R","E","R","M","R","B"],"character_chosen":"DEFECT","items_purchased":["Apotheosis","Strength Potion","Compile Driver","Blind","Turbo+1"],"campfire_rested":4,"item_purchase_floors":[21,21,21,21,25],"current_hp_per_floor":[75,75,75,75,68,35,35,19,19,42,42,16,16,10,33,10,77,59,57,47,47,48,38,40,40,40,40,64,56,80,75,75,48,48],"gold":174,"neow_bonus":"RANDOM_COMMON_RELIC","is_prod":false,"is_daily":false,"chose_seed":false,"campfire_upgraded":1,"win_rate":0,"timestamp":1532417770,"path_taken":["M","M","?","M","?","E","M","E","T","R","M","E","M","M","R","BOSS","M","M","M","$","M","E","M","$","T","?","R","E","R","M","R","BOSS"],"build_version":"2018-07-19v2","purchased_purges":1,"victory":false,"max_hp_per_floor":[75,75,75,75,75,77,77,77,77,77,77,77,77,77,77,77,77,79,79,79,79,81,83,83,83,83,83,83,83,83,83,83,83,83],"card_choices":[{"not_picked":["Conserve Battery","Go for the Eyes"],"picked":"FTL","floor":1},{"not_picked":["Conserve Battery","Skim"],"picked":"Chill","floor":2},{"not_picked":["Redo","Sweeping Beam"],"picked":"Rip and Tear","floor":4},{"not_picked":["Reprogram","Doom and Gloom","Lockon"],"picked":"Singing Bowl","floor":6},{"not_picked":["Doom and Gloom","Streamline"],"picked":"Melter","floor":7},{"not_picked":["Steam","BootSequence"],"picked":"Sunder","floor":8},{"not_picked":["Cold Snap","Streamline","Aggregate"],"picked":"Stack","floor":11},{"not_picked":["White Noise","Hello World","Stack"],"picked":"Echo Form","floor":12},{"not_picked":["Scrape","Gash","White Noise"],"picked":"Reinforced Body","floor":13},{"not_picked":["Beam Cell","Turbo","Rip and Tear"],"picked":"Coolheaded","floor":14},{"not_picked":["Rainbow","Buffer","Meteor Strike"],"picked":"Reboot","floor":16},{"not_picked":["Barrage","Stack","Blizzard","Defragment"],"picked":"Singing Bowl","floor":18},{"not_picked":["Meteor Strike","Sweeping Beam","Defragment+1"],"picked":"Rebound","floor":19},{"not_picked":["Hologram","Turbo","Reprogram+1"],"picked":"Beam Cell+1","floor":20},{"not_picked":["Compile Driver+1","Conserve Battery","Coolheaded","Ball Lightning+1"],"picked":"Singing Bowl","floor":22},{"not_picked":["Leap","Static Discharge","Redo","Stack+1"],"picked":"Singing Bowl","floor":23},{"not_picked":["Self Repair","Leap+1","Conserve Battery+1"],"picked":"Melter+1","floor":24},{"not_picked":["Meteor Strike","Multi-Cast+1","Streamline"],"picked":"Aggregate+1","floor":29},{"not_picked":["BootSequence+1","Ball Lightning","Heatsinks"],"picked":"Rebound","floor":31},{"not_picked":["Meteor Strike","Multi-Cast+1","Biased Cognition"],"picked":"Buffer","floor":33}],"player_experience":256027,"relics_obtained":[{"floor":6,"key":"Singing Bowl"},{"floor":8,"key":"Vajra"},{"floor":9,"key":"Question Card"},{"floor":12,"key":"Torii"},{"floor":17,"key":"Potion Belt"},{"floor":17,"key":"Meat on the Bone"},{"floor":17,"key":"Du-Vu Doll"},{"floor":23,"key":"Toxic Egg 2"},{"floor":26,"key":"Centennial Puzzle"},{"floor":29,"key":"Mercury Hourglass"}],"event_choices":[{"event_name":"Wheel of Change","player_choice":"Curse","floor":3,"damage_taken":0},{"event_name":"FaceTrader","player_choice":"Touch","floor":5,"damage_taken":0},{"event_name":"N\u0027loth","player_choice":"Traded a Centennial Puzzle","floor":27,"damage_taken":0}],"is_beta":false,"boss_relics":[{"not_picked":["Snecko Eye","Cursed Key"],"picked":"Calling Bell"},{"not_picked":["Velvet Choker","Philosopher\u0027s Stone"],"picked":"Astrolabe"}],"items_purged_floors":[21],"is_endless":false,"potions_floor_spawned":[1,7,12,13,14,20,22,23,24,31,33],"ascension_level":0}