{"gold_per_floor":[115,126,126,76,151,181,198,198,225,236,236,271,284,93,93,196,196,214,214,226,226,240,240,108,108],"floor_reached":25,"playtime":3169,"items_purged":[],"score":391,"play_id":"46e799c9-05c1-4df7-8bfe-878791dfc46b","local_time":"20190302175825","is_ascension_mode":true,"campfire_choices":[{"data":"Prepared","floor":8,"key":"SMITH"},{"floor":15,"key":"REST"},{"floor":23,"key":"REST"}],"neow_cost":"NONE","seed_source_timestamp":13256490663751,"circlet_count":0,"master_deck":["AscendersBane","Defend_G","Defend_G","Defend_G","Defend_G","Survivor","Neutralize","Backflip","Poisoned Stab+1","Quick Slash","Prepared+1","Acrobatics","Sucker Punch","Die Die Die","Backflip","Flying Knee+1","Bite","Bite","Bite","Bite","Bite","Cloak And Dagger","Calculated Gamble","Footwork","Deep Breath"],"relics":["Ring of the Snake","NeowsBlessing","Potion Belt","Darkstone Periapt","Happy Flower","Whetstone","TwistedFunnel","Black Star","Dream Catcher"],"potions_floor_usage":[10,12,12,16],"damage_taken":[{"damage":0,"enemies":"Jaw Worm","floor":1,"turns":1},{"damage":0,"enemies":"Small Slimes","floor":2,"turns":1},{"damage":0,"enemies":"Lagavulin","floor":6,"turns":1},{"damage":6,"enemies":"2 Louse","floor":7,"turns":3},{"damage":16,"enemies":"Large Slime","floor":10,"turns":7},{"damage":15,"enemies":"3 Sentries","floor":12,"turns":9},{"damage":10,"enemies":"Gremlin Gang","floor":13,"turns":7},{"damage":33,"enemies":"Slime Boss","floor":16,"turns":15},{"damage":18,"enemies":"Spheric Guardian","floor":18,"turns":5},{"damage":10,"enemies":"3 Byrds","floor":20,"turns":4},{"damage":32,"enemies":"Sentry and Sphere","floor":22,"turns":5},{"damage":22,"enemies":"Book of Stabbing","floor":25,"turns":4}],"seed_played":"4731265063839775998","potions_obtained":[{"floor":2,"key":"Regen Potion"},{"floor":6,"key":"Explosive Potion"},{"floor":7,"key":"EssenceOfSteel"},{"floor":10,"key":"GhostInAJar"},{"floor":20,"key":"Fire Potion"}],"is_trial":false,"path_per_floor":["M","M","?","?","?","E","M","R","T","M","?","E","M","$","R","B",null,"M","?","M","?","M","R","$","E"],"character_chosen":"THE_SILENT","items_purchased":["TwistedFunnel","Footwork","Deep Breath"],"campfire_rested":2,"item_purchase_floors":[14,24,24],"current_hp_per_floor":[63,63,63,63,52,52,46,46,46,45,38,23,13,13,34,1,53,35,35,25,25,5,19,19,0],"gold":108,"neow_bonus":"THREE_ENEMY_KILL","is_prod":false,"is_daily":false,"chose_seed":false,"campfire_upgraded":1,"win_rate":0,"timestamp":1551502705,"path_taken":["M","M","?","?","?","E","M","R","T","M","?","E","M","$","R","BOSS","M","?","?","?","M","R","$","E"],"build_version":"2019-01-23","purchased_purges":0,"victory":false,"max_hp_per_floor":[70,70,70,70,70,70,70,70,70,70,70,70,70,70,70,70,70,70,70,70,49,49,49,49,49],"card_choices":[{"not_picked":["Poisoned Stab","Dagger Spray"],"picked":"Backflip","floor":1},{"not_picked":["Setup","Expertise"],"picked":"Poisoned Stab","floor":2},{"not_picked":["Flying Knee","Slice"],"picked":"Quick Slash","floor":6},{"not_picked":["PiercingWail","Deflect"],"picked":"Prepared","floor":7},{"not_picked":["Poisoned Stab","Choke"],"picked":"Acrobatics","floor":10},{"not_picked":["Concentrate","Slice"],"picked":"Acrobatics","floor":12},{"not_picked":["Deflect","Corpse Explosion"],"picked":"Sucker Punch","floor":13},{"not_picked":["Unload","A Thousand Cuts"],"picked":"Die Die Die","floor":16},{"not_picked":["Flying Knee","Crippling Poison"],"picked":"Backflip","floor":18},{"not_picked":["Cloak And Dagger","Slice"],"picked":"Flying Knee+1","floor":20},{"not_picked":["Outmaneuver","Bane+1"],"picked":"Cloak And Dagger","floor":22},{"not_picked":["Riddle With Holes","Underhanded Strike"],"picked":"Calculated Gamble","floor":23}],"player_experience":426153,"relics_obtained":[{"floor":6,"key":"Darkstone Periapt"},{"floor":9,"key":"Happy Flower"},{"floor":12,"key":"Whetstone"}],"event_choices":[{"damage_healed":0,"gold_gain":0,"player_choice":"Box","damage_taken":0,"relics_obtained":["Potion Belt"],"max_hp_gain":0,"max_hp_loss":0,"event_name":"Big Fish","floor":3,"gold_loss":0,"cards_obtained":["Regret"]},{"cards_removed":["Regret"],"damage_healed":0,"gold_gain":0,"player_choice":"Card Removal","damage_taken":0,"max_hp_gain":0,"max_hp_loss":0,"event_name":"The Cleric","floor":4,"gold_loss":50},{"damage_healed":0,"gold_gain":75,"player_choice":"Gather Gold","damage_taken":11,"max_hp_gain":0,"max_hp_loss":0,"event_name":"World of Goop","floor":5,"gold_loss":0},{"cards_removed":["Defend_G"],"damage_healed":0,"gold_gain":0,"player_choice":"Card Removal","damage_taken":7,"max_hp_gain":0,"max_hp_loss":0,"event_name":"Golden Wing","floor":11,"gold_loss":0},{"cards_removed":["Acrobatics"],"damage_healed":0,"gold_gain":0,"player_choice":"Gave Card","damage_taken":0,"relics_obtained":["Dream Catcher"],"max_hp_gain":0,"max_hp_loss":0,"event_name":"WeMeetAgain","floor":19,"gold_loss":0},{"damage_healed":0,"gold_gain":0,"player_choice":"Became a vampire","damage_taken":0,"max_hp_gain":0,"max_hp_loss":21,"event_name":"Vampires","floor":21,"gold_loss":0,"cards_obtained":["Bite","Bite","Bite","Bite","Bite"]}],"is_beta":false,"boss_relics":[{"not_picked":["Velvet Choker","Ectoplasm"],"picked":"Black Star"}],"items_purged_floors":[],"is_endless":false,"potions_floor_spawned":[2,6,7,10,20],"killed_by":"Book of Stabbing","ascension_level":11}