{"gold_per_floor":[18,18,18,36,54,54,67,87,87,113,113,125,125,143,143,143],"floor_reached":16,"playtime":797,"items_purged":[],"score":208,"play_id":"f5bd461f-7c4f-41c9-b7b4-59f9cd214eb6","local_time":"20190228173924","is_ascension_mode":true,"campfire_choices":[{"data":"Neutralize","floor":6,"key":"SMITH"},{"data":"Poisoned Stab","floor":13,"key":"SMITH"},{"data":"Dash","floor":15,"key":"SMITH"}],"neow_cost":"NO_GOLD","seed_source_timestamp":19331614337946,"circlet_count":0,"master_deck":["AscendersBane","Defend_G","Defend_G","Defend_G","Defend_G","Defend_G","Strike_G","Strike_G","Strike_G","Strike_G","Survivor","Neutralize+1","Infinite Blades","Poisoned Stab+1","Sucker Punch","Dash+1","Quick Slash","Bullet Time+1","Deflect+1","Terror+1"],"relics":["Ring of the Snake","Toxic Egg 2","Blue Candle"],"potions_floor_usage":[12,12,16,16],"damage_taken":[{"damage":0,"enemies":"2 Louse","floor":1,"turns":3},{"damage":4,"enemies":"Jaw Worm","floor":4,"turns":5},{"damage":0,"enemies":"Small Slimes","floor":5,"turns":4},{"damage":4,"enemies":"Exordium Wildlife","floor":7,"turns":3},{"damage":11,"enemies":"Large Slime","floor":8,"turns":8},{"damage":40,"enemies":"Gremlin Nob","floor":10,"turns":5},{"damage":4,"enemies":"Lots of Slimes","floor":12,"turns":4},{"damage":0,"enemies":"Blue Slaver","floor":14,"turns":3},{"damage":9,"enemies":"Hexaghost","floor":16,"turns":9}],"seed_played":"1695924078322896229","potions_obtained":[{"floor":1,"key":"Block Potion"},{"floor":10,"key":"Fire Potion"},{"floor":12,"key":"Fruit Juice"},{"floor":14,"key":"EssenceOfSteel"}],"is_trial":false,"path_per_floor":["M","?","?","M","M","R","M","M","T","E","?","M","R","M","R","B"],"character_chosen":"THE_SILENT","items_purchased":[],"campfire_rested":0,"item_purchase_floors":[],"current_hp_per_floor":[71,71,64,60,60,60,56,45,45,5,5,6,6,6,6,0],"gold":143,"neow_bonus":"TWENTY_PERCENT_HP_BONUS","is_prod":false,"is_daily":false,"chose_seed":false,"campfire_upgraded":3,"win_rate":0,"timestamp":1551328764,"path_taken":["M","?","?","M","M","R","M","M","T","E","?","M","R","?","R","BOSS"],"build_version":"2019-01-23","purchased_purges":0,"victory":false,"max_hp_per_floor":[78,78,78,78,78,78,78,78,78,78,78,83,83,83,83,83],"card_choices":[{"not_picked":["Finisher","Sucker Punch"],"picked":"Infinite Blades","floor":1},{"not_picked":["Acrobatics","Concentrate"],"picked":"Poisoned Stab","floor":4},{"not_picked":["Underhanded Strike","Backflip"],"picked":"Sucker Punch","floor":5},{"not_picked":["Cloak And Dagger","Heel Hook"],"picked":"Dash","floor":7},{"not_picked":["Deflect","Backflip"],"picked":"Quick Slash","floor":8},{"not_picked":["Expertise+1","Well Laid Plans"],"picked":"Bullet Time+1","floor":10},{"not_picked":["Dagger Throw","Underhanded Strike"],"picked":"Deflect+1","floor":12},{"not_picked":["Flying Knee","Sucker Punch"],"picked":"Terror+1","floor":14}],"player_experience":484841,"relics_obtained":[{"floor":9,"key":"Toxic Egg 2"},{"floor":10,"key":"Blue Candle"}],"event_choices":[{"damage_healed":0,"gold_gain":0,"player_choice":"Ignored","damage_taken":0,"max_hp_gain":0,"max_hp_loss":0,"event_name":"Liars Game","floor":2,"gold_loss":0},{"cards_removed":["Strike_G"],"damage_healed":0,"gold_gain":0,"player_choice":"Card Removal","damage_taken":7,"max_hp_gain":0,"max_hp_loss":0,"event_name":"Golden Wing","floor":3,"gold_loss":0},{"damage_healed":0,"gold_gain":0,"player_choice":"Ignored","damage_taken":0,"max_hp_gain":0,"max_hp_loss":0,"event_name":"Shining Light","floor":11,"gold_loss":0}],"is_beta":false,"boss_relics":[],"items_purged_floors":[],"is_endless":false,"potions_floor_spawned":[1,10,12,14],"killed_by":"Hexaghost","ascension_level":20}