{"gold_per_floor":[17,17,36,46,60,60,75,75,75,104,123,20,20,20,20,122,122,141,155,55,55,154,154,188,188,215,215,231,246,246,260,260,260],"floor_reached":33,"playtime":2794,"items_purged":[],"score":280,"play_id":"080110bd-a418-482e-9199-d8a188033f13","local_time":"20180911012940","is_ascension_mode":true,"campfire_choices":[{"data":"Neutralize","floor":6.0,"key":"SMITH"},{"data":"Sucker Punch","floor":8.0,"key":"SMITH"},{"floor":13.0,"key":"REST"},{"data":"Trip","floor":15.0,"key":"SMITH"},{"data":"Night Terror","floor":23.0,"key":"SMITH"},{"floor":25,"key":"DIG"},{"floor":27,"key":"DIG"},{"floor":30,"key":"DIG"},{"floor":32,"key":"REST"}],"neow_cost":"NO_GOLD","seed_source_timestamp":0,"circlet_count":0,"master_deck":["Defend_G","Defend_G","Defend_G","Defend_G","Defend_G","Survivor","Neutralize+1","Outmaneuver","Heel Hook","Underhanded Strike","Expertise","Tactician","Riddle With Holes+1","Sucker Punch+1","Backflip","Leg Sweep","Trip+1","Night Terror+1","Backstab+1","Escape Plan+1","Slice+1","Riddle With Holes","Acrobatics","Panacea","Adrenaline","Footwork"],"special_seed":0,"relics":["Ring of the Snake","Mercury Hourglass","Potion Belt","Astrolabe","Shovel","Art of War","Bronze Scales","Smiling Mask","Ancient Tea Set"],"potions_floor_usage":[24,33,33,33],"damage_taken":[{"damage":3.0,"enemies":"Jaw Worm","floor":1.0,"turns":7.0},{"damage":0.0,"enemies":"Small Slimes","floor":3.0,"turns":3.0},{"damage":3.0,"enemies":"2 Louse","floor":4.0,"turns":5.0},{"damage":10.0,"enemies":"Exordium Thugs","floor":5.0,"turns":7.0},{"damage":14.0,"enemies":"Large Slime","floor":7.0,"turns":12.0},{"damage":8.0,"enemies":"Lagavulin","floor":10.0,"turns":6.0},{"damage":4.0,"enemies":"Blue Slaver","floor":11.0,"turns":4.0},{"damage":38.0,"enemies":"The Guardian","floor":16.0,"turns":13.0},{"damage":11.0,"enemies":"Spheric Guardian","floor":18.0,"turns":4.0},{"damage":10.0,"enemies":"3 Byrds","floor":19.0,"turns":4.0},{"damage":45,"enemies":"Book of Stabbing","floor":24,"turns":6},{"damage":0,"enemies":"Centurion and Healer","floor":28,"turns":4},{"damage":0,"enemies":"Cultist and Chosen","floor":29,"turns":6},{"damage":4,"enemies":"Snecko","floor":31,"turns":4},{"damage":44,"enemies":"Collector","floor":33,"turns":7}],"seed_played":"7565994387316510226","potions_obtained":[{"floor":5.0,"key":"SteroidPotion"},{"floor":10.0,"key":"Dexterity Potion"},{"floor":16.0,"key":"LiquidBronze"},{"floor":28,"key":"LiquidBronze"},{"floor":31,"key":"Strength Potion"}],"is_trial":false,"path_per_floor":["M","?","M","M","M","R","M","R","T","E","M","$","R","?","R","B",null,"M","M","$","?","?","R","E","R","T","R","M","M","R","M","R"],"character_chosen":"THE_SILENT","items_purchased":["Trip","Panacea"],"campfire_rested":2,"item_purchase_floors":[12,20],"current_hp_per_floor":[67,67,67,64,54,54,40,40,40,32,28,28,49,49,49,11,70,59,49,49,70,70,70,25,25,25,25,25,25,25,21,42,0],"gold":260,"neow_bonus":"TRANSFORM_TWO_CARDS","is_prod":false,"is_daily":false,"chose_seed":false,"campfire_upgraded":4,"win_rate":0,"timestamp":1536643780,"path_taken":["M","?","M","M","M","R","M","R","T","E","M","$","R","?","R","BOSS","M","M","$","?","?","R","E","R","T","R","M","M","R","M","R","BOSS"],"build_version":"2018-09-06","purchased_purges":0,"victory":false,"max_hp_per_floor":[70,70,70,70,70,70,70,70,70,70,70,70,70,70,70,70,70,70,70,70,70,70,70,70,70,70,70,70,70,70,70,70,70],"card_choices":[{"not_picked":["Dodge and Roll","Backflip"],"picked":"Underhanded Strike","floor":1.0},{"not_picked":["Catalyst","Cloak And Dagger"],"picked":"Expertise","floor":3.0},{"not_picked":["Bane","Backflip"],"picked":"Tactician","floor":4.0},{"not_picked":["Dagger Spray","Poisoned Stab"],"picked":"Riddle With Holes","floor":5.0},{"not_picked":["Deadly Poison","Burst"],"picked":"Sucker Punch","floor":7.0},{"not_picked":["Outmaneuver","Backstab"],"picked":"Backflip","floor":10.0},{"not_picked":["Poisoned Stab","Quick Slash"],"picked":"Leg Sweep","floor":11.0},{"not_picked":["A Thousand Cuts","Corpse Explosion"],"picked":"Night Terror","floor":16.0},{"not_picked":["Deadly Poison+1","Blade Dance"],"picked":"Riddle With Holes","floor":18.0},{"not_picked":["Concentrate","Riddle With Holes"],"picked":"Acrobatics","floor":19.0},{"not_picked":["Infinite Blades","Slice","Cloak And Dagger"],"picked":"SKIP","floor":24},{"not_picked":["Blade Dance","Quick Slash"],"picked":"Adrenaline","floor":28},{"not_picked":["Sucker Punch","Deflect"],"picked":"Footwork","floor":29},{"not_picked":["Sucker Punch","Poisoned Stab","Crippling Poison"],"picked":"SKIP","floor":31}],"player_experience":580579,"relics_obtained":[{"floor":9.0,"key":"Mercury Hourglass"},{"floor":10.0,"key":"Potion Belt"},{"floor":24,"key":"Shovel"},{"floor":25,"key":"Art of War"},{"floor":26,"key":"Bronze Scales"},{"floor":27,"key":"Smiling Mask"},{"floor":30,"key":"Ancient Tea Set"}],"event_choices":[{"event_name":"The Cleric","player_choice":"Leave","floor":2.0,"damage_taken":0.0},{"event_name":"Living Wall","player_choice":"Grow","floor":14.0,"damage_taken":0.0},{"event_name":"The Library","player_choice":"Heal","floor":21.0,"damage_taken":0.0},{"event_name":"Nest","player_choice":"Stole From Cult","floor":22.0,"damage_taken":0.0}],"is_beta":false,"boss_relics":[{"not_picked":["White Beast Statue","Coffee Dripper"],"picked":"Astrolabe"}],"items_purged_floors":[],"is_endless":false,"potions_floor_spawned":[5,10,16,28,31],"killed_by":"Collector","ascension_level":1}