{"gold_per_floor":[111,186,361,0,0,0,14,43,67,14,26,26,82,101,101,198,198,214,214,225,225,225,225,225],"floor_reached":24,"playtime":1473,"items_purged":[],"score":182,"play_id":"d7b65e33-0077-4f35-879d-4047dbbc241c","local_time":"20180703135341","is_ascension_mode":false,"campfire_choices":[{"data":"Defend_R","floor":6.0,"key":"SMITH"},{"floor":12.0,"key":"REST"},{"data":"Heavy Blade","floor":15.0,"key":"SMITH"},{"floor":23,"key":"REST"}],"neow_cost":"","seed_source_timestamp":0,"circlet_count":0,"master_deck":["Strike_R","Strike_R","Strike_R","Strike_R","Defend_R","Defend_R+1","Defend_R+1","Bash","Inflame","Doubt","Reckless Charge","Shrug It Off+1","Inflame","Rage","Clash","Armaments","Heavy Blade+1","Battle Trance","Clash","Limit Break","Heavy Blade+1","Iron Wave","Writhe","Intimidate"],"special_seed":0,"relics":["Burning Blood","War Paint","Pen Nib","Odd Mushroom","Blood Vial","Bottled Flame","Empty Cage","Enchiridion","Bronze Scales"],"potions_floor_usage":[24],"damage_taken":[{"damage":6.0,"enemies":"Cultist","floor":1.0,"turns":4.0},{"damage":3.0,"enemies":"2 Louse","floor":7.0,"turns":4.0},{"damage":37.0,"floor":8.0,"turns":6.0},{"damage":0.0,"enemies":"Small Slimes","floor":11.0,"turns":3.0},{"damage":0.0,"enemies":"3 Sentries","floor":13.0,"turns":7.0},{"damage":0.0,"enemies":"Exordium Wildlife","floor":14.0,"turns":3.0},{"damage":13.0,"enemies":"Slime Boss","floor":16.0,"turns":8.0},{"damage":27,"enemies":"3 Byrds","floor":18,"turns":5},{"damage":7,"enemies":"Shell Parasite","floor":20,"turns":3},{"damage":82,"enemies":"Cultist and Chosen","floor":24,"turns":6}],"seed_played":"-381274914377099572","potions_obtained":[{"floor":7.0,"key":"Dexterity Potion"},{"floor":11.0,"key":"AttackPotion"},{"floor":16.0,"key":"Dexterity Potion"}],"is_trial":false,"path_per_floor":["M","?","?","$","?","R","M","?","T","$","M","R","?","M","R","B",null,"M","?","M","?","?","R"],"character_chosen":"IRONCLAD","items_purchased":["Reckless Charge","Shrug It Off","Inflame","War Paint","Fire Potion","Armaments"],"campfire_rested":2,"item_purchase_floors":[],"current_hp_per_floor":[88,77,77,77,59,59,62,31,31,31,39,65,73,81,81,76,88,67,51,52,52,52,78,0],"gold":225,"neow_bonus":"","is_prod":false,"is_daily":false,"chose_seed":false,"campfire_upgraded":2,"win_rate":0.0,"timestamp":1530640421,"path_taken":["M","?","?","$","?","R","?","?","T","?","M","R","?","M","R","BOSS","M","?","?","?","?","R","M"],"build_version":"2018-06-28","purchased_purges":0,"victory":false,"max_hp_per_floor":[88,88,88,88,88,88,88,88,88,88,88,88,88,88,88,88,88,88,88,88,88,88,88,88],"card_choices":[{"not_picked":["Clothesline","Anger"],"picked":"Inflame","floor":1.0},{"not_picked":["Sword Boomerang","Anger"],"picked":"Rage","floor":7.0},{"not_picked":["Havoc","Fire Breathing"],"picked":"Clash","floor":8.0},{"not_picked":["Thunderclap","Twin Strike"],"picked":"Heavy Blade","floor":11.0},{"not_picked":["Flame Barrier","Fire Breathing"],"picked":"Battle Trance","floor":13.0},{"not_picked":["Infernal Blade","Thunderclap"],"picked":"Clash","floor":14.0},{"not_picked":["Bludgeon","Juggernaut"],"picked":"Limit Break","floor":16.0},{"not_picked":["Sword Boomerang","Twin Strike"],"picked":"Heavy Blade+1","floor":18},{"not_picked":["Cleave+1","Armaments"],"picked":"Iron Wave","floor":20}],"player_experience":88558,"relics_obtained":[{"floor":8.0,"key":"Odd Mushroom"},{"floor":9.0,"key":"Blood Vial"},{"floor":13.0,"key":"Bottled Flame"},{"floor":19,"key":"Enchiridion"}],"event_choices":[{"event_name":"World of Goop","player_choice":"Gather Gold","floor":2.0,"damage_taken":0.0},{"event_name":"Liars Game","player_choice":"agreed","floor":3.0,"damage_taken":0.0},{"event_name":"Scrap Ooze","player_choice":"success","floor":5.0,"damage_taken":18.0},{"event_name":"Mushrooms","player_choice":"Fought Mushrooms","floor":8.0,"damage_taken":0.0},{"event_name":"Dead Adventurer","player_choice":"Searched \u00272\u0027 times","floor":13.0,"damage_taken":0.0},{"event_name":"Cursed Tome","player_choice":"Obtained Book","floor":19,"damage_taken":0},{"event_name":"The Mausoleum","player_choice":"Yes","floor":21,"damage_taken":0},{"event_name":"The Library","player_choice":"Read","floor":22,"damage_taken":0}],"boss_relics":[{"not_picked":["Runic Cube","Tiny House"],"picked":"Empty Cage"}],"items_purged_floors":[],"is_endless":false,"potions_floor_spawned":[7,11,16],"killed_by":"Cultist and Chosen","ascension_level":0}