{"gold_per_floor":[111,122,139,154,165,165,182,201,201,215,43,43,55,55,55,174,174,198,46,46,46,46,46,67,18,18,41,41],"floor_reached":28,"playtime":2290,"items_purged":[],"score":214,"play_id":"fbd237dd-0c52-45d4-9cde-359380360a2c","local_time":"20180702150944","is_ascension_mode":false,"campfire_choices":[{"floor":6,"key":"REST"},{"floor":15,"key":"REST"},{"floor":23,"key":"REST"}],"neow_cost":"","seed_source_timestamp":7001193850935,"circlet_count":0,"master_deck":["Defend_G","Defend_G","Defend_G","Defend_G","Defend_G","Strike_G","Strike_G","Strike_G","Strike_G","Survivor","Neutralize","Crippling Poison","PiercingWail","Prepared","Tactician","Poisoned Stab","Deadly Poison","Flash of Steel","Well Laid Plans","Bane","Reflex","Envenom","RitualDagger","Acrobatics+1","Prepared","Bane+1"],"relics":["Ring of the Snake","Pantograph","Golden Idol","Snecko Eye","Boot","Ginger"],"potions_floor_usage":[13,16,16,28],"damage_taken":[{"damage":0,"enemies":"Jaw Worm","floor":1,"turns":5},{"damage":0,"enemies":"Small Slimes","floor":2,"turns":5},{"damage":4,"enemies":"Cultist","floor":3,"turns":5},{"damage":14,"enemies":"Gremlin Gang","floor":4,"turns":6},{"damage":10,"enemies":"Large Slime","floor":5,"turns":9},{"damage":0,"enemies":"Blue Slaver","floor":7,"turns":6},{"damage":7,"enemies":"Exordium Wildlife","floor":8,"turns":8},{"damage":1,"enemies":"3 Louse","floor":10,"turns":4},{"damage":2,"enemies":"Large Slime","floor":13,"turns":5},{"damage":46,"enemies":"Hexaghost","floor":16,"turns":12},{"damage":27,"enemies":"Chosen","floor":18,"turns":6},{"damage":23,"enemies":"Shell Parasite","floor":24,"turns":7},{"damage":27,"enemies":"Snake Plant","floor":27,"turns":5},{"damage":16,"enemies":"Cultist and Chosen","floor":28,"turns":4}],"seed_played":"-318994454631321223","potions_obtained":[{"floor":5,"key":"EssenceOfSteel"},{"floor":7,"key":"GhostInAJar"},{"floor":10,"key":"Block Potion"},{"floor":16,"key":"Dexterity Potion"},{"floor":27,"key":"Fire Potion"}],"is_trial":false,"path_per_floor":["M","M","M","M","M","R","M","M","T","M","$","?","M","?","R","B",null,"M","$","?","?","?","R","M","$","T","M"],"character_chosen":"THE_SILENT","items_purchased":["Flash of Steel","Well Laid Plans","Boot","Prepared"],"campfire_rested":3,"item_purchase_floors":[11,11,19,25],"current_hp_per_floor":[70,70,66,52,42,63,63,56,56,55,55,55,53,36,57,24,70,43,43,43,37,37,58,35,35,35,8,0],"gold":41,"neow_bonus":"","is_prod":false,"is_daily":false,"chose_seed":false,"campfire_upgraded":0,"win_rate":0.0,"timestamp":1530558584,"path_taken":["M","M","M","M","M","R","M","M","T","M","$","?","?","?","R","BOSS","M","$","?","?","?","R","M","?","T","M","?"],"build_version":"2018-06-28","purchased_purges":0,"victory":false,"max_hp_per_floor":[70,70,70,70,70,70,70,70,70,70,70,70,70,70,70,70,70,70,70,70,70,70,70,70,70,70,70,70],"card_choices":[{"not_picked":["Outmaneuver","Bane","Reflex"],"picked":"SKIP","floor":1},{"not_picked":["Acrobatics","Flying Knee"],"picked":"Crippling Poison","floor":2},{"not_picked":["Acrobatics","Riddle With Holes"],"picked":"PiercingWail","floor":3},{"not_picked":["Deadly Poison","Deflect"],"picked":"Prepared","floor":4},{"not_picked":["Slice","Dagger Spray"],"picked":"Tactician","floor":5},{"not_picked":["Deflect","Dodge and Roll","Footwork"],"picked":"SKIP","floor":7},{"not_picked":["Backflip","Deflect"],"picked":"Poisoned Stab","floor":8},{"not_picked":["Flying Knee","Tactician"],"picked":"Deadly Poison","floor":10},{"not_picked":["Dodge and Roll","Acrobatics"],"picked":"Reflex","floor":13},{"not_picked":["Bullet Time","Phantasmal Killer"],"picked":"Envenom","floor":16},{"not_picked":["Slice+1","Poisoned Stab","PiercingWail"],"picked":"SKIP","floor":18},{"not_picked":["Escape Plan+1","Dagger Throw+1"],"picked":"Acrobatics+1","floor":24},{"not_picked":["Quick Slash","Slice"],"picked":"Bane+1","floor":27}],"player_experience":80895,"relics_obtained":[{"floor":9,"key":"Pantograph"},{"floor":26,"key":"Ginger"}],"event_choices":[{"event_name":"Living Wall","player_choice":"Change","floor":12,"damage_taken":0},{"event_name":"Golden Idol","player_choice":"Take Damage","floor":14,"damage_taken":0},{"event_name":"Beggar","player_choice":"Ignored","floor":20,"damage_taken":0},{"event_name":"Nest","player_choice":"Joined the Cult","floor":21,"damage_taken":0},{"event_name":"Drug Dealer","player_choice":"Ignored","floor":22,"damage_taken":0}],"boss_relics":[{"not_picked":["Runic Pyramid","Orrery"],"picked":"Snecko Eye"}],"items_purged_floors":[],"is_endless":false,"potions_floor_spawned":[5,7,10,16,27],"killed_by":"Cultist and Chosen","ascension_level":0}