{"gold_per_floor":[117,82,82,44,219,254,254,287,287,299,315,315,330,350,350,447,447,465,484,484,3,22,54,54,88,88,88,151,166,177,187,187,284,284,296,309,309,329,344,373,373,400,451,463,492,492,518,125,125,125],"floor_reached":51,"playtime":2094,"items_purged":["Doubt"],"score":1139,"play_id":"ae903758-b498-419d-b463-e107b068a915","local_time":"20180705073501","is_ascension_mode":true,"campfire_choices":[{"data":"1","floor":7,"key":"LIFT"},{"data":"2","floor":12,"key":"LIFT"},{"floor":15,"key":"REST"},{"floor":24,"key":"REST"},{"data":"3","floor":27,"key":"LIFT"},{"floor":32,"key":"REST"},{"data":"Hello World","floor":41,"key":"SMITH"},{"data":"Hologram","floor":49,"key":"SMITH"}],"neow_cost":"FIFTY_PERCENT_DAMAGE","seed_source_timestamp":544337081958272,"circlet_count":0,"master_deck":["Zap+1","Dualcast+1","Beam Cell+1","Scrape+1","Conserve Battery+1","Electrodynamics+1","Gash+1","Gash+1","Ball Lightning+1","BootSequence+1","All For One+1","Coolheaded+1","Loop+1","Ball Lightning+1","FTL+1","Steam+1","Ball Lightning+1","Conserve Battery+1","Conserve Battery+1","Echo Form+1","Sweeping Beam+1","FTL+1","Beam Cell+1","Gash+1","Steam Power+1","Capacitor+1","Leap+1","Double Energy+1","Auto Shields+1","Beam Cell+1","Hologram+1","Hello World+1","Go for the Eyes+1","Buffer","Rebound","Skim","Deep Breath"],"relics":["Cracked Core","Girya","Gambling Chip","Anchor","Pen Nib","White Beast Statue","Mummified Hand","Bag of Preparation","Strawberry","Potion Belt","Kunai","Tiny Chest","Pandora\u0027s Box","Mark of the Bloom","Torii","Vajra","Orichalcum","Blue Candle","Toolbox","Ornamental Fan"],"potions_floor_usage":[8,16,16,23,23,25,31,31,33,33,33,42,42,50,50,50,50],"damage_taken":[{"damage":2,"enemies":"2 Louse","floor":1,"turns":2},{"damage":29,"enemies":"Gremlin Nob","floor":6,"turns":4},{"damage":13,"enemies":"3 Sentries","floor":8,"turns":7},{"damage":0,"enemies":"Jaw Worm","floor":10,"turns":2},{"damage":0,"enemies":"Small Slimes","floor":11,"turns":2},{"damage":0,"enemies":"3 Louse","floor":13,"turns":3},{"damage":0,"enemies":"Exordium Wildlife","floor":14,"turns":3},{"damage":0,"enemies":"Slime Boss","floor":16,"turns":5},{"damage":25,"enemies":"Shell Parasite","floor":18,"turns":4},{"damage":6,"enemies":"3 Byrds","floor":19,"turns":5},{"damage":5,"enemies":"3 Cultists","floor":22,"turns":3},{"damage":22,"enemies":"Book of Stabbing","floor":23,"turns":4},{"damage":4,"enemies":"Slavers","floor":25,"turns":3},{"damage":0,"enemies":"Book of Stabbing","floor":28,"turns":3},{"damage":0,"enemies":"Snecko","floor":29,"turns":3},{"damage":15,"enemies":"Snake Plant","floor":30,"turns":3},{"damage":0,"enemies":"Centurion and Healer","floor":31,"turns":2},{"damage":40,"enemies":"Automaton","floor":33,"turns":7},{"damage":0,"enemies":"3 Shapes","floor":35,"turns":3},{"damage":11,"enemies":"3 Darklings","floor":36,"turns":4},{"damage":0,"enemies":"4 Shapes","floor":38,"turns":3},{"damage":0,"enemies":"Sphere and 2 Shapes","floor":39,"turns":2},{"damage":18,"enemies":"Nemesis","floor":40,"turns":3},{"damage":17,"enemies":"2 Orb Walkers","floor":42,"turns":3},{"damage":1,"enemies":"Maw","floor":44,"turns":4},{"damage":0,"enemies":"Giant Head","floor":45,"turns":4},{"damage":1,"enemies":"2 Orb Walkers","floor":47,"turns":4},{"damage":16,"enemies":"Awakened One","floor":50,"turns":8}],"seed_played":"1818020402649970342","potions_obtained":[{"floor":6,"key":"SpeedPotion"},{"floor":10,"key":"EssenceOfSteel"},{"floor":11,"key":"Poison Potion"},{"floor":14,"key":"SteroidPotion"},{"floor":16,"key":"AttackPotion"},{"floor":18,"key":"Explosive Potion"},{"floor":19,"key":"Swift Potion"},{"floor":22,"key":"FocusPotion"},{"floor":23,"key":"Poison Potion"},{"floor":25,"key":"PowerPotion"},{"floor":28,"key":"Explosive Potion"},{"floor":29,"key":"Swift Potion"},{"floor":30,"key":"SkillPotion"},{"floor":31,"key":"Energy Potion"},{"floor":33,"key":"SteroidPotion"},{"floor":35,"key":"EssenceOfSteel"},{"floor":36,"key":"Ancient Potion"},{"floor":38,"key":"Fire Potion"},{"floor":39,"key":"EssenceOfSteel"},{"floor":42,"key":"Block Potion"},{"floor":44,"key":"FairyPotion"},{"floor":45,"key":"SkillPotion"},{"floor":47,"key":"Strength Potion"}],"is_trial":false,"path_per_floor":["M","?","?","$","?","E","R","E","T","M","M","R","M","M","R","B",null,"M","M","?","$","M","E","R","E","T","R","E","M","M","M","R","B",null,"M","M","?","M","M","E","R","E","T","M","E","?","E","$","R","B"],"character_chosen":"DEFECT","items_purchased":["Scrape","Mummified Hand","Bag of Preparation","Skim","Ornamental Fan","Deep Breath"],"campfire_rested":3,"item_purchase_floors":[4,21,21,48,48,48],"current_hp_per_floor":[36,54,59,59,59,30,30,17,17,17,17,17,17,17,41,41,80,55,49,49,49,44,29,55,51,51,51,51,51,36,36,62,22,87,87,76,76,76,76,58,58,41,41,40,40,40,39,39,39,23],"gold":125,"neow_bonus":"ONE_RARE_RELIC","is_prod":false,"is_daily":false,"chose_seed":false,"campfire_upgraded":2,"win_rate":0,"timestamp":1530732901,"path_taken":["M","?","?","$","?","E","R","E","T","M","M","R","M","?","R","BOSS","M","M","?","$","M","E","R","E","T","R","E","M","M","M","R","BOSS","M","M","?","M","M","E","R","E","T","?","E","?","E","?","R","BOSS"],"build_version":"2018-06-28","purchased_purges":1,"victory":true,"max_hp_per_floor":[75,75,80,80,80,80,80,80,80,80,80,80,80,80,80,80,80,80,80,80,80,80,87,87,87,87,87,87,87,87,87,87,87,87,87,87,87,87,87,87,87,87,87,87,87,87,87,87,87,87],"card_choices":[{"not_picked":["Hologram","Stack"],"picked":"Beam Cell","floor":1},{"not_picked":["Chaos","Hologram"],"picked":"Conserve Battery","floor":6},{"not_picked":["Barrage","Rip and Tear"],"picked":"Electrodynamics","floor":8},{"not_picked":["Conserve Battery","Steam Power"],"picked":"Gash","floor":10},{"not_picked":["Compile Driver","Stack"],"picked":"Gash","floor":11},{"not_picked":["Redo","Rip and Tear"],"picked":"Ball Lightning","floor":13},{"not_picked":["Streamline","Hologram"],"picked":"BootSequence","floor":14},{"not_picked":["Hyperbeam","Machine Learning"],"picked":"All For One","floor":16},{"not_picked":["Undo+1","Consume+1"],"picked":"Coolheaded","floor":18},{"not_picked":["Undo+1","Conserve Battery"],"picked":"Loop","floor":19},{"not_picked":["Coolheaded","Double Energy"],"picked":"Ball Lightning","floor":22},{"not_picked":["Compile Driver+1","Turbo"],"picked":"FTL","floor":23},{"not_picked":["Darkness","Gash"],"picked":"Steam+1","floor":25},{"not_picked":["Chaos","Turbo","Melter"],"picked":"SKIP","floor":28},{"not_picked":["Storm","Coolheaded"],"picked":"Ball Lightning","floor":29},{"not_picked":["Blizzard","Coolheaded"],"picked":"Conserve Battery","floor":30},{"not_picked":["Ball Lightning","Cold Snap"],"picked":"Conserve Battery+1","floor":31},{"not_picked":["Reboot","Buffer"],"picked":"Echo Form","floor":33},{"not_picked":["Compile Driver","Cold Snap"],"picked":"Auto Shields","floor":35},{"not_picked":["Chill","Cold Snap+1"],"picked":"Beam Cell+1","floor":36},{"not_picked":["Fusion+1","Lockon+1","Sunder"],"picked":"SKIP","floor":38},{"not_picked":["Streamline+1","Coolheaded"],"picked":"Hologram","floor":39},{"not_picked":["Static Discharge","Leap+1"],"picked":"Hello World","floor":40},{"not_picked":["Skim","Capacitor+1"],"picked":"Go for the Eyes+1","floor":42},{"not_picked":["Stack+1","Fusion"],"picked":"Rip and Tear","floor":44},{"not_picked":["Genetic Algorithm","Barrage+1"],"picked":"Buffer","floor":45},{"not_picked":["Genetic Algorithm+1","Glacier"],"picked":"Rebound","floor":47}],"player_experience":275678,"relics_obtained":[{"floor":6,"key":"Gambling Chip"},{"floor":8,"key":"Anchor"},{"floor":9,"key":"Pen Nib"},{"floor":23,"key":"Strawberry"},{"floor":25,"key":"Potion Belt"},{"floor":26,"key":"Kunai"},{"floor":28,"key":"Tiny Chest"},{"floor":40,"key":"Torii"},{"floor":42,"key":"Vajra"},{"floor":43,"key":"Orichalcum"},{"floor":45,"key":"Blue Candle"},{"floor":47,"key":"Toolbox"}],"event_choices":[{"event_name":"The Cleric","player_choice":"Healed","floor":2,"damage_taken":0},{"event_name":"Big Fish","player_choice":"Donut","floor":3,"damage_taken":0},{"event_name":"Liars Game","player_choice":"agreed","floor":5,"damage_taken":0},{"event_name":"Ghosts","player_choice":"Ignored","floor":20,"damage_taken":0},{"event_name":"MindBloom","player_choice":"Upgrade","floor":37,"damage_taken":0},{"event_name":"Purifier","player_choice":"One Purge","floor":46,"damage_taken":0}],"boss_relics":[{"not_picked":["Philosopher\u0027s Stone","Runic Pyramid"],"picked":"White Beast Statue"},{"not_picked":["Coffee Dripper","Eternal Feather"],"picked":"Pandora\u0027s Box"}],"items_purged_floors":[21],"is_endless":false,"potions_floor_spawned":[6,10,11,14,16,18,19,22,23,25,28,29,30,31,33,35,36,38,39,40,42,44,45,47],"ascension_level":4}