{"gold_per_floor":[117,117,42,7,7,7,33,58,85,98,114,114,27,46,46,142,142,160,170,72,83,101,101,120,40,40,40,40,58,77,97,97,201,201,220,220,239,239,253,253,116,126,201,215,215,246,38,51,51,51],"floor_reached":51,"playtime":6651,"items_purged":["Strike_B","Parasite","Strike_B","Strike_B+1","Defend_B"],"score":1013,"play_id":"2ff5a4c5-23d3-483b-911a-a044da9fbc45","local_time":"20190213155620","is_ascension_mode":true,"campfire_choices":[{"data":"Zap","floor":6.0,"key":"SMITH"},{"data":"Lockon","floor":15.0,"key":"SMITH"},{"data":"Defragment","floor":23.0,"key":"SMITH"},{"floor":32.0,"key":"REST"},{"data":"Go for the Eyes","floor":40.0,"key":"SMITH"},{"data":"Capacitor","floor":45,"key":"SMITH"},{"floor":49,"key":"REST"}],"neow_cost":"NONE","seed_source_timestamp":0,"circlet_count":0,"master_deck":["Defend_B","Defend_B+1","Defend_B","Zap+1","Dualcast","Lockon+1","Ball Lightning","BootSequence","Conserve Battery","Defragment+1","Coolheaded","Seek","Go for the Eyes+1","Cold Snap+1","Conserve Battery","Capacitor","Ghostly+1","Ghostly+1","Ghostly+1","Ghostly+1","Ghostly+1","Streamline","Ball Lightning+1","Glacier+1","Rainbow+1","Capacitor+1","Hologram+1","Discovery+1","Compile Driver+1","Creative AI"],"special_seed":0,"relics":["FrozenCore","Potion Belt","Smiling Mask","Art of War","Toxic Egg 2","Nloth\u0027s Gift","Sozu","The Courier","Bronze Scales","Runic Capacitor"],"potions_floor_usage":[],"damage_taken":[{"damage":7.0,"enemies":"Jaw Worm","floor":1.0,"turns":3.0},{"damage":55.0,"enemies":"3 Sentries","floor":7.0,"turns":8.0},{"damage":0.0,"enemies":"Small Slimes","floor":10.0,"turns":2.0},{"damage":0.0,"enemies":"2 Louse","floor":11.0,"turns":2.0},{"damage":3.0,"enemies":"Blue Slaver","floor":14.0,"turns":3.0},{"damage":19.0,"enemies":"The Guardian","floor":16.0,"turns":14.0},{"damage":12.0,"enemies":"3 Byrds","floor":18.0,"turns":5.0},{"damage":5.0,"enemies":"Spheric Guardian","floor":19.0,"turns":6.0},{"damage":15.0,"enemies":"Cultist and Chosen","floor":21.0,"turns":5.0},{"damage":1.0,"enemies":"Snake Plant","floor":22.0,"turns":4.0},{"damage":4.0,"enemies":"3 Cultists","floor":24.0,"turns":5.0},{"damage":2.0,"enemies":"Centurion and Healer","floor":29.0,"turns":13.0},{"damage":0.0,"enemies":"Snake Plant","floor":30.0,"turns":6.0},{"damage":11.0,"enemies":"3 Cultists","floor":31.0,"turns":9.0},{"damage":13.0,"enemies":"Automaton","floor":33.0,"turns":18.0},{"damage":22.0,"enemies":"3 Darklings","floor":35.0,"turns":9.0},{"damage":0.0,"enemies":"3 Shapes","floor":37.0,"turns":7.0},{"damage":0.0,"enemies":"Transient","floor":39.0,"turns":5.0},{"damage":0.0,"enemies":"Sphere and 2 Shapes","floor":42.0,"turns":8.0},{"damage":0,"enemies":"3 Darklings","floor":44,"turns":8},{"damage":0,"enemies":"Reptomancer","floor":46,"turns":8},{"damage":0,"enemies":"Writhing Mass","floor":48,"turns":7},{"damage":0,"enemies":"Time Eater","floor":50,"turns":14}],"seed_played":"-5572850211323734795","potions_obtained":[{"floor":10.0,"key":"EssenceOfSteel"},{"floor":14.0,"key":"LiquidBronze"},{"floor":16.0,"key":"Swift Potion"},{"floor":19.0,"key":"Block Potion"},{"floor":21.0,"key":"PowerPotion"},{"floor":24.0,"key":"FocusPotion"},{"floor":29.0,"key":"SneckoOil"},{"floor":31.0,"key":"Poison Potion"}],"is_trial":false,"path_per_floor":["M","?","$","?","?","R","E","T","T","M","M","?","$","M","R","B",null,"M","M","$","M","M","R","M","$","T","?","?","M","M","M","R","B",null,"M","?","M","?","M","R","$","M","T","M","R","E","$","M","R","B",null],"character_chosen":"DEFECT","items_purchased":["Defragment","Explosive Potion","Capacitor","Discovery+1","Runic Capacitor"],"campfire_rested":2,"item_purchase_floors":[13,20,25,41,47],"current_hp_per_floor":[61,46,46,64,64,64,9,9,9,9,9,27,27,24,24,5,55,43,38,38,23,22,22,18,18,18,18,18,16,16,5,15,2,28,6,6,6,6,6,6,6,6,6,6,6,6,6,6,16,16],"gold":51,"neow_bonus":"RANDOM_COMMON_RELIC","is_prod":false,"is_daily":false,"chose_seed":false,"campfire_upgraded":5,"win_rate":0,"timestamp":1550026580,"path_taken":["M","?","$","?","?","R","E","?","T","M","?","?","$","M","R","BOSS","M","M","$","M","M","R","M","$","T","?","?","?","M","M","R","BOSS","M","?","M","?","M","R","$","M","T","M","R","E","$","M","R","BOSS"],"build_version":"2019-01-23","purchased_purges":5,"victory":true,"max_hp_per_floor":[75,75,75,75,75,75,75,75,75,75,75,75,72,72,72,72,72,72,72,72,72,72,72,72,72,72,36,36,36,36,36,36,36,36,36,36,36,36,36,36,36,36,36,36,36,36,36,36,36,36],"card_choices":[{"not_picked":["Beam Cell","Heatsinks"],"picked":"Lockon","floor":1.0},{"not_picked":["Static Discharge","Leap"],"picked":"Ball Lightning","floor":7.0},{"not_picked":["Tempest","Hello World"],"picked":"BootSequence","floor":10.0},{"not_picked":["Leap","Auto Shields"],"picked":"Conserve Battery","floor":11.0},{"not_picked":["Streamline","Turbo"],"picked":"Coolheaded","floor":14.0},{"not_picked":["Thunder Strike","Rainbow"],"picked":"Seek","floor":16.0},{"not_picked":["Reprogram+1","Skim"],"picked":"Go for the Eyes","floor":18.0},{"not_picked":["Aggregate","Gash+1","BootSequence"],"picked":"SKIP","floor":19.0},{"not_picked":["Go for the Eyes","Leap","Scrape"],"picked":"SKIP","floor":21.0},{"not_picked":["Double Energy","Coolheaded"],"picked":"Cold Snap+1","floor":22.0},{"not_picked":["Go for the Eyes","Stack"],"picked":"Conserve Battery","floor":24.0},{"not_picked":["Redo+1","Conserve Battery+1"],"picked":"Streamline","floor":29.0},{"not_picked":["Steam+1","Seek+1"],"picked":"Ball Lightning+1","floor":30.0},{"not_picked":["Recycle+1","Steam+1"],"picked":"Glacier+1","floor":31.0},{"not_picked":["Amplify+1","Meteor Strike"],"picked":"Rainbow+1","floor":33.0},{"not_picked":["Steam+1","Leap+1"],"picked":"Capacitor","floor":35.0},{"not_picked":["Double Energy+1","Conserve Battery+1"],"picked":"Hologram+1","floor":37.0},{"not_picked":["Redo+1","Heatsinks+1","Steam+1"],"picked":"SKIP","floor":39.0},{"not_picked":["Heatsinks","Stack+1","Chaos+1"],"picked":"SKIP","floor":42.0},{"not_picked":["Sweeping Beam","Glacier+1"],"picked":"Compile Driver+1","floor":44},{"not_picked":["Compile Driver","Thunder Strike","Hyperbeam"],"picked":"SKIP","floor":46},{"not_picked":["Steam+1","Compile Driver"],"picked":"Creative AI","floor":48}],"player_experience":229233,"relics_obtained":[{"floor":7.0,"key":"Boot"},{"floor":8.0,"key":"Smiling Mask"},{"floor":9.0,"key":"Art of War"},{"floor":26.0,"key":"Toxic Egg 2"},{"floor":43.0,"key":"The Courier"},{"floor":46,"key":"Bronze Scales"}],"event_choices":[{"damage_healed":0.0,"max_hp_gain":0.0,"max_hp_loss":0.0,"gold_gain":0.0,"event_name":"Shining Light","player_choice":"Entered Light","floor":2.0,"gold_loss":0.0,"damage_taken":15.0,"cards_upgraded":["Defend_B","Strike_B"]},{"damage_healed":18.0,"max_hp_gain":0.0,"max_hp_loss":0.0,"gold_gain":0.0,"event_name":"The Cleric","player_choice":"Healed","floor":4.0,"gold_loss":35.0,"damage_taken":0.0},{"damage_healed":0.0,"max_hp_gain":0.0,"max_hp_loss":0.0,"gold_gain":0.0,"event_name":"Liars Game","player_choice":"Ignored","floor":5.0,"gold_loss":0.0,"damage_taken":0.0},{"damage_healed":18.0,"max_hp_gain":0.0,"max_hp_loss":0.0,"gold_gain":0.0,"event_name":"Mushrooms","player_choice":"Healed and dodged fight","floor":12.0,"gold_loss":0.0,"damage_taken":0.0,"cards_obtained":["Parasite"]},{"damage_healed":0.0,"max_hp_gain":0.0,"max_hp_loss":36.0,"gold_gain":0.0,"event_name":"Ghosts","player_choice":"Became a Ghost","floor":27.0,"gold_loss":0.0,"damage_taken":0.0,"cards_obtained":["Ghostly","Ghostly","Ghostly","Ghostly","Ghostly"]},{"damage_healed":0.0,"max_hp_gain":0.0,"max_hp_loss":0.0,"gold_gain":0.0,"event_name":"N\u0027loth","player_choice":"Traded Relic","floor":28.0,"relics_lost":["Boot"],"gold_loss":0.0,"damage_taken":0.0,"relics_obtained":["Nloth\u0027s Gift"]},{"damage_healed":0.0,"max_hp_gain":0.0,"max_hp_loss":0.0,"gold_gain":0.0,"event_name":"SensoryStone","player_choice":"Memory 1","floor":36.0,"gold_loss":0.0,"damage_taken":0.0},{"cards_removed":["Strike_B"],"damage_healed":0.0,"max_hp_gain":0.0,"max_hp_loss":0.0,"gold_gain":0.0,"event_name":"Falling","player_choice":"Removed Attack","floor":38.0,"gold_loss":0.0,"damage_taken":0.0}],"is_beta":false,"boss_relics":[{"not_picked":["Black Star","Lizard Tail"],"picked":"FrozenCore"},{"not_picked":["White Beast Statue","Coffee Dripper"],"picked":"Sozu"}],"items_purged_floors":[3,13,20,41,47],"is_endless":false,"potions_floor_spawned":[10,14,16,19,21,24,29,31,42,46,48],"ascension_level":8}