{"path_per_floor":["M","$","?","?","?","R","M","R","T","M","R","T","M","M","R","B",null,"M","?","M","?","M","R","T","M","T","M","M","T","R","M","R"],"character_chosen":"IRONCLAD","items_purchased":["Pommel Strike","Anger"],"gold_per_floor":[115,46,46,46,46,46,63,63,63,75,75,75,93,106,106,208,208,208,208,208,208,208,208,208,208,208,208,208,208,208,208,208,208],"floor_reached":33,"campfire_rested":2,"playtime":2620,"item_purchase_floors":[2,2],"current_hp_per_floor":[80,80,80,38,38,38,47,47,47,55,79,79,80,80,80,68,80,80,80,80,80,66,66,66,57,57,58,37,37,37,42,66,0],"items_purged":[],"gold":208,"score":239,"play_id":"b8bbd5aa-74e7-4915-9151-bcfe58aca547","local_time":"20180614134108","is_prod":false,"is_daily":false,"chose_seed":false,"is_ascension_mode":false,"campfire_upgraded":4,"win_rate":0.0,"timestamp":1528998068,"campfire_choices":[{"data":"Pommel Strike","floor":6,"key":"SMITH"},{"data":"Evolve","floor":8,"key":"SMITH"},{"floor":11,"key":"REST"},{"data":"Anger","floor":15,"key":"SMITH"},{"data":"Pommel Strike","floor":23,"key":"SMITH"},{"data":"1","floor":30,"key":"LIFT"},{"floor":32,"key":"REST"}],"path_taken":["M","$","?","?","?","R","M","R","T","M","R","?","?","M","R","BOSS","M","?","?","?","M","R","?","M","T","M","?","?","R","M","R","BOSS"],"build_version":"2018-06-07v3","seed_source_timestamp":14711919052891,"purchased_purges":0,"victory":false,"master_deck":["Strike_R","Strike_R","Strike_R","Defend_R","Defend_R","Defend_R","Defend_R","Bash","Headbutt","Pommel Strike+1","Anger","Evolve+1","Anger+1","Pommel Strike+1","Rage+1","Warcry+1","Anger","Headbutt+1"],"max_hp_per_floor":[80,80,80,80,80,80,80,80,80,80,80,80,80,80,80,80,80,80,80,80,80,80,80,80,80,80,80,80,80,80,80,80,80],"relics":["Burning Blood","Magic Flower","Pantograph","Toxic Egg 2","Ectoplasm","Girya","Red Skull","Lantern"],"card_choices":[{"not_picked":["Fire Breathing","Intimidate"],"picked":"Headbutt","floor":1},{"not_picked":["Sword Boomerang","Thunderclap"],"picked":"Evolve","floor":7},{"not_picked":["Wild Strike","Warcry"],"picked":"Anger","floor":10},{"not_picked":["Cleave","Body Slam"],"picked":"Pommel Strike","floor":13},{"not_picked":["Heavy Blade","Dark Embrace"],"picked":"Rage+1","floor":14},{"not_picked":["Reckless Charge","Clothesline"],"picked":"Warcry+1","floor":18},{"not_picked":["Disarm+1","Sever Soul"],"picked":"Anger","floor":20},{"not_picked":["Shrug It Off+1","True Grit+1"],"picked":"Headbutt+1","floor":22},{"not_picked":["Shockwave+1","Sword Boomerang","Heavy Blade+1"],"picked":"SKIP","floor":25},{"not_picked":["True Grit+1","Intimidate+1","Headbutt+1"],"picked":"SKIP","floor":27},{"not_picked":["Corruption","Cleave","Shrug It Off+1"],"picked":"SKIP","floor":28},{"not_picked":["Perfected Strike+1","Armaments+1","Intimidate+1"],"picked":"SKIP","floor":31}],"player_experience":26537,"potions_floor_usage":[22,22,31,33],"damage_taken":[{"damage":6,"enemies":"Cultist","floor":1,"turns":3},{"damage":0,"enemies":"Small Slimes","floor":7,"turns":2},{"damage":1,"enemies":"Jaw Worm","floor":10,"turns":3},{"damage":4,"enemies":"Exordium Wildlife","floor":13,"turns":3},{"damage":9,"enemies":"3 Louse","floor":14,"turns":4},{"damage":21,"enemies":"Slime Boss","floor":16,"turns":9},{"damage":5,"enemies":"Spheric Guardian","floor":18,"turns":4},{"damage":0,"enemies":"Chosen","floor":20,"turns":3},{"damage":23,"enemies":"Centurion and Healer","floor":22,"turns":5},{"damage":18,"enemies":"Snecko","floor":25,"turns":4},{"damage":8,"enemies":"Chosen and Byrds","floor":27,"turns":5},{"damage":30,"enemies":"Centurion and Healer","floor":28,"turns":4},{"damage":16,"enemies":"Snake Plant","floor":31,"turns":3},{"damage":85,"enemies":"Automaton","floor":33,"turns":8}],"relics_obtained":[{"floor":9,"key":"Pantograph"},{"floor":12,"key":"Toxic Egg 2"},{"floor":24,"key":"Girya"},{"floor":26,"key":"Red Skull"},{"floor":29,"key":"Lantern"}],"event_choices":[{"event_name":"Purifier","player_choice":"One Purge","floor":3,"damage_taken":0},{"event_name":"Scrap Ooze","player_choice":"success","floor":4,"damage_taken":42},{"event_name":"Living Wall","player_choice":"Forget","floor":5,"damage_taken":0},{"event_name":"Accursed Blacksmith","player_choice":"Ignore","floor":19,"damage_taken":0},{"event_name":"Nest","player_choice":"Stole From Cult","floor":21,"damage_taken":0}],"boss_relics":[{"not_picked":["Runic Dome","Velvet Choker"],"picked":"Ectoplasm"}],"items_purged_floors":[],"potions_floor_spawned":[1,16,20,28],"seed_played":"-8345459417814884502","killed_by":"Automaton","ascension_level":0,"potions_obtained":[{"floor":1,"key":"BloodPotion"},{"floor":16,"key":"SteroidPotion"},{"floor":20,"key":"Weak Potion"},{"floor":28,"key":"GamblersBrew"}],"is_trial":false}