{"gold_per_floor":[115,128,128,78,103,144,159,159,210,210,235,269,309,325,325,454,454,479,503,21,21,51,51,92,92,117,117,141,141,141,141,141,141],"floor_reached":33,"playtime":975,"items_purged":[],"score":382,"play_id":"108385f9-b97f-46a3-b938-758105a2b072","local_time":"20190225231214","is_ascension_mode":true,"campfire_choices":[{"floor":8,"key":"REST"},{"floor":15,"key":"REST"},{"floor":23,"key":"REST"},{"floor":25,"key":"REST"},{"floor":27,"key":"REST"},{"data":"Apotheosis","floor":30,"key":"SMITH"},{"data":"Pommel Strike","floor":32,"key":"SMITH"}],"neow_cost":"NONE","seed_source_timestamp":21230307239451,"circlet_count":0,"master_deck":["Strike_R","Strike_R","Strike_R","Strike_R","Strike_R","Defend_R","Defend_R","Defend_R","Bash","Iron Wave","Perfected Strike","Demon Form","Warcry","Perfected Strike","Inflame","Immolate","Shrug It Off","Pommel Strike+1","Apotheosis+1","Flex","Writhe","Shrug It Off+1","Pommel Strike"],"relics":["Burning Blood","NeowsBlessing","Golden Idol","Dodecahedron","Odd Mushroom","Ancient Tea Set","Lizard Tail","Bottled Flame","MutagenicStrength","Tiny Chest","Happy Flower","Art of War","Blue Candle","Peace Pipe"],"potions_floor_usage":[13,16,16,18,28,33],"damage_taken":[{"damage":0,"enemies":"2 Louse","floor":1,"turns":1},{"damage":0,"enemies":"Small Slimes","floor":2,"turns":1},{"damage":0,"enemies":"Jaw Worm","floor":5,"turns":1},{"damage":49,"enemies":"Lagavulin","floor":6,"turns":8},{"damage":20,"enemies":"3 Louse","floor":7,"turns":4},{"damage":15,"enemies":"Large Slime","floor":11,"turns":5},{"damage":15,"enemies":"The Mushroom Lair","floor":12,"turns":4},{"damage":30,"enemies":"3 Sentries","floor":13,"turns":7},{"damage":6,"enemies":"Blue Slaver","floor":14,"turns":3},{"damage":42,"enemies":"The Guardian","floor":16,"turns":10},{"damage":28,"enemies":"2 Thieves","floor":18,"turns":4},{"damage":18,"enemies":"Chosen","floor":19,"turns":6},{"damage":83,"enemies":"Gremlin Leader","floor":24,"turns":7},{"damage":18,"enemies":"Snake Plant","floor":28,"turns":4},{"damage":88,"enemies":"Automaton","floor":33,"turns":6}],"seed_played":"4781372770272049033","potions_obtained":[{"floor":2,"key":"Swift Potion"},{"floor":7,"key":"Block Potion"},{"floor":13,"key":"GamblersBrew"},{"floor":14,"key":"Explosive Potion"},{"floor":24,"key":"Block Potion"},{"floor":28,"key":"GamblersBrew"}],"is_trial":false,"path_per_floor":["M","M","?","?","M","E","M","R","T","?","M","?","E","M","R","B",null,"M","M","$","?","?","R","E","R","T","R","M","T","R","T","R","B"],"character_chosen":"IRONCLAD","items_purchased":["Apotheosis","Bottled Flame","Flex"],"campfire_rested":5,"item_purchase_floors":[20,20,20],"current_hp_per_floor":[78,80,74,74,74,31,17,39,39,63,54,45,21,21,43,7,57,35,23,23,23,23,45,15,37,37,59,47,47,47,47,47,0],"gold":141,"neow_bonus":"THREE_ENEMY_KILL","is_prod":false,"is_daily":false,"chose_seed":false,"campfire_upgraded":2,"win_rate":0,"timestamp":1551089534,"path_taken":["M","M","?","?","M","E","M","R","T","?","M","?","E","M","R","BOSS","M","M","$","?","?","R","E","R","T","R","M","?","R","?","R","BOSS"],"build_version":"2019-01-23","purchased_purges":0,"victory":false,"max_hp_per_floor":[80,80,74,74,74,74,74,74,74,74,74,74,74,74,74,74,74,74,74,74,74,74,74,74,74,74,74,74,74,74,74,74,74],"card_choices":[{"not_picked":["Cleave","Armaments"],"picked":"Iron Wave","floor":1},{"not_picked":["Clothesline","Headbutt"],"picked":"Perfected Strike","floor":2},{"not_picked":["Clash","Havoc","Body Slam"],"picked":"SKIP","floor":5},{"not_picked":["Clash","Havoc","Body Slam"],"picked":"SKIP","floor":5},{"not_picked":["Rampage","Sword Boomerang"],"picked":"Demon Form","floor":6},{"not_picked":["Sever Soul","Sentinel"],"picked":"Warcry","floor":7},{"not_picked":["Clash","Cleave"],"picked":"Perfected Strike","floor":11},{"not_picked":["Rampage","True Grit"],"picked":"Inflame","floor":13},{"not_picked":["Clash","Rupture"],"picked":"Immolate","floor":14},{"not_picked":["Dual Wield","Heavy Blade"],"picked":"Shrug It Off","floor":18},{"not_picked":["Heavy Blade+1","Seeing Red"],"picked":"Pommel Strike","floor":19},{"not_picked":["Dual Wield","Pummel+1"],"picked":"Shrug It Off+1","floor":24},{"not_picked":["Havoc+1","Seeing Red"],"picked":"Pommel Strike","floor":28}],"player_experience":410808,"relics_obtained":[{"floor":6,"key":"Dodecahedron"},{"floor":12,"key":"Odd Mushroom"},{"floor":13,"key":"Ancient Tea Set"},{"floor":24,"key":"Happy Flower"},{"floor":26,"key":"Art of War"},{"floor":29,"key":"Blue Candle"},{"floor":31,"key":"Peace Pipe"}],"event_choices":[{"damage_healed":0,"gold_gain":0,"player_choice":"Lose Max HP","damage_taken":0,"relics_obtained":["Golden Idol"],"max_hp_gain":0,"max_hp_loss":6,"event_name":"Golden Idol","floor":3,"gold_loss":0},{"cards_removed":["Defend_R"],"damage_healed":0,"gold_gain":0,"player_choice":"Card Removal","damage_taken":0,"max_hp_gain":0,"max_hp_loss":0,"event_name":"The Cleric","floor":4,"gold_loss":50},{"damage_healed":24,"gold_gain":0,"player_choice":"Banana","damage_taken":0,"max_hp_gain":0,"max_hp_loss":0,"event_name":"Big Fish","floor":10,"gold_loss":0},{"damage_healed":0,"gold_gain":0,"player_choice":"Fought Mushrooms","damage_taken":0,"max_hp_gain":0,"max_hp_loss":0,"event_name":"Mushrooms","floor":12,"gold_loss":0},{"damage_healed":0,"gold_gain":0,"player_choice":"Inject Mutagens","damage_taken":0,"relics_obtained":["MutagenicStrength"],"max_hp_gain":0,"max_hp_loss":0,"event_name":"Drug Dealer","floor":21,"gold_loss":0},{"damage_healed":0,"gold_gain":0,"player_choice":"Opened","damage_taken":0,"relics_obtained":["Tiny Chest"],"max_hp_gain":0,"max_hp_loss":0,"event_name":"The Mausoleum","floor":22,"gold_loss":0,"cards_obtained":["Writhe"]}],"is_beta":false,"boss_relics":[{"not_picked":["Runic Pyramid","Astrolabe"],"picked":"Lizard Tail"}],"items_purged_floors":[],"is_endless":false,"potions_floor_spawned":[2,7,13,14,24,28],"killed_by":"Automaton","ascension_level":8}