{"gold_per_floor":[14,28,38,52,66,92,171,171,197,197,266,301,226,246,246,319,319,329,38,38,28,44,44,44,57,57,107,107,126,44,59,59,130,130,147,167,167,180,190,221,236,160,187,33,33,33,33,50,50,50],"floor_reached":50,"playtime":3347,"items_purged":["Normality"],"score":1147,"play_id":"f62700b7-3701-4d6b-984e-abe37585f087","local_time":"20190217225757","is_ascension_mode":true,"campfire_choices":[{"data":"Perfected Strike","floor":8,"key":"SMITH"},{"data":"Bash","floor":10,"key":"SMITH"},{"data":"Spot Weakness","floor":15,"key":"SMITH"},{"floor":23,"key":"REST"},{"data":"Armaments","floor":28,"key":"SMITH"},{"data":"Feel No Pain","floor":32,"key":"SMITH"},{"data":"Demon Form","floor":46,"key":"SMITH"},{"floor":49,"key":"RECALL"}],"neow_cost":"NO_GOLD","seed_source_timestamp":40867665597133,"circlet_count":0,"master_deck":["AscendersBane","Strike_R","Strike_R","Strike_R","Strike_R","Defend_R","Defend_R","Defend_R+1","Defend_R","Bash+1","Inflame","Pommel Strike","Perfected Strike+1","Seeing Red","Sword Boomerang","Spot Weakness+1","True Grit","Offering","True Grit+1","Feel No Pain+1","Decay","True Grit","Twin Strike","Ghostly","Ghostly","Ghostly","Armaments+1","Shrug It Off","Sword Boomerang","Demon Form+1","Intimidate+1","Sentinel+1","Whirlwind+1","Battle Trance","Shrug It Off","Evolve","Inflame","Dark Shackles","Secret Weapon","Uppercut+1"],"relics":["Burning Blood","Ginger","Du-Vu Doll","Ornamental Fan","Omamori","Girya","Calling Bell","PreservedInsect","The Courier","Dead Branch","Paper Frog","Singing Bowl","Coffee Dripper","Champion Belt","War Paint"],"potions_floor_usage":[5,6,22,22,31,31,40,50,50],"damage_taken":[{"damage":7,"enemies":"Cultist","floor":1,"turns":4},{"damage":11,"enemies":"2 Louse","floor":2,"turns":3},{"damage":7,"enemies":"Small Slimes","floor":3,"turns":4},{"damage":17,"enemies":"3 Louse","floor":4,"turns":4},{"damage":18,"enemies":"Large Slime","floor":5,"turns":6},{"damage":25,"enemies":"Lagavulin","floor":6,"turns":7},{"damage":4,"enemies":"Gremlin Nob","floor":12,"turns":3},{"damage":9,"enemies":"Red Slaver","floor":14,"turns":2},{"damage":35,"enemies":"Hexaghost","floor":16,"turns":8},{"damage":22,"enemies":"Chosen","floor":18,"turns":5},{"damage":35,"enemies":"2 Thieves","floor":21,"turns":5},{"damage":14,"enemies":"Snake Plant","floor":22,"turns":4},{"damage":7,"enemies":"Cultist and Chosen","floor":25,"turns":7},{"damage":9,"enemies":"Centurion and Healer","floor":29,"turns":4},{"damage":9,"enemies":"Shelled Parasite and Fungi","floor":31,"turns":5},{"damage":12,"enemies":"Champ","floor":33,"turns":12},{"damage":5,"enemies":"3 Shapes","floor":35,"turns":9},{"damage":5,"enemies":"Orb Walker","floor":36,"turns":4},{"damage":21,"enemies":"Transient","floor":38,"turns":6},{"damage":6,"enemies":"4 Shapes","floor":39,"turns":6},{"damage":20,"enemies":"Reptomancer","floor":40,"turns":5},{"damage":10,"enemies":"Sphere and 2 Shapes","floor":41,"turns":10},{"damage":16,"enemies":"Spire Growth","floor":48,"turns":5},{"damage":29,"enemies":"Donu and Deca","floor":50,"turns":7}],"seed_played":"8105815118915343484","potions_obtained":[{"floor":1,"key":"BloodPotion"},{"floor":4,"key":"Regen Potion"},{"floor":16,"key":"BloodPotion"},{"floor":21,"key":"SpeedPotion"},{"floor":22,"key":"GamblersBrew"},{"floor":29,"key":"SkillPotion"},{"floor":31,"key":"Weak Potion"},{"floor":33,"key":"Strength Potion"},{"floor":40,"key":"PowerPotion"}],"is_trial":false,"path_per_floor":["M","M","M","M","M","E","T","R","T","R","?","E","?","M","R","B",null,"M","$","?","M","M","R","?","M","T","?","R","M","$","M","R","B",null,"M","M","T","M","M","E","M","$","T","$","?","R","?","M","R","B"],"character_chosen":"IRONCLAD","items_purchased":["Paper Frog","Feel No Pain","Sword Boomerang","Shrug It Off","Evolve","Inflame","Dark Shackles"],"campfire_rested":1,"item_purchase_floors":[19,19,30,42,42,44,44],"current_hp_per_floor":[67,62,61,50,45,41,41,41,41,41,41,43,43,40,40,11,59,43,43,43,14,13,35,35,34,34,31,31,28,28,27,27,21,35,38,39,39,24,26,12,8,8,8,8,8,8,35,25,25,0],"gold":50,"neow_bonus":"ONE_RARE_RELIC","is_prod":false,"is_daily":false,"chose_seed":false,"campfire_upgraded":6,"win_rate":0,"timestamp":1550397477,"path_taken":["M","?","M","M","M","E","?","R","T","R","?","E","?","M","R","BOSS","M","$","?","M","M","R","?","M","T","?","R","M","$","M","R","BOSS","M","M","?","M","M","E","M","$","T","$","?","R","?","M","R","BOSS"],"build_version":"2019-01-23","purchased_purges":1,"victory":false,"max_hp_per_floor":[75,75,75,75,75,75,75,75,75,75,75,75,75,75,75,75,75,75,75,75,75,75,75,37,37,37,37,37,37,37,39,39,39,39,41,41,41,41,43,43,43,43,43,43,43,43,35,35,35,35],"card_choices":[{"not_picked":["Cleave","Dropkick"],"picked":"Inflame","floor":1},{"not_picked":["Body Slam","Flex","Second Wind"],"picked":"SKIP","floor":2},{"not_picked":["Warcry","Body Slam"],"picked":"Pommel Strike","floor":3},{"not_picked":["Ghostly Armor","Anger"],"picked":"Perfected Strike","floor":4},{"not_picked":["Burning Pact","Exhume"],"picked":"Seeing Red","floor":5},{"not_picked":["Warcry","Thunderclap"],"picked":"Sword Boomerang","floor":6},{"not_picked":["Evolve","Sever Soul"],"picked":"Spot Weakness","floor":12},{"not_picked":["Spot Weakness","Pommel Strike"],"picked":"True Grit","floor":14},{"not_picked":["Exhume","Dark Embrace"],"picked":"Offering","floor":16},{"not_picked":["Clash","Reckless Charge"],"picked":"True Grit","floor":18},{"not_picked":["Thunderclap","Heavy Blade"],"picked":"True Grit","floor":21},{"not_picked":["Heavy Blade","Wild Strike"],"picked":"Twin Strike","floor":22},{"not_picked":["Brutality","Combust"],"picked":"Armaments","floor":25},{"not_picked":["Searing Blow","Sentinel"],"picked":"Shrug It Off","floor":29},{"not_picked":["Intimidate","Dual Wield","Armaments"],"picked":"Singing Bowl","floor":31},{"not_picked":["Berserk","Fiend Fire"],"picked":"Demon Form","floor":33},{"not_picked":["Twin Strike+1","Anger","Ghostly Armor"],"picked":"Singing Bowl","floor":35},{"not_picked":["Anger+1","Iron Wave"],"picked":"Intimidate+1","floor":36},{"not_picked":["Warcry","Second Wind"],"picked":"Sentinel+1","floor":38},{"not_picked":["Brutality","Twin Strike","Blood for Blood"],"picked":"Singing Bowl","floor":39},{"not_picked":["Heavy Blade","Blood for Blood+1"],"picked":"Whirlwind+1","floor":40},{"not_picked":["Fire Breathing","Iron Wave"],"picked":"Battle Trance","floor":41},{"not_picked":["Dramatic Entrance","Magnetism"],"picked":"Secret Weapon","floor":45},{"not_picked":["Twin Strike","Armaments"],"picked":"Uppercut+1","floor":48}],"player_experience":311759,"relics_obtained":[{"floor":6,"key":"Du-Vu Doll"},{"floor":7,"key":"Ornamental Fan"},{"floor":9,"key":"Omamori"},{"floor":12,"key":"Girya"},{"floor":17,"key":"PreservedInsect"},{"floor":17,"key":"The Courier"},{"floor":17,"key":"Dead Branch"},{"floor":26,"key":"Singing Bowl"},{"floor":37,"key":"Champion Belt"},{"floor":40,"key":"War Paint"}],"event_choices":[{"damage_healed":0,"gold_gain":69,"player_choice":"Gained Gold","damage_taken":0,"max_hp_gain":0,"max_hp_loss":0,"event_name":"Golden Wing","floor":11,"gold_loss":0},{"cards_removed":["Strike_R"],"damage_healed":0,"gold_gain":0,"player_choice":"Card Removal","damage_taken":0,"max_hp_gain":0,"max_hp_loss":0,"event_name":"The Cleric","floor":13,"gold_loss":75},{"damage_healed":0,"gold_gain":0,"player_choice":"Smashed Altar","damage_taken":0,"max_hp_gain":0,"max_hp_loss":0,"event_name":"Forgotten Altar","floor":20,"gold_loss":0,"cards_obtained":["Decay"]},{"damage_healed":0,"gold_gain":0,"player_choice":"Became a Ghost","damage_taken":0,"max_hp_gain":0,"max_hp_loss":38,"event_name":"Ghosts","floor":24,"gold_loss":0,"cards_obtained":["Ghostly","Ghostly","Ghostly"]},{"damage_healed":0,"gold_gain":50,"player_choice":"Touch","damage_taken":3,"max_hp_gain":0,"max_hp_loss":0,"event_name":"FaceTrader","floor":27,"gold_loss":0},{"damage_healed":0,"gold_gain":0,"player_choice":"Memory 1","damage_taken":0,"max_hp_gain":0,"max_hp_loss":0,"event_name":"SensoryStone","floor":45,"gold_loss":0},{"damage_healed":35,"gold_gain":0,"player_choice":"Heal","damage_taken":0,"max_hp_gain":0,"max_hp_loss":8,"event_name":"The Moai Head","floor":47,"gold_loss":0}],"is_beta":false,"boss_relics":[{"not_picked":["Lizard Tail","Busted Crown"],"picked":"Calling Bell"},{"not_picked":["Sozu","Black Blood"],"picked":"Coffee Dripper"}],"items_purged_floors":[30],"is_endless":false,"potions_floor_spawned":[1,4,16,21,22,29,31,33,38,39,40],"killed_by":"Donu and Deca","ascension_level":20}