{"gold_per_floor":[214,214,214,237,262,296,36,56,80,50,65,65,89,170,170,301,364,382,403,23,23,23,56,80,80,80,119,119,119,38,38],"floor_reached":31,"playtime":7279,"items_purged":[],"score":296,"play_id":"2029d59e-c67d-4305-8e36-3b332f815fa0","local_time":"20190227235206","is_ascension_mode":false,"campfire_choices":[{"floor":12.0,"key":"REST"},{"floor":15.0,"key":"REST"},{"floor":25,"key":"REST"}],"neow_cost":"NONE","seed_source_timestamp":0,"circlet_count":0,"master_deck":["Strike_R","Strike_R","Strike_R","Strike_R","Strike_R","Defend_R","Defend_R","Bash","Flame Barrier","Injury","Regret","Rupture","Combust","Feed+1","Warcry","Dropkick","Twin Strike","Anger","Impervious","Twin Strike","Juggernaut","Sword Boomerang+1","Second Wind","Dramatic Entrance","Shame","Bash","Rage","Shrug It Off+1","Iron Wave","Pommel Strike+1","Rupture","Body Slam","Shockwave"],"special_seed":0,"relics":["Burning Blood","Bloody Idol","Ancient Tea Set","Smiling Mask","Kunai","Centennial Puzzle","Potion Belt","Ornamental Fan","Tiny House","Mercury Hourglass","Question Card","Anchor","Sundial","PreservedInsect"],"potions_floor_usage":[16,16,23,23,24],"damage_taken":[{"damage":2.0,"enemies":"Small Slimes","floor":1.0,"turns":5.0},{"damage":12.0,"enemies":"Jaw Worm","floor":4.0,"turns":5.0},{"damage":6.0,"enemies":"Cultist","floor":5.0,"turns":5.0},{"damage":35.0,"enemies":"3 Sentries","floor":6.0,"turns":7.0},{"damage":9.0,"enemies":"3 Louse","floor":8.0,"turns":6.0},{"damage":6.0,"enemies":"Looter","floor":10.0,"turns":4.0},{"damage":14.0,"enemies":"Exordium Wildlife","floor":11.0,"turns":4.0},{"damage":59.0,"enemies":"Lagavulin Event","floor":14.0,"turns":9.0},{"damage":30,"enemies":"Slime Boss","floor":16,"turns":11},{"damage":8,"enemies":"3 Byrds","floor":18,"turns":5},{"damage":32,"enemies":"Spheric Guardian","floor":19,"turns":6},{"damage":63,"enemies":"Slavers","floor":23,"turns":8},{"damage":15,"enemies":"Snake Plant","floor":24,"turns":5},{"damage":50,"enemies":"Book of Stabbing","floor":27,"turns":6},{"damage":12,"enemies":"3 Cultists","floor":31,"turns":2}],"seed_played":"-587971904378410483","potions_obtained":[{"floor":5.0,"key":"SkillPotion"},{"floor":6.0,"key":"Dexterity Potion"},{"floor":11.0,"key":"PowerPotion"},{"floor":16,"key":"Regen Potion"},{"floor":17,"key":"Strength Potion"},{"floor":23,"key":"Poison Potion"}],"is_trial":false,"path_per_floor":["?","?","$","M","T","?","?","?","M","?","?","$","M"],"character_chosen":"IRONCLAD","items_purchased":["Kunai","Mercury Hourglass","Second Wind","Dramatic Entrance","Shockwave"],"campfire_rested":3,"item_purchase_floors":[7,20,20,20,30],"current_hp_per_floor":[80,80,80,74,74,45,45,45,45,45,40,65,65,12,37,16,94,96,70,70,70,70,31,22,52,52,12,12,12,12,0],"gold":38,"neow_bonus":"HUNDRED_GOLD","is_prod":false,"is_daily":false,"chose_seed":false,"campfire_upgraded":0,"win_rate":0.0,"timestamp":1551286326,"path_taken":["M","?","?","M","M","E","?","?","T","M","M","R","?","?","R","BOSS","M","M","$","?","?","E","?","R","T","E","?","?","?","?"],"build_version":"2019-01-23","purchased_purges":0,"victory":false,"max_hp_per_floor":[80,80,80,80,80,80,80,83,83,83,86,86,86,86,86,89,94,98,98,98,98,98,102,102,102,102,106,106,106,106,106],"card_choices":[{"not_picked":["Iron Wave","Anger"],"picked":"Flame Barrier","floor":1.0},{"not_picked":["Pommel Strike","Heavy Blade"],"picked":"Rupture","floor":4.0},{"not_picked":["Inflame","Reckless Charge"],"picked":"Combust","floor":5.0},{"not_picked":["Iron Wave","True Grit"],"picked":"Feed","floor":6.0},{"not_picked":["Body Slam","Disarm"],"picked":"Warcry","floor":8.0},{"not_picked":["Pummel","Infernal Blade"],"picked":"Dropkick","floor":10.0},{"not_picked":["Sever Soul","Anger"],"picked":"Twin Strike","floor":11.0},{"not_picked":["Clash","Flex"],"picked":"Anger","floor":14.0},{"not_picked":["Immolate","Berserk"],"picked":"Impervious","floor":16},{"not_picked":["Clash","Perfected Strike"],"picked":"Twin Strike","floor":17},{"not_picked":["Flex","Flame Barrier"],"picked":"Juggernaut","floor":18},{"not_picked":["Perfected Strike+1","Shrug It Off"],"picked":"Sword Boomerang+1","floor":19},{"not_picked":["True Grit","Perfected Strike","Warcry"],"picked":"Shrug It Off+1","floor":23},{"not_picked":["Seeing Red","Whirlwind","Twin Strike+1"],"picked":"Iron Wave","floor":24},{"not_picked":["Flex","Clothesline","Cleave+1"],"picked":"Pommel Strike+1","floor":27}],"player_experience":213862,"relics_obtained":[{"floor":6.0,"key":"Smiling Mask"},{"floor":9.0,"key":"Centennial Puzzle"},{"floor":13.0,"key":"Potion Belt"},{"floor":14.0,"key":"Ornamental Fan"},{"floor":23,"key":"Anchor"},{"floor":26,"key":"Sundial"},{"floor":27,"key":"PreservedInsect"}],"event_choices":[{"damage_healed":0.0,"max_hp_gain":0.0,"max_hp_loss":0.0,"gold_gain":0.0,"event_name":"Golden Idol","player_choice":"Take Wound","floor":2.0,"gold_loss":0.0,"damage_taken":0.0,"relics_obtained":["Golden Idol"],"cards_obtained":["Injury"]},{"damage_healed":0.0,"max_hp_gain":0.0,"max_hp_loss":0.0,"gold_gain":0.0,"event_name":"Big Fish","player_choice":"Box","floor":3.0,"gold_loss":0.0,"damage_taken":0.0,"relics_obtained":["Ancient Tea Set"],"cards_obtained":["Regret"]},{"damage_healed":0.0,"max_hp_gain":0.0,"max_hp_loss":0.0,"gold_gain":0.0,"event_name":"Dead Adventurer","player_choice":"Searched \u00271\u0027 times","floor":14.0,"gold_loss":0.0,"damage_taken":0.0},{"damage_healed":0,"gold_gain":0,"player_choice":"Stole Relic","damage_taken":0,"relics_obtained":["Question Card"],"max_hp_gain":0,"max_hp_loss":0,"event_name":"Addict","floor":21,"gold_loss":0,"cards_obtained":["Shame"]},{"damage_healed":0,"gold_gain":0,"player_choice":"2 cards matched","damage_taken":0,"max_hp_gain":0,"max_hp_loss":0,"event_name":"Match and Keep!","floor":22,"gold_loss":0,"cards_obtained":["Bash","Rage"]},{"damage_healed":0,"gold_gain":0,"cards_transformed":["Defend_R","Defend_R"],"player_choice":"Became Test Subject","damage_taken":0,"max_hp_gain":0,"max_hp_loss":0,"event_name":"Drug Dealer","floor":28,"gold_loss":0,"cards_obtained":["Rupture","Body Slam"]},{"damage_healed":0,"gold_gain":0,"player_choice":"Gave Idol","damage_taken":0,"relics_obtained":["Bloody Idol"],"max_hp_gain":0,"max_hp_loss":0,"event_name":"Forgotten Altar","floor":29,"relics_lost":["Golden Idol"],"gold_loss":0}],"is_beta":false,"boss_relics":[{"not_picked":["Empty Cage","Fusion Hammer"],"picked":"Tiny House"}],"items_purged_floors":[],"is_endless":false,"potions_floor_spawned":[5,6,11,16,23],"killed_by":"3 Cultists","ascension_level":0}