{"gold_per_floor":[116,129,52,72,152,152,181,181,254,269,269,301,316,329,329,425,725,738,321,331,347,347],"floor_reached":22,"playtime":1051,"items_purged":[],"score":279,"play_id":"1111de76-012e-41d0-878f-cd395a75ad06","local_time":"20190302110633","is_ascension_mode":true,"campfire_choices":[{"floor":6,"key":"RECALL"},{"data":"Catalyst","floor":11,"key":"SMITH"},{"floor":15,"key":"REST"}],"neow_cost":"NONE","seed_source_timestamp":1401273617378861,"circlet_count":0,"master_deck":["Defend_G","Defend_G","Defend_G","Defend_G","Defend_G","Strike_G","Strike_G","Strike_G","Strike_G","Strike_G","Survivor","Neutralize","Underhanded Strike","Bouncing Flask","Crippling Poison","Bane","Catalyst+1","Bouncing Flask","Grand Finale","Dagger Throw","Acrobatics","Burst","Injury","Writhe","Parasite","Infinite Blades","Catalyst","Mind Blast","Poisoned Stab","Backflip","Underhanded Strike"],"relics":["Snecko Eye","Orichalcum","GremlinMask","Sundial","Calling Bell","Omamori","Ninja Scroll","Old Coin","Letter Opener"],"potions_floor_usage":[7,7,7,20],"damage_taken":[{"damage":0,"enemies":"Cultist","floor":1,"turns":3},{"damage":0,"enemies":"2 Louse","floor":2,"turns":2},{"damage":2,"enemies":"Jaw Worm","floor":4,"turns":4},{"damage":26,"enemies":"Gremlin Nob","floor":7,"turns":4},{"damage":0,"enemies":"Gremlin Gang","floor":10,"turns":3},{"damage":19,"enemies":"3 Sentries","floor":12,"turns":8},{"damage":0,"enemies":"Exordium Wildlife","floor":13,"turns":3},{"damage":9,"enemies":"Blue Slaver","floor":14,"turns":4},{"damage":9,"enemies":"The Guardian","floor":16,"turns":6},{"damage":7,"enemies":"Shell Parasite","floor":18,"turns":3},{"damage":21,"enemies":"2 Thieves","floor":20,"turns":3},{"damage":6,"enemies":"Cultist and Chosen","floor":21,"turns":4},{"damage":30,"enemies":"Snake Plant","floor":22,"turns":3}],"seed_played":"-3310031404104731197","potions_obtained":[{"floor":1,"key":"EssenceOfSteel"},{"floor":2,"key":"Dexterity Potion"},{"floor":4,"key":"Poison Potion"},{"floor":14,"key":"AttackPotion"},{"floor":20,"key":"Strength Potion"}],"is_trial":false,"path_per_floor":["M","M","$","M","?","R","E","?","T","M","R","E","M","M","R","B",null,"M","$","M","M","M"],"character_chosen":"THE_SILENT","items_purchased":["Crippling Poison","Catalyst","Mind Blast","Poisoned Stab","Letter Opener"],"campfire_rested":1,"item_purchase_floors":[3,19,19,19,19],"current_hp_per_floor":[70,70,70,68,68,68,42,42,42,42,42,23,23,14,35,26,59,52,52,31,25,0],"gold":347,"neow_bonus":"BOSS_RELIC","is_prod":false,"is_daily":false,"chose_seed":false,"campfire_upgraded":1,"win_rate":0,"timestamp":1551492393,"path_taken":["M","?","?","?","?","R","E","?","T","M","R","E","M","M","R","BOSS","M","$","M","M","M"],"build_version":"2019-01-23","purchased_purges":0,"victory":false,"max_hp_per_floor":[70,70,70,70,70,70,70,70,70,70,70,70,70,70,70,70,70,70,70,70,70,70],"card_choices":[{"not_picked":["Finisher","Outmaneuver"],"picked":"Underhanded Strike","floor":1},{"not_picked":["Flying Knee","Crippling Poison"],"picked":"Bouncing Flask","floor":2},{"not_picked":["Tactician","Terror"],"picked":"Bane","floor":4},{"not_picked":["Tactician","Bullet Time"],"picked":"Catalyst","floor":7},{"not_picked":["Blade Dance","Dagger Throw"],"picked":"Bouncing Flask","floor":10},{"not_picked":["Bane","Outmaneuver"],"picked":"Grand Finale","floor":12},{"not_picked":["Prepared","Dagger Spray"],"picked":"Dagger Throw","floor":13},{"not_picked":["Quick Slash","Masterful Stab"],"picked":"Acrobatics","floor":14},{"not_picked":["Wraith Form v2","After Image"],"picked":"Burst","floor":16},{"not_picked":["Slice","Masterful Stab"],"picked":"Infinite Blades","floor":18},{"not_picked":["Bane","Flying Knee"],"picked":"Backflip","floor":20},{"not_picked":["Storm of Steel","Deflect"],"picked":"Underhanded Strike","floor":21}],"player_experience":171708,"relics_obtained":[{"floor":7,"key":"Orichalcum"},{"floor":12,"key":"Sundial"},{"floor":17,"key":"Omamori"},{"floor":17,"key":"Ninja Scroll"},{"floor":17,"key":"Old Coin"}],"event_choices":[{"damage_healed":0,"gold_gain":80,"player_choice":"Gained Gold","damage_taken":0,"max_hp_gain":0,"max_hp_loss":0,"event_name":"Golden Wing","floor":5,"gold_loss":0},{"damage_healed":0,"gold_gain":0,"player_choice":"Trade","damage_taken":0,"relics_obtained":["GremlinMask"],"max_hp_gain":0,"max_hp_loss":0,"event_name":"FaceTrader","floor":8,"gold_loss":0}],"is_beta":false,"boss_relics":[{"not_picked":["Ectoplasm","Astrolabe"],"picked":"Calling Bell"}],"items_purged_floors":[],"is_endless":false,"potions_floor_spawned":[1,2,4,14,20],"killed_by":"Snake Plant","ascension_level":5}