{"gold_per_floor":[116,127,142,102,18,18,34,62,62,94,114,114,114,114,114,192,192,210,210,221,221],"floor_reached":21,"playtime":1134,"items_purged":[],"score":378,"play_id":"547dbdbe-7f1c-48d8-9f1c-f1bc0416035d","local_time":"20190217192652","is_ascension_mode":true,"campfire_choices":[{"data":"Armaments","floor":6,"key":"SMITH"},{"data":"Inflame","floor":13,"key":"SMITH"},{"floor":15,"key":"REST"}],"neow_cost":"NONE","seed_source_timestamp":30415422160171,"circlet_count":0,"master_deck":["AscendersBane","Strike_R","Strike_R","Strike_R","Strike_R","Strike_R","Defend_R","Defend_R","Defend_R","Defend_R","Bash","Impervious","Clothesline","Headbutt","Impervious","Armaments+1","Inflame+1","Twin Strike","Body Slam","Offering","Offering","Feel No Pain","Havoc"],"relics":["Burning Blood","Ancient Tea Set","Gambling Chip","Smiling Mask","Velvet Choker"],"potions_floor_usage":[8,16,16],"damage_taken":[{"damage":12,"enemies":"Cultist","floor":1,"turns":4},{"damage":9,"enemies":"Jaw Worm","floor":2,"turns":4},{"damage":9,"enemies":"2 Louse","floor":3,"turns":3},{"damage":2,"enemies":"Looter","floor":4,"turns":4},{"damage":9,"enemies":"Large Slime","floor":7,"turns":5},{"damage":6,"enemies":"3 Sentries","floor":8,"turns":11},{"damage":34,"enemies":"Gremlin Nob","floor":10,"turns":5},{"damage":2,"enemies":"3 Louse","floor":11,"turns":4},{"damage":16,"enemies":"Hexaghost","floor":16,"turns":7},{"damage":12,"enemies":"3 Byrds","floor":18,"turns":6},{"damage":28,"enemies":"2 Thieves","floor":20,"turns":4},{"damage":13,"enemies":"Masked Bandits","floor":21,"turns":3}],"seed_played":"1234383543942283757","potions_obtained":[{"floor":1,"key":"Weak Potion"},{"floor":2,"key":"LiquidBronze"},{"floor":7,"key":"PowerPotion"},{"floor":11,"key":"Poison Potion"}],"is_trial":false,"path_per_floor":["M","M","M","M","$","R","M","E","T","E","M","?","R","?","R","B",null,"M","?","M","?"],"character_chosen":"IRONCLAD","items_purchased":["Inflame"],"campfire_rested":1,"item_purchase_floors":[5],"current_hp_per_floor":[62,59,56,60,60,60,57,57,57,29,33,33,33,7,29,19,61,55,34,12,0],"gold":221,"neow_bonus":"ONE_RANDOM_RARE_CARD","is_prod":false,"is_daily":false,"chose_seed":false,"campfire_upgraded":2,"win_rate":0,"timestamp":1550384812,"path_taken":["M","?","M","M","$","R","M","E","T","E","M","?","R","?","R","BOSS","M","?","M","?"],"build_version":"2019-01-23","purchased_purges":0,"victory":false,"max_hp_per_floor":[75,75,75,75,75,75,75,75,75,75,75,75,75,75,75,75,75,75,80,80,80],"card_choices":[{"not_picked":["Rampage","True Grit"],"picked":"Clothesline","floor":1},{"not_picked":["Clothesline","Sword Boomerang"],"picked":"Headbutt","floor":2},{"not_picked":["Dual Wield","Evolve"],"picked":"Impervious","floor":3},{"not_picked":["Thunderclap","Searing Blow"],"picked":"Armaments","floor":4},{"not_picked":["Cleave","Heavy Blade"],"picked":"Twin Strike","floor":7},{"not_picked":["Hemokinesis","Cleave"],"picked":"Body Slam","floor":8},{"not_picked":["Twin Strike","Armaments"],"picked":"Offering","floor":10},{"not_picked":["Clothesline","Rage","Heavy Blade"],"picked":"SKIP","floor":11},{"not_picked":["Fiend Fire","Dark Embrace"],"picked":"Offering","floor":16},{"not_picked":["Twin Strike","Heavy Blade"],"picked":"Feel No Pain","floor":18},{"not_picked":["Iron Wave","Wild Strike+1"],"picked":"Havoc","floor":20}],"player_experience":301753,"relics_obtained":[{"floor":8,"key":"Ancient Tea Set"},{"floor":10,"key":"Gambling Chip"}],"event_choices":[{"damage_healed":0,"gold_gain":0,"player_choice":"Ignored","damage_taken":0,"max_hp_gain":0,"max_hp_loss":0,"event_name":"Liars Game","floor":12,"gold_loss":0},{"damage_healed":0,"gold_gain":0,"player_choice":"Success","damage_taken":26,"relics_obtained":["Smiling Mask"],"max_hp_gain":0,"max_hp_loss":0,"event_name":"Scrap Ooze","floor":14,"gold_loss":0},{"damage_healed":0,"gold_gain":0,"player_choice":"Shed Blood","damage_taken":26,"max_hp_gain":5,"max_hp_loss":0,"event_name":"Forgotten Altar","floor":19,"gold_loss":0},{"damage_healed":0,"gold_gain":0,"player_choice":"Fought Bandits","damage_taken":0,"max_hp_gain":0,"max_hp_loss":0,"event_name":"Masked Bandits","floor":21,"gold_loss":0}],"is_beta":false,"boss_relics":[{"not_picked":["Orrery","Tiny House"],"picked":"Velvet Choker"}],"items_purged_floors":[],"is_endless":false,"potions_floor_spawned":[1,2,7,11],"killed_by":"Masked Bandits","ascension_level":20}