{"gold_per_floor":[109,125,140,19,19,19,52,52,52,52,72,72,72,104,104,208,208,220,33,133,143,58,58,58,58,84,102,102,134,151,167,167,264,264,275,375,375,200,200,230,230,260,260,54,54,54,54,80,80,80],"floor_reached":51,"playtime":3971,"items_purged":["Strike_G","Grand Finale+1"],"score":1112,"play_id":"d4bc8a56-1cb7-4dd6-a779-2c386365f0d5","local_time":"20190130201234","is_ascension_mode":true,"campfire_choices":[{"data":"Dagger Spray","floor":6.0,"key":"SMITH"},{"data":"Neutralize","floor":8.0,"key":"SMITH"},{"data":"Predator","floor":10.0,"key":"SMITH"},{"data":"After Image","floor":15.0,"key":"SMITH"},{"data":"Noxious Fumes","floor":23,"key":"SMITH"},{"data":"Burst","floor":25,"key":"SMITH"},{"data":"Bouncing Flask","floor":32,"key":"SMITH"},{"data":"Noxious Fumes","floor":41,"key":"SMITH"},{"data":"Footwork","floor":45,"key":"SMITH"},{"data":"Setup","floor":49,"key":"SMITH"}],"neow_cost":"NONE","seed_source_timestamp":0,"circlet_count":0,"master_deck":["Defend_G+1","Defend_G","Defend_G+1","Defend_G+1","Defend_G+1","Survivor","Neutralize+1","Quick Slash","Predator+1","Flying Knee","Dagger Spray+1","After Image+1","Burst+1","Cloak And Dagger","Noxious Fumes+1","Blade Dance+1","Bouncing Flask+1","PiercingWail","Setup+1","Infinite Blades","Accuracy+1","Bouncing Flask+1","Setup+1","Noxious Fumes+1","Blind","Impatience","Secret Weapon","Footwork+1","PiercingWail+1","After Image+1"],"special_seed":0,"relics":["Ring of the Snake","War Paint","Pear","Bird Faced Urn","Unceasing Top","Sozu","Snake Skull","FossilizedHelix","Kunai","Tingsha","Enchiridion","Happy Flower","Molten Egg 2","Bottled Tornado","Astrolabe","Shovel","Sundial","Juzu Bracelet","Gremlin Horn","DollysMirror","Anchor"],"potions_floor_usage":[20,33],"damage_taken":[{"damage":0.0,"enemies":"2 Louse","floor":1.0,"turns":2.0},{"damage":0.0,"enemies":"Cultist","floor":2.0,"turns":3.0},{"damage":0.0,"enemies":"Jaw Worm","floor":3.0,"turns":6.0},{"damage":8.0,"enemies":"Gremlin Nob","floor":7.0,"turns":3.0},{"damage":0.0,"enemies":"2 Fungi Beasts","floor":11.0,"turns":3.0},{"damage":0.0,"enemies":"3 Sentries","floor":14.0,"turns":5.0},{"damage":30.0,"enemies":"Hexaghost","floor":16.0,"turns":16.0},{"damage":1,"enemies":"Chosen","floor":18,"turns":5},{"damage":0,"enemies":"Colosseum Slavers","floor":20,"turns":6},{"damage":16,"enemies":"Colosseum Nobs","floor":20,"turns":5},{"damage":1,"enemies":"2 Thieves","floor":21,"turns":4},{"damage":0,"enemies":"Shelled Parasite and Fungi","floor":27,"turns":4},{"damage":0,"enemies":"Gremlin Leader","floor":29,"turns":6},{"damage":0,"enemies":"Snake Plant","floor":30,"turns":3},{"damage":0,"enemies":"Snecko","floor":31,"turns":5},{"damage":0,"enemies":"Champ","floor":33,"turns":11},{"damage":0,"enemies":"Orb Walker","floor":35,"turns":3},{"damage":0,"enemies":"Mind Bloom Boss Battle","floor":36,"turns":6},{"damage":0,"enemies":"Giant Head","floor":40,"turns":7},{"damage":24,"enemies":"Reptomancer","floor":42,"turns":6},{"damage":0,"enemies":"Giant Head","floor":48,"turns":6},{"damage":44,"enemies":"Time Eater","floor":50,"turns":13}],"seed_played":"6483269136220868475","potions_obtained":[{"floor":2.0,"key":"SpeedPotion"},{"floor":3.0,"key":"Explosive Potion"},{"floor":14.0,"key":"Explosive Potion"}],"is_trial":false,"path_per_floor":["M","M","M","$","?","R","E","R","T","R","M","?","?","E","R","B",null,"M","$","?","M","?","R","?","R","T","M","T","E","M","M","R","B",null,"M","?","?","$","?","E","R","E","T","$","R","?","$","E","R","B",null],"character_chosen":"THE_SILENT","items_purchased":["Dagger Spray","Noxious Fumes","Snake Skull","Footwork","DollysMirror"],"campfire_rested":0,"item_purchase_floors":[4,19,19,38,44],"current_hp_per_floor":[63,63,63,63,63,63,65,65,65,65,65,65,49,51,51,23,66,67,67,59,60,60,60,44,44,44,50,50,56,60,66,66,74,79,80,80,70,70,70,80,80,62,62,62,62,62,62,78,78,40],"gold":80,"neow_bonus":"RANDOM_COMMON_RELIC","is_prod":false,"is_daily":false,"chose_seed":false,"campfire_upgraded":10,"win_rate":0,"timestamp":1548832354,"path_taken":["M","M","M","$","?","R","E","R","T","R","?","?","?","E","R","BOSS","M","$","?","M","?","R","?","R","T","M","?","E","M","M","R","BOSS","M","?","?","$","?","E","R","E","T","$","R","?","?","E","R","BOSS"],"build_version":"2019-01-23","purchased_purges":2,"victory":true,"max_hp_per_floor":[70,70,70,70,70,70,80,80,80,80,80,80,80,80,80,80,80,80,80,80,80,80,80,80,80,80,80,80,80,80,80,80,80,80,80,80,80,80,80,80,80,80,80,80,80,80,80,80,80,80],"card_choices":[{"not_picked":["Outmaneuver","Blade Dance"],"picked":"Quick Slash","floor":1.0},{"not_picked":["PiercingWail","Backflip"],"picked":"Predator","floor":2.0},{"not_picked":["Slice","Deflect"],"picked":"Flying Knee","floor":3.0},{"not_picked":["Dagger Throw","Blade Dance"],"picked":"After Image","floor":7.0},{"not_picked":["All Out Attack","Accuracy","Backflip"],"picked":"SKIP","floor":11.0},{"not_picked":["Expertise","Backflip","Dodge and Roll"],"picked":"SKIP","floor":14.0},{"not_picked":["Wraith Form v2","A Thousand Cuts"],"picked":"Burst","floor":16.0},{"not_picked":["Bane","Dash"],"picked":"Cloak And Dagger","floor":18},{"not_picked":["Eviscerate+1","Endless Agony"],"picked":"Blade Dance+1","floor":20},{"not_picked":["Dagger Spray","Outmaneuver"],"picked":"Bouncing Flask","floor":21},{"not_picked":["Flying Knee","Die Die Die"],"picked":"PiercingWail","floor":27},{"not_picked":["Reflex","Riddle With Holes+1"],"picked":"Setup","floor":29},{"not_picked":["Blade Dance","PiercingWail"],"picked":"Infinite Blades","floor":30},{"not_picked":["Underhanded Strike+1","All Out Attack+1","Quick Slash+1"],"picked":"SKIP","floor":31},{"not_picked":["Bouncing Flask","Flying Knee+1"],"picked":"Setup+1","floor":35},{"not_picked":["Bane+1","Acrobatics"],"picked":"Noxious Fumes","floor":36},{"not_picked":["Good Instincts","Dramatic Entrance+1"],"picked":"Blind","floor":37},{"not_picked":["Transmutation","Bandage Up"],"picked":"Impatience","floor":37},{"not_picked":["Madness","Transmutation"],"picked":"Secret Weapon","floor":37},{"not_picked":["Storm of Steel","Dodge and Roll+1"],"picked":"PiercingWail+1","floor":40},{"not_picked":["Endless Agony+1","Acrobatics+1","Dagger Spray+1"],"picked":"SKIP","floor":42},{"not_picked":["Finisher+1","Acrobatics+1","Distraction"],"picked":"SKIP","floor":48}],"player_experience":119328,"relics_obtained":[{"floor":7.0,"key":"Pear"},{"floor":9.0,"key":"Bird Faced Urn"},{"floor":14.0,"key":"Unceasing Top"},{"floor":20,"key":"FossilizedHelix"},{"floor":20,"key":"Kunai"},{"floor":24,"key":"Enchiridion"},{"floor":26,"key":"Happy Flower"},{"floor":28,"key":"Molten Egg 2"},{"floor":29,"key":"Bottled Tornado"},{"floor":36,"key":"Shovel"},{"floor":40,"key":"Sundial"},{"floor":42,"key":"Juzu Bracelet"},{"floor":43,"key":"Gremlin Horn"},{"floor":48,"key":"Anchor"}],"event_choices":[{"cards_removed":["Strike_G"],"damage_healed":0.0,"max_hp_gain":0.0,"max_hp_loss":0.0,"gold_gain":0.0,"event_name":"Wheel of Change","player_choice":"Card Removal","floor":5.0,"gold_loss":0.0,"damage_taken":0.0},{"damage_healed":0.0,"max_hp_gain":0.0,"max_hp_loss":0.0,"gold_gain":0.0,"event_name":"Liars Game","player_choice":"Ignored","floor":12.0,"gold_loss":0.0,"damage_taken":0.0},{"damage_healed":0.0,"max_hp_gain":0.0,"max_hp_loss":0.0,"gold_gain":0.0,"event_name":"Shining Light","player_choice":"Entered Light","floor":13.0,"gold_loss":0.0,"damage_taken":16.0,"cards_upgraded":["Defend_G","Defend_G"]},{"damage_healed":0,"gold_gain":0,"player_choice":"Fight","damage_taken":0,"max_hp_gain":0,"max_hp_loss":0,"event_name":"Colosseum","floor":20,"gold_loss":0},{"damage_healed":0,"gold_gain":0,"player_choice":"Fought Nobs","damage_taken":0,"max_hp_gain":0,"max_hp_loss":0,"event_name":"Colosseum","floor":20,"gold_loss":0},{"damage_healed":0,"gold_gain":0,"player_choice":"Obtained Relic","damage_taken":0,"relics_obtained":["Tingsha"],"max_hp_gain":0,"max_hp_loss":0,"event_name":"Addict","floor":22,"gold_loss":85},{"damage_healed":0,"gold_gain":0,"player_choice":"Obtained Book","damage_taken":16,"max_hp_gain":0,"max_hp_loss":0,"event_name":"Cursed Tome","floor":24,"gold_loss":0},{"damage_healed":0,"gold_gain":0,"player_choice":"Fight","damage_taken":0,"max_hp_gain":0,"max_hp_loss":0,"event_name":"MindBloom","floor":36,"gold_loss":0},{"damage_healed":0,"gold_gain":0,"player_choice":"Memory 3","damage_taken":10,"max_hp_gain":0,"max_hp_loss":0,"event_name":"SensoryStone","floor":37,"gold_loss":0},{"damage_healed":0,"gold_gain":0,"player_choice":"Ignored","damage_taken":0,"max_hp_gain":0,"max_hp_loss":0,"event_name":"Tomb of Lord Red Mask","floor":39,"gold_loss":0},{"damage_healed":0,"gold_gain":0,"player_choice":"Ignored","damage_taken":0,"max_hp_gain":0,"max_hp_loss":0,"event_name":"Mysterious Sphere","floor":46,"gold_loss":0}],"is_beta":false,"boss_relics":[{"not_picked":["Coffee Dripper","White Beast Statue"],"picked":"Sozu"},{"not_picked":["Orrery","WristBlade"],"picked":"Astrolabe"}],"items_purged_floors":[4,38],"is_endless":false,"potions_floor_spawned":[2,3,14,20,29,30,33,40,42,48],"ascension_level":6}