{"gold_per_floor":[113,188,188,207,225,253,253,263,263,263,279,293,78,97,97,97],"floor_reached":16,"playtime":964,"items_purged":["Strike_G"],"score":104,"play_id":"e9c999d5-4c78-4c97-b9eb-df03ac4c89fc","local_time":"20180711161239","is_ascension_mode":false,"campfire_choices":[{"floor":10,"key":"REST"},{"data":"Flash of Steel","floor":15,"key":"SMITH"}],"neow_cost":"NONE","seed_source_timestamp":13797960328884,"circlet_count":0,"master_deck":["Defend_G","Defend_G","Defend_G","Defend_G","Defend_G","Strike_G","Strike_G","Strike_G+1","Strike_G","Survivor+1","Neutralize+1","Deflect","Flying Knee","Slice","Distraction","Prepared","Dodge and Roll","Flash of Steel+1","Acrobatics"],"relics":["Ring of the Snake","Bronze Scales","Anchor"],"potions_floor_usage":[6,12,16],"damage_taken":[{"damage":0,"enemies":"Jaw Worm","floor":1,"turns":4},{"damage":2,"enemies":"2 Louse","floor":4,"turns":3},{"damage":1,"enemies":"Cultist","floor":5,"turns":4},{"damage":20,"enemies":"Gremlin Nob","floor":6,"turns":5},{"damage":0,"enemies":"Red Slaver","floor":8,"turns":3},{"damage":2,"enemies":"Blue Slaver","floor":11,"turns":2},{"damage":0,"enemies":"Exordium Thugs","floor":12,"turns":4},{"damage":0,"enemies":"Looter","floor":14,"turns":3},{"damage":47,"enemies":"Slime Boss","floor":16,"turns":11}],"seed_played":"4247780849300201095","potions_obtained":[{"floor":1,"key":"Energy Potion"},{"floor":4,"key":"SkillPotion"},{"floor":6,"key":"SpeedPotion"},{"floor":7,"key":"FearPotion"}],"is_trial":false,"path_per_floor":["M","?","?","M","M","E","?","M","T","R","M","M","$","M","R"],"character_chosen":"THE_SILENT","items_purchased":["Flash of Steel","SteroidPotion"],"campfire_rested":1,"item_purchase_floors":[13,13],"current_hp_per_floor":[70,59,45,43,42,22,22,22,22,43,41,41,41,41,41,0],"gold":97,"neow_bonus":"UPGRADE_CARD","is_prod":false,"is_daily":false,"chose_seed":false,"campfire_upgraded":1,"win_rate":0.0,"timestamp":1531339959,"path_taken":["M","?","?","M","?","E","?","M","T","R","?","M","$","M","R","BOSS"],"build_version":"2018-07-05","purchased_purges":1,"victory":false,"max_hp_per_floor":[70,70,70,70,70,70,70,70,70,70,70,70,70,70,70,70],"card_choices":[{"not_picked":["Noxious Fumes","Terror"],"picked":"Deflect","floor":1},{"not_picked":["Backstab","Dash"],"picked":"Flying Knee","floor":4},{"not_picked":["Dash","Quick Slash"],"picked":"Slice","floor":5},{"not_picked":["Acrobatics","Eviscerate"],"picked":"Distraction","floor":6},{"not_picked":["Dagger Spray","Sucker Punch","Endless Agony"],"picked":"SKIP","floor":8},{"not_picked":["Outmaneuver","Leg Sweep"],"picked":"Prepared","floor":11},{"not_picked":["Riddle With Holes","PiercingWail"],"picked":"Dodge and Roll","floor":12},{"not_picked":["Backflip","Sucker Punch"],"picked":"Acrobatics","floor":14}],"player_experience":127446,"relics_obtained":[{"floor":6,"key":"Bronze Scales"},{"floor":9,"key":"Anchor"}],"event_choices":[{"event_name":"World of Goop","player_choice":"Gather Gold","floor":2,"damage_taken":0},{"event_name":"Shining Light","player_choice":"Entered Light","floor":3,"damage_taken":0},{"event_name":"The Lab","player_choice":"Got Potions","floor":7,"damage_taken":0}],"boss_relics":[],"items_purged_floors":[13],"is_endless":false,"potions_floor_spawned":[1,4,6],"killed_by":"Slime Boss","ascension_level":0}