{"gold_per_floor":[368,368,166,186,201,226,226,258,258,258,208,236,49,84,84,184,184,195,294,294,34,45,70,85,114,164,164,164,184,94,125,125,223,223,235,248,260,98,98,98,131,131,155,183,45,45,45,75,75,75],"floor_reached":51,"playtime":3809,"items_purged":["Strike_G","Strike_G","Venomology+1","Defend_G"],"score":985,"play_id":"4435ca1b-f6a7-48df-b1e7-faec2dad342d","local_time":"20190127131808","is_ascension_mode":true,"campfire_choices":[{"data":"Neutralize","floor":7,"key":"SMITH"},{"data":"Poisoned Stab","floor":10,"key":"SMITH"},{"data":"Survivor","floor":15,"key":"SMITH"},{"data":"Flying Knee","floor":27,"key":"SMITH"},{"data":"Strike_G","floor":32,"key":"SMITH"},{"data":"Defend_G","floor":40,"key":"SMITH"},{"data":"Defend_G","floor":42,"key":"SMITH"},{"floor":47,"key":"REST"},{"data":"Unload","floor":49,"key":"SMITH"}],"neow_cost":"CURSE","seed_source_timestamp":3259589462979,"circlet_count":0,"master_deck":["Defend_G+1","Defend_G+1","Survivor+1","Neutralize+1","Unload+1","Poisoned Stab+1","Flying Knee+1","Venomology+1","Bouncing Flask+1","Backstab+1","Backflip+1","Prepared+1","Adrenaline+1","Backstab+1","PiercingWail+1","Tactician+1","Calculated Gamble+1","Burst+1","Expertise+1","Prepared+1","Malaise+1","Envenom+1","Caltrops+1","Outmaneuver+1","Caltrops+1","Backflip+1","Madness+1","Madness+1"],"relics":["Ring of the Snake","Dream Catcher","Toxic Egg 2","Bag of Marbles","Juzu Bracelet","PreservedInsect","Black Star","Gremlin Horn","Bronze Scales","FossilizedHelix","Omamori","Mango","Anchor","Frozen Egg 2","Matryoshka","Astrolabe","Vajra","Smiling Mask","Snake Skull","Potion Belt","Happy Flower","Strawberry","Sundial","Orichalcum"],"potions_floor_usage":[6,8,12,16,18,23,24,25,29,31,33,33,48,50,50,50,50],"damage_taken":[{"damage":3,"enemies":"2 Louse","floor":1,"turns":4},{"damage":0,"enemies":"Jaw Worm","floor":4,"turns":3},{"damage":0,"enemies":"Small Slimes","floor":5,"turns":3},{"damage":14,"enemies":"3 Sentries","floor":6,"turns":8},{"damage":1,"enemies":"Gremlin Nob","floor":8,"turns":3},{"damage":3,"enemies":"Lagavulin","floor":12,"turns":5},{"damage":4,"enemies":"Gremlin Nob","floor":14,"turns":3},{"damage":7,"enemies":"Slime Boss","floor":16,"turns":7},{"damage":0,"enemies":"2 Thieves","floor":18,"turns":3},{"damage":0,"enemies":"3 Byrds","floor":22,"turns":3},{"damage":0,"enemies":"Slavers","floor":23,"turns":1},{"damage":0,"enemies":"3 Cultists","floor":24,"turns":3},{"damage":0,"enemies":"Book of Stabbing","floor":25,"turns":3},{"damage":0,"enemies":"Snecko","floor":29,"turns":3},{"damage":0,"enemies":"Gremlin Leader","floor":31,"turns":3},{"damage":16,"enemies":"Automaton","floor":33,"turns":10},{"damage":0,"enemies":"Orb Walker","floor":35,"turns":1},{"damage":0,"enemies":"3 Shapes","floor":36,"turns":4},{"damage":0,"enemies":"Sphere and 2 Shapes","floor":37,"turns":5},{"damage":0,"enemies":"Giant Head","floor":41,"turns":5},{"damage":5,"enemies":"Reptomancer","floor":44,"turns":4},{"damage":0,"enemies":"Giant Head","floor":48,"turns":6},{"damage":10,"enemies":"Time Eater","floor":50,"turns":12}],"seed_played":"1206667635313721374","potions_obtained":[{"floor":4,"key":"FearPotion"},{"floor":5,"key":"SmokeBomb"},{"floor":14,"key":"Fire Potion"},{"floor":18,"key":"SteroidPotion"},{"floor":24,"key":"Dexterity Potion"},{"floor":29,"key":"Fruit Juice"}],"is_trial":false,"path_per_floor":["M","?","$","M","M","E","R","E","T","R","?","E","$","E","R","B",null,"M","?","?","$","M","E","M","E","T","R","?","M","?","E","R","B",null,"M","M","M","$","?","R","E","R","T","E","$","?","R","E","R","B",null],"character_chosen":"THE_SILENT","items_purchased":["Unload","Strength Potion","Backstab","Backflip+1","Gremlin Horn","Caltrops+1","Caltrops+1","Backflip+1"],"campfire_rested":1,"item_purchase_floors":[3,3,13,13,21,38,45,45],"current_hp_per_floor":[67,67,67,67,67,53,53,52,52,52,52,49,49,45,45,38,70,70,70,70,70,70,70,70,84,84,84,84,84,84,89,89,73,89,89,89,89,89,89,89,89,89,89,91,91,79,96,96,96,96],"gold":75,"neow_bonus":"TWO_FIFTY_GOLD","is_prod":false,"is_daily":false,"chose_seed":false,"campfire_upgraded":8,"win_rate":1,"timestamp":1548548288,"path_taken":["M","?","$","M","M","E","R","E","T","R","?","E","$","E","R","BOSS","M","?","?","$","M","E","M","E","T","R","?","M","?","E","R","BOSS","M","M","M","$","?","R","E","R","T","E","$","?","R","E","R","BOSS"],"build_version":"2019-01-23","purchased_purges":4,"victory":true,"max_hp_per_floor":[70,70,70,70,70,70,70,70,70,70,70,70,70,70,70,70,70,70,70,70,70,70,70,70,84,84,84,84,84,84,89,89,89,89,89,89,89,89,89,89,89,89,89,96,96,96,96,96,96,96],"card_choices":[{"not_picked":["Infinite Blades","Outmaneuver","Eviscerate"],"picked":"SKIP","floor":1},{"not_picked":["Endless Agony","Outmaneuver"],"picked":"Poisoned Stab","floor":4},{"not_picked":["Acrobatics","Poisoned Stab"],"picked":"Flying Knee","floor":5},{"not_picked":["Flying Knee","Masterful Stab","Escape Plan"],"picked":"SKIP","floor":6},{"not_picked":["Dagger Throw","Escape Plan"],"picked":"Venomology","floor":8},{"not_picked":["Predator","Prepared+1"],"picked":"Bouncing Flask+1","floor":12},{"not_picked":["Dagger Throw","Distraction+1"],"picked":"Prepared+1","floor":14},{"not_picked":["Tools of the Trade","Night Terror+1"],"picked":"Adrenaline+1","floor":16},{"not_picked":["Prepared+1","Endless Agony"],"picked":"Backstab+1","floor":18},{"not_picked":["Poisoned Stab","Bane","Dash"],"picked":"SKIP","floor":22},{"not_picked":["Poisoned Stab","Bane+1"],"picked":"PiercingWail+1","floor":23},{"not_picked":["Acrobatics+1","Deadly Poison+1"],"picked":"Tactician+1","floor":24},{"not_picked":["Skewer","Outmaneuver+1"],"picked":"Calculated Gamble+1","floor":25},{"not_picked":["Flechettes","Dagger Throw"],"picked":"Burst+1","floor":29},{"not_picked":["Flying Knee","Predator"],"picked":"Expertise+1","floor":31},{"not_picked":["Die Die Die","Burst+1"],"picked":"Venomology+1","floor":33},{"not_picked":["PiercingWail+1","Slice+1","Distraction+1"],"picked":"SKIP","floor":35},{"not_picked":["Deflect+1","Blade Dance+1","Choke"],"picked":"SKIP","floor":36},{"not_picked":["Dagger Spray","Flying Knee+1","Skewer"],"picked":"SKIP","floor":37},{"not_picked":["Underhanded Strike","Venomology+1"],"picked":"Outmaneuver+1","floor":41},{"not_picked":["Deflect+1","PiercingWail+1","All Out Attack+1"],"picked":"SKIP","floor":44},{"not_picked":["Endless Agony+1","Dodge and Roll+1","Infinite Blades+1"],"picked":"SKIP","floor":48}],"player_experience":95608,"relics_obtained":[{"floor":6,"key":"Dream Catcher"},{"floor":8,"key":"Toxic Egg 2"},{"floor":9,"key":"Bag of Marbles"},{"floor":12,"key":"Juzu Bracelet"},{"floor":14,"key":"PreservedInsect"},{"floor":23,"key":"Bronze Scales"},{"floor":23,"key":"FossilizedHelix"},{"floor":25,"key":"Omamori"},{"floor":25,"key":"Mango"},{"floor":26,"key":"Anchor"},{"floor":31,"key":"Frozen Egg 2"},{"floor":31,"key":"Matryoshka"},{"floor":41,"key":"Vajra"},{"floor":41,"key":"Smiling Mask"},{"floor":43,"key":"Snake Skull"},{"floor":43,"key":"Potion Belt"},{"floor":44,"key":"Happy Flower"},{"floor":44,"key":"Strawberry"},{"floor":48,"key":"Sundial"},{"floor":48,"key":"Orichalcum"}],"event_choices":[{"cards_removed":["Pain"],"damage_healed":0,"gold_gain":0,"player_choice":"Forget","damage_taken":0,"max_hp_gain":0,"max_hp_loss":0,"event_name":"Living Wall","floor":2,"gold_loss":0},{"cards_removed":["Strike_G"],"damage_healed":0,"gold_gain":0,"player_choice":"Card Removal","damage_taken":0,"max_hp_gain":0,"max_hp_loss":0,"event_name":"The Cleric","floor":11,"gold_loss":50},{"damage_healed":0,"gold_gain":99,"player_choice":"Stole From Cult","damage_taken":0,"max_hp_gain":0,"max_hp_loss":0,"event_name":"Nest","floor":19,"gold_loss":0},{"damage_healed":0,"gold_gain":0,"player_choice":"Ignored","damage_taken":0,"max_hp_gain":0,"max_hp_loss":0,"event_name":"Ghosts","floor":20,"gold_loss":0},{"damage_healed":0,"gold_gain":0,"player_choice":"Ignored","damage_taken":0,"max_hp_gain":0,"max_hp_loss":0,"event_name":"Vampires","floor":28,"gold_loss":0},{"cards_removed":["Strike_G"],"damage_healed":0,"gold_gain":0,"player_choice":"Upgrade and Remove","damage_taken":0,"max_hp_gain":0,"max_hp_loss":0,"event_name":"Designer","floor":30,"gold_loss":90,"cards_upgraded":["Backstab"]},{"damage_healed":0,"gold_gain":0,"player_choice":"Full Heal","damage_taken":0,"max_hp_gain":0,"max_hp_loss":0,"event_name":"Wheel of Change","floor":39,"gold_loss":0},{"damage_healed":0,"gold_gain":0,"player_choice":"Embrace Madness","damage_taken":12,"max_hp_gain":0,"max_hp_loss":0,"event_name":"Winding Halls","floor":46,"gold_loss":0,"cards_obtained":["Madness","Madness"]}],"is_beta":false,"boss_relics":[{"not_picked":["HoveringKite","Tiny House"],"picked":"Black Star"},{"not_picked":["Lizard Tail","Velvet Choker"],"picked":"Astrolabe"}],"items_purged_floors":[3,13,38,45],"is_endless":false,"potions_floor_spawned":[4,5,14,18,24,29,31,37],"ascension_level":1}