{"gold_per_floor":[115,130,130,0,15,45,62,97,97,97,97,128,128,128,128,128],"floor_reached":16,"playtime":843,"items_purged":[],"score":142,"play_id":"0e3878ea-566b-41a6-a5ba-84743e7869f2","local_time":"20190227223234","is_ascension_mode":true,"campfire_choices":[{"floor":10,"key":"REST"},{"data":"Zap","floor":13,"key":"SMITH"},{"floor":15,"key":"REST"}],"neow_cost":"NONE","seed_source_timestamp":225274325447543,"circlet_count":0,"master_deck":["Strike_B","Strike_B","Strike_B","Defend_B","Defend_B","Defend_B","Defend_B","Zap+1","Dualcast","White Noise","Barrage","Consume","Hologram","Core Surge","Leap","Reinforced Body","Auto Shields"],"relics":["Cracked Core","Oddly Smooth Stone","Potion Belt","Happy Flower","Frozen Egg 2","Calipers","Bronze Scales"],"potions_floor_usage":[6,8,8,12],"damage_taken":[{"damage":4,"enemies":"Small Slimes","floor":1,"turns":4},{"damage":2,"enemies":"2 Louse","floor":2,"turns":2},{"damage":4,"enemies":"Jaw Worm","floor":5,"turns":5},{"damage":33,"enemies":"Lagavulin","floor":6,"turns":7},{"damage":0,"enemies":"2 Fungi Beasts","floor":7,"turns":4},{"damage":23,"enemies":"Gremlin Nob","floor":8,"turns":5},{"damage":16,"enemies":"3 Sentries","floor":12,"turns":7},{"damage":30,"enemies":"Slime Boss","floor":16,"turns":9}],"seed_played":"1276585836109412547","potions_obtained":[{"floor":1,"key":"FearPotion"},{"floor":7,"key":"Weak Potion"},{"floor":8,"key":"PowerPotion"}],"is_trial":false,"path_per_floor":["M","M","?","$","M","E","M","E","T","R","?","E","R","?","R","B"],"character_chosen":"DEFECT","items_purchased":["Consume","SkillPotion"],"campfire_rested":2,"item_purchase_floors":[4,4],"current_hp_per_floor":[71,69,62,62,58,25,25,2,2,24,24,8,8,8,30,0],"gold":128,"neow_bonus":"RANDOM_COMMON_RELIC","is_prod":false,"is_daily":false,"chose_seed":false,"campfire_upgraded":1,"win_rate":0,"timestamp":1551303154,"path_taken":["M","M","?","$","M","E","M","E","T","R","?","E","R","?","R","BOSS"],"build_version":"2019-01-23","purchased_purges":0,"victory":false,"max_hp_per_floor":[75,75,75,75,75,75,75,75,75,75,75,75,75,75,75,75],"card_choices":[{"not_picked":["Steam","Redo"],"picked":"White Noise","floor":1},{"not_picked":["Double Energy","BootSequence"],"picked":"Barrage","floor":2},{"not_picked":["Heatsinks","Doom and Gloom"],"picked":"Hologram","floor":5},{"not_picked":["Ball Lightning","Scrape"],"picked":"Core Surge","floor":6},{"not_picked":["Gash","Scrape"],"picked":"Leap","floor":7},{"not_picked":["Lockon","Ball Lightning"],"picked":"Reinforced Body","floor":8},{"not_picked":["Blizzard","Redo"],"picked":"Auto Shields","floor":12}],"player_experience":1022130,"relics_obtained":[{"floor":6,"key":"Potion Belt"},{"floor":8,"key":"Happy Flower"},{"floor":9,"key":"Frozen Egg 2"},{"floor":12,"key":"Bronze Scales"}],"event_choices":[{"cards_removed":["Strike_B"],"damage_healed":0,"gold_gain":0,"player_choice":"Card Removal","damage_taken":7,"max_hp_gain":0,"max_hp_loss":0,"event_name":"Golden Wing","floor":3,"gold_loss":0},{"damage_healed":0,"gold_gain":0,"player_choice":"Searched \u00271\u0027 times","damage_taken":0,"relics_obtained":["Calipers"],"max_hp_gain":0,"max_hp_loss":0,"event_name":"Dead Adventurer","floor":11,"gold_loss":0},{"damage_healed":0,"gold_gain":0,"player_choice":"Fled","damage_taken":0,"max_hp_gain":0,"max_hp_loss":0,"event_name":"Scrap Ooze","floor":14,"gold_loss":0}],"is_beta":false,"boss_relics":[],"items_purged_floors":[],"is_endless":false,"potions_floor_spawned":[1,7,8],"killed_by":"Slime Boss","ascension_level":4}