{"gold_per_floor":[115,190,220,246,246,246,259,259,259,19,42,53,63,74,74,177,177,191,291,48,68,68,68,88,116,167,181,33,53,152,165,165,165],"floor_reached":33,"playtime":1970,"items_purged":["Regret"],"score":283,"play_id":"caaea351-d5ea-45c4-91b4-d0a30d9bade3","local_time":"20190224090204","is_ascension_mode":true,"campfire_choices":[{"data":"Rampage","floor":6,"key":"SMITH"},{"data":"Burning Pact","floor":8,"key":"SMITH"},{"floor":15,"key":"REST"},{"data":"Limit Break","floor":23,"key":"SMITH"},{"floor":32,"key":"REST"}],"neow_cost":"PERCENT_DAMAGE","seed_source_timestamp":874449101402000,"circlet_count":0,"master_deck":["Strike_R","Strike_R","Strike_R","Strike_R","Strike_R","Defend_R","Defend_R","Bash","Offering","Combust","Rampage+1","Burning Pact+1","Armaments","Flex","Forethought","Spot Weakness","Shrug It Off","Inflame+1","Perfected Strike","Limit Break+1","Sword Boomerang","Metallicize+1","Ghostly Armor","Heavy Blade","Warcry+1","Anger","Cleave","Wild Strike+1","Ghostly Armor+1","Shockwave"],"relics":["Burning Blood","Tiny Chest","Happy Flower","Incense Burner","Frozen Egg 2","Odd Mushroom","Runic Cube","Magic Flower","Gremlin Horn","Toolbox","Champion Belt","Orichalcum","Dream Catcher"],"potions_floor_usage":[14,24,25,31,33],"damage_taken":[{"damage":12,"enemies":"Jaw Worm","floor":1,"turns":3},{"damage":12,"enemies":"Small Slimes","floor":7,"turns":3},{"damage":24,"enemies":"The Mushroom Lair","floor":11,"turns":3},{"damage":0,"enemies":"2 Louse","floor":12,"turns":3},{"damage":12,"enemies":"Looter","floor":13,"turns":3},{"damage":5,"enemies":"Lots of Slimes","floor":14,"turns":2},{"damage":36,"enemies":"The Guardian","floor":16,"turns":9},{"damage":27,"enemies":"3 Byrds","floor":18,"turns":6},{"damage":23,"enemies":"Colosseum Slavers","floor":19,"turns":5},{"damage":16,"enemies":"Colosseum Nobs","floor":19,"turns":4},{"damage":19,"enemies":"Chosen","floor":21,"turns":4},{"damage":29,"enemies":"Snake Plant","floor":24,"turns":7},{"damage":17,"enemies":"Gremlin Leader","floor":25,"turns":6},{"damage":18,"enemies":"Sentry and Sphere","floor":27,"turns":6},{"damage":15,"enemies":"Shelled Parasite and Fungi","floor":29,"turns":3},{"damage":20,"enemies":"Snake Plant","floor":31,"turns":5},{"damage":52,"enemies":"Automaton","floor":33,"turns":6}],"seed_played":"-4076810301231799319","potions_obtained":[{"floor":1,"key":"Weak Potion"},{"floor":13,"key":"Energy Potion"},{"floor":14,"key":"Explosive Potion"},{"floor":16,"key":"Ancient Potion"},{"floor":19,"key":"Energy Potion"},{"floor":21,"key":"Regen Potion"},{"floor":22,"key":"Regen Potion"},{"floor":27,"key":"PowerPotion"},{"floor":29,"key":"SkillPotion"}],"is_trial":false,"path_per_floor":["M","?","?","T","?","R","M","R","T","$","?","M","M","M","R","B",null,"M","?","$","M","?","R","M","E","T","M","$","M","?","M","R","B"],"character_chosen":"IRONCLAD","items_purchased":["Armaments","Flex","Forethought","Toolbox","Ghostly Armor","Dream Catcher"],"campfire_rested":2,"item_purchase_floors":[10,10,10,20,20,28],"current_hp_per_floor":[50,39,36,36,36,36,30,30,30,30,12,18,12,13,37,7,80,59,32,32,22,22,22,26,42,42,33,33,27,27,16,40,0],"gold":165,"neow_bonus":"TRANSFORM_TWO_CARDS","is_prod":false,"is_daily":false,"chose_seed":false,"campfire_upgraded":3,"win_rate":0,"timestamp":1550966524,"path_taken":["M","?","?","?","?","R","M","R","T","$","?","M","M","M","R","BOSS","M","?","$","M","?","R","?","E","T","M","$","M","?","M","R","BOSS"],"build_version":"2019-01-23","purchased_purges":1,"victory":false,"max_hp_per_floor":[80,80,80,80,80,80,80,80,80,80,80,80,80,80,80,80,80,80,80,80,80,80,80,80,80,80,80,80,80,80,80,80,80],"card_choices":[{"not_picked":["Carnage","True Grit"],"picked":"Rampage","floor":1},{"not_picked":["Cleave","Iron Wave"],"picked":"Burning Pact","floor":7},{"not_picked":["Heavy Blade","Disarm"],"picked":"Spot Weakness","floor":11},{"not_picked":["Havoc","Infernal Blade"],"picked":"Shrug It Off","floor":12},{"not_picked":["True Grit","Thunderclap"],"picked":"Inflame+1","floor":13},{"not_picked":["Sever Soul","Twin Strike"],"picked":"Perfected Strike","floor":14},{"not_picked":["Juggernaut+1","Immolate"],"picked":"Limit Break","floor":16},{"not_picked":["Burning Pact+1","Dropkick"],"picked":"Sword Boomerang","floor":18},{"not_picked":["Armaments","Havoc"],"picked":"Metallicize+1","floor":19},{"not_picked":["Pummel","Clothesline"],"picked":"Heavy Blade","floor":21},{"not_picked":["Shrug It Off+1","Sword Boomerang+1"],"picked":"Warcry+1","floor":24},{"not_picked":["Sentinel","Limit Break"],"picked":"Anger","floor":25},{"not_picked":["Flex","Shrug It Off"],"picked":"Cleave","floor":27},{"not_picked":["Dual Wield+1","Shrug It Off"],"picked":"Wild Strike+1","floor":29},{"not_picked":["Double Tap","Corruption+1"],"picked":"Ghostly Armor+1","floor":31},{"not_picked":["Spot Weakness","Pommel Strike"],"picked":"Shockwave","floor":32}],"player_experience":146777,"relics_obtained":[{"floor":4,"key":"Happy Flower"},{"floor":9,"key":"Frozen Egg 2"},{"floor":11,"key":"Odd Mushroom"},{"floor":19,"key":"Magic Flower"},{"floor":19,"key":"Gremlin Horn"},{"floor":25,"key":"Champion Belt"},{"floor":26,"key":"Orichalcum"}],"event_choices":[{"damage_healed":0,"gold_gain":75,"player_choice":"Gather Gold","damage_taken":11,"max_hp_gain":0,"max_hp_loss":0,"event_name":"World of Goop","floor":2,"gold_loss":0},{"damage_healed":0,"gold_gain":0,"player_choice":"Success","damage_taken":3,"relics_obtained":["Tiny Chest"],"max_hp_gain":0,"max_hp_loss":0,"event_name":"Scrap Ooze","floor":3,"gold_loss":0},{"damage_healed":0,"gold_gain":0,"player_choice":"Box","damage_taken":0,"relics_obtained":["Incense Burner"],"max_hp_gain":0,"max_hp_loss":0,"event_name":"Big Fish","floor":5,"gold_loss":0,"cards_obtained":["Regret"]},{"damage_healed":0,"gold_gain":0,"player_choice":"Fought Mushrooms","damage_taken":0,"max_hp_gain":0,"max_hp_loss":0,"event_name":"Mushrooms","floor":11,"gold_loss":0},{"damage_healed":0,"gold_gain":0,"player_choice":"Fight","damage_taken":0,"max_hp_gain":0,"max_hp_loss":0,"event_name":"Colosseum","floor":19,"gold_loss":0},{"damage_healed":0,"gold_gain":0,"player_choice":"Fought Nobs","damage_taken":0,"max_hp_gain":0,"max_hp_loss":0,"event_name":"Colosseum","floor":19,"gold_loss":0},{"damage_healed":0,"gold_gain":0,"player_choice":"Got Potions","damage_taken":0,"max_hp_gain":0,"max_hp_loss":0,"event_name":"Lab","floor":22,"gold_loss":0},{"damage_healed":0,"gold_gain":99,"player_choice":"Stole From Cult","damage_taken":0,"max_hp_gain":0,"max_hp_loss":0,"event_name":"Nest","floor":30,"gold_loss":0}],"is_beta":false,"boss_relics":[{"not_picked":["Orrery","Runic Pyramid"],"picked":"Runic Cube"}],"items_purged_floors":[10],"is_endless":false,"potions_floor_spawned":[1,13,14,16,19,21,27,29],"killed_by":"Automaton","ascension_level":2}