{"gold_per_floor":[11,261,271,53,71,96,116,126,126,153,328,328,75,87,87,187,187,204,8,20,32,48,82,82,82],"floor_reached":25,"playtime":861,"items_purged":["Doubt"],"score":381,"play_id":"4108d8a6-63ce-4412-a420-dc2538d7df4e","local_time":"20180712232251","is_ascension_mode":true,"campfire_choices":[{"floor":12,"key":"REST"},{"data":"Zap","floor":15,"key":"SMITH"}],"neow_cost":"NO_GOLD","seed_source_timestamp":77556839291602,"circlet_count":0,"master_deck":["Defend_B","Defend_B","Defend_B","Defend_B","Zap+1","Dualcast","Cold Snap","Regret","Conserve Battery","Leap","Sweeping Beam","Gash","Tempest","Coolheaded","Seek","Defragment","FTL","Leap","Leap","Rainbow","Writhe","Writhe","Injury","Auto Shields","Steam","Rebound","Capacitor","Compile Driver+1","Bite","Bite","Bite","Bite","Bite"],"relics":["Cracked Core","Torii","Toolbox","Bronze Scales","Ornamental Fan","Cables","Calling Bell","Pen Nib","Pear","Dead Branch","TwistedFunnel"],"potions_floor_usage":[10,16,22,23,23,25],"damage_taken":[{"damage":0,"enemies":"Small Slimes","floor":1,"turns":3},{"damage":2,"enemies":"Cultist","floor":3,"turns":4},{"damage":4,"enemies":"2 Louse","floor":5,"turns":2},{"damage":28,"enemies":"3 Sentries","floor":6,"turns":9},{"damage":1,"enemies":"Red Slaver","floor":7,"turns":3},{"damage":5,"enemies":"Blue Slaver","floor":8,"turns":3},{"damage":13,"enemies":"Lagavulin","floor":10,"turns":5},{"damage":11,"enemies":"Lots of Slimes","floor":14,"turns":3},{"damage":5,"enemies":"Slime Boss","floor":16,"turns":7},{"damage":7,"enemies":"Spheric Guardian","floor":18,"turns":4},{"damage":1,"enemies":"Shell Parasite","floor":20,"turns":4},{"damage":10,"enemies":"Centurion and Healer","floor":21,"turns":5},{"damage":20,"enemies":"Snake Plant","floor":22,"turns":3},{"damage":9,"enemies":"Gremlin Leader","floor":23,"turns":8},{"damage":29,"enemies":"Slavers","floor":25,"turns":2}],"seed_played":"-7016937739872722389","potions_obtained":[{"floor":6,"key":"Energy Potion"},{"floor":7,"key":"SmokeBomb"},{"floor":10,"key":"Poison Potion"},{"floor":16,"key":"Poison Potion"},{"floor":20,"key":"Weak Potion"},{"floor":21,"key":"Ancient Potion"},{"floor":22,"key":"Dexterity Potion"},{"floor":23,"key":"FearPotion"}],"is_trial":false,"path_per_floor":["M","?","M","$","M","E","M","M","T","E","?","R","$","M","R","B",null,"M","$","M","M","M","E","?"],"character_chosen":"DEFECT","items_purchased":["Leap","Toolbox","Defragment","FTL","Leap","TwistedFunnel"],"campfire_rested":1,"item_purchase_floors":[4,4,13,13,13,19],"current_hp_per_floor":[75,75,73,73,69,41,40,35,35,22,22,44,44,33,33,28,73,66,66,65,55,35,26,26,0],"gold":82,"neow_bonus":"ONE_RARE_RELIC","is_prod":false,"is_daily":false,"chose_seed":false,"campfire_upgraded":1,"win_rate":0,"timestamp":1531394571,"path_taken":["M","?","M","$","?","E","M","M","T","E","?","R","$","M","R","BOSS","M","$","M","M","?","E","?","E"],"build_version":"2018-07-05","purchased_purges":1,"victory":false,"max_hp_per_floor":[75,75,75,75,75,75,75,75,75,75,75,75,75,75,75,75,85,85,85,85,85,85,85,85,85],"card_choices":[{"not_picked":["Stack","Coolheaded"],"picked":"Cold Snap","floor":1},{"not_picked":["Steam","Chaos"],"picked":"Conserve Battery","floor":3},{"not_picked":["Chaos","Darkness"],"picked":"Sweeping Beam","floor":5},{"not_picked":["Reprogram","Glacier"],"picked":"Gash","floor":6},{"not_picked":["Turbo","Genetic Algorithm"],"picked":"Tempest","floor":7},{"not_picked":["Undo","Genetic Algorithm"],"picked":"Coolheaded","floor":8},{"not_picked":["Reprogram","Barrage"],"picked":"Seek","floor":10},{"not_picked":["Barrage","Skim"],"picked":"Leap","floor":14},{"not_picked":["Buffer","Hyperbeam"],"picked":"Rainbow","floor":16},{"not_picked":["Machine Learning","Heatsinks+1"],"picked":"Auto Shields","floor":18},{"not_picked":["Undo","Leap"],"picked":"Steam","floor":20},{"not_picked":["Stack","Leap"],"picked":"Rebound","floor":21},{"not_picked":["Sweeping Beam","Hello World+1"],"picked":"Capacitor","floor":22},{"not_picked":["Scrape","Creative AI"],"picked":"Compile Driver+1","floor":23}],"player_experience":294340,"relics_obtained":[{"floor":6,"key":"Bronze Scales"},{"floor":9,"key":"Ornamental Fan"},{"floor":10,"key":"Cables"},{"floor":17,"key":"Pen Nib"},{"floor":17,"key":"Pear"},{"floor":17,"key":"Dead Branch"},{"floor":23,"key":"Blood Vial"}],"event_choices":[{"event_name":"Golden Shrine","player_choice":"Desecrate","floor":2,"damage_taken":0},{"event_name":"Liars Game","player_choice":"agreed","floor":11,"damage_taken":0},{"event_name":"Vampires","player_choice":"Became a vampire (Vial)","floor":24,"damage_taken":0}],"boss_relics":[{"not_picked":["Velvet Choker","Eternal Feather"],"picked":"Calling Bell"}],"items_purged_floors":[13],"is_endless":false,"potions_floor_spawned":[6,7,10,16,20,21,22,23],"killed_by":"Slavers","ascension_level":5}