{"gold_per_floor":[99,99,99,0,0,0,0,0,0,0,0,0,0,0,0,0,0,0,0,0,0,0,0,0,0,0,0,0,0,0,0,0,0,0,0,0,0,0,0,0,0,0,0,0,0,0,0,0,0,0],"floor_reached":51,"playtime":3449,"items_purged":[],"score":1260,"play_id":"d1831782-220d-4984-b7f4-bb03bf946ba6","local_time":"20190207195933","is_ascension_mode":true,"campfire_choices":[{"data":"Sunder","floor":6.0,"key":"SMITH"},{"data":"Beam Cell","floor":15.0,"key":"SMITH"},{"data":"Hologram","floor":28,"key":"SMITH"},{"data":"Coolheaded","floor":30,"key":"SMITH"},{"data":"Skim","floor":32,"key":"SMITH"},{"data":"Force Field","floor":41,"key":"SMITH"},{"floor":49,"key":"REST"}],"neow_cost":"NONE","seed_source_timestamp":0,"circlet_count":0,"master_deck":["Defend_B","Defend_B","Defend_B+1","Defend_B","Zap+1","Dualcast","White Noise","Sunder+1","Coolheaded+1","Hologram+1","Ball Lightning","Beam Cell+1","Meteor Strike","Hologram+1","Skim+1","Force Field+1","Core Surge","Echo Form","Meteor Strike","Cold Snap+1","Undo","Coolheaded","Undo+1"],"special_seed":0,"relics":["Ectoplasm","Blood Vial","Dodecahedron","Ice Cream","Snecko Eye","Mercury Hourglass","Pen Nib","War Paint","Pear","Black Star","Juzu Bracelet","Regal Pillow","Torii","Vajra","Bottled Flame","Bronze Scales","Potion Belt","Lantern","MawBank"],"potions_floor_usage":[25,29,29,50],"damage_taken":[{"damage":0.0,"enemies":"Cultist","floor":1.0,"turns":4.0},{"damage":0.0,"enemies":"2 Louse","floor":3.0,"turns":4.0},{"damage":0.0,"enemies":"Jaw Worm","floor":5.0,"turns":4.0},{"damage":5.0,"enemies":"3 Sentries","floor":7.0,"turns":5.0},{"damage":14.0,"enemies":"Exordium Wildlife","floor":8.0,"turns":4.0},{"damage":5.0,"enemies":"2 Fungi Beasts","floor":10.0,"turns":3.0},{"damage":7.0,"enemies":"Large Slime","floor":11.0,"turns":4.0},{"damage":0.0,"enemies":"Red Slaver","floor":12.0,"turns":5.0},{"damage":8.0,"enemies":"Lagavulin","floor":14.0,"turns":6.0},{"damage":16.0,"enemies":"Hexaghost","floor":16.0,"turns":6.0},{"damage":9,"enemies":"3 Byrds","floor":18,"turns":3},{"damage":0,"enemies":"Chosen","floor":20,"turns":2},{"damage":0,"enemies":"Sentry and Sphere","floor":24,"turns":2},{"damage":2,"enemies":"Slavers","floor":25,"turns":3},{"damage":8,"enemies":"Gremlin Leader","floor":29,"turns":4},{"damage":0,"enemies":"Snecko","floor":31,"turns":2},{"damage":0,"enemies":"Automaton","floor":33,"turns":4},{"damage":17,"enemies":"3 Darklings","floor":35,"turns":4},{"damage":0,"enemies":"Orb Walker","floor":36,"turns":3},{"damage":28,"enemies":"Maw","floor":38,"turns":5},{"damage":0,"enemies":"Writhing Mass","floor":39,"turns":3},{"damage":1,"enemies":"Nemesis","floor":40,"turns":3},{"damage":0,"enemies":"Giant Head","floor":42,"turns":4},{"damage":0,"enemies":"Reptomancer","floor":46,"turns":2},{"damage":0,"enemies":"Nemesis","floor":48,"turns":5},{"damage":10,"enemies":"Time Eater","floor":50,"turns":7}],"seed_played":"-5646463461981028299","potions_obtained":[{"floor":3.0,"key":"Poison Potion"},{"floor":8.0,"key":"Energy Potion"},{"floor":11.0,"key":"Regen Potion"},{"floor":18,"key":"Fire Potion"},{"floor":20,"key":"EssenceOfSteel"},{"floor":29,"key":"Ancient Potion"},{"floor":35,"key":"SteroidPotion"},{"floor":42,"key":"Block Potion"}],"is_trial":false,"path_per_floor":["M","?","M","$","M","R","E","M","T","M","M","M","?","E","R","B",null,"M","?","M","?","?","$","M","E","T","?","R","E","R","M","R","B",null,"M","M","?","M","M","E","R","E","T","?","?","E","$","E","R","B",null],"character_chosen":"DEFECT","items_purchased":["AttackPotion","Dexterity Potion"],"campfire_rested":1,"item_purchase_floors":[4,4],"current_hp_per_floor":[68,68,68,68,68,68,63,51,51,48,43,45,38,32,32,18,61,54,54,56,56,56,56,58,58,58,58,58,74,74,76,76,78,83,68,70,70,44,46,47,47,49,49,49,49,51,51,53,81,71],"gold":0,"neow_bonus":"BOSS_RELIC","is_prod":false,"is_daily":false,"chose_seed":false,"campfire_upgraded":6,"win_rate":1,"timestamp":1549522773,"path_taken":["M","?","M","$","?","R","E","M","T","M","M","M","?","E","R","BOSS","M","?","M","?","?","$","M","E","T","?","R","E","R","?","R","BOSS","M","M","?","M","?","E","R","E","T","?","?","E","?","E","R","BOSS"],"build_version":"2019-01-23","purchased_purges":0,"victory":true,"max_hp_per_floor":[75,75,75,75,75,75,75,75,75,75,75,75,75,75,75,75,75,75,75,75,75,75,75,75,75,75,75,75,85,85,85,85,85,85,85,85,85,85,85,85,85,85,85,85,81,81,81,81,81,81],"card_choices":[{"not_picked":["Gash","Steam Power","Chaos"],"picked":"SKIP","floor":1.0},{"not_picked":["Turbo","Stack"],"picked":"White Noise","floor":3.0},{"not_picked":["Blizzard","Skim"],"picked":"Sunder","floor":5.0},{"not_picked":["Fusion","Blizzard"],"picked":"Go for the Eyes","floor":7.0},{"not_picked":["Stack","Conserve Battery"],"picked":"Coolheaded","floor":8.0},{"not_picked":["Redo","Leap","Steam Power"],"picked":"SKIP","floor":10.0},{"not_picked":["Double Energy","Rebound"],"picked":"Hologram","floor":11.0},{"not_picked":["All For One","Force Field"],"picked":"Ball Lightning","floor":12.0},{"not_picked":["White Noise","Capacitor"],"picked":"Beam Cell","floor":14.0},{"not_picked":["Amplify","Hyperbeam"],"picked":"Meteor Strike","floor":16.0},{"not_picked":["Leap","Gash"],"picked":"Hologram+1","floor":18},{"not_picked":["FTL","Sweeping Beam"],"picked":"Skim","floor":20},{"not_picked":["Rebound","Go for the Eyes"],"picked":"Force Field","floor":24},{"not_picked":["Blizzard","Aggregate"],"picked":"Core Surge","floor":25},{"not_picked":["Capacitor","Go for the Eyes","Gash+1"],"picked":"SKIP","floor":29},{"not_picked":["Rip and Tear","Chaos+1","Leap"],"picked":"SKIP","floor":31},{"not_picked":["Rainbow","Meteor Strike"],"picked":"Echo Form","floor":33},{"not_picked":["Cold Snap+1","Barrage+1","BootSequence+1"],"picked":"SKIP","floor":35},{"not_picked":["Turbo","Redo","Conserve Battery+1"],"picked":"SKIP","floor":36},{"not_picked":["Barrage","Hologram+1","Turbo+1"],"picked":"SKIP","floor":38},{"not_picked":["Steam+1","Scrape+1","Redo+1"],"picked":"SKIP","floor":39},{"not_picked":["Rebound+1","Stack+1","Cold Snap+1"],"picked":"SKIP","floor":40},{"not_picked":["Rebound+1","Stack+1"],"picked":"Cold Snap+1","floor":40},{"not_picked":["Gash","Ball Lightning+1"],"picked":"Undo","floor":42},{"not_picked":["Steam Power+1","White Noise+1"],"picked":"Coolheaded","floor":46},{"not_picked":["Darkness+1","Conserve Battery"],"picked":"Undo+1","floor":48}],"player_experience":187211,"relics_obtained":[{"floor":7.0,"key":"Blood Vial"},{"floor":9.0,"key":"Dodecahedron"},{"floor":14.0,"key":"Ice Cream"},{"floor":25,"key":"Mercury Hourglass"},{"floor":26,"key":"Pen Nib"},{"floor":29,"key":"Pear"},{"floor":40,"key":"Juzu Bracelet"},{"floor":40,"key":"Regal Pillow"},{"floor":42,"key":"Torii"},{"floor":42,"key":"Vajra"},{"floor":43,"key":"Bottled Flame"},{"floor":46,"key":"Bronze Scales"},{"floor":46,"key":"Potion Belt"},{"floor":48,"key":"Lantern"},{"floor":48,"key":"MawBank"}],"event_choices":[{"cards_removed":["Strike_B"],"damage_healed":0.0,"max_hp_gain":0.0,"max_hp_loss":0.0,"gold_gain":0.0,"event_name":"Bonfire Elementals","player_choice":"Offered Basic","floor":2.0,"gold_loss":0.0,"damage_taken":0.0},{"cards_removed":["Strike_B"],"damage_healed":0.0,"max_hp_gain":0.0,"max_hp_loss":0.0,"gold_gain":0.0,"event_name":"Golden Wing","player_choice":"Card Removal","floor":13.0,"gold_loss":0.0,"damage_taken":7.0},{"damage_healed":0,"gold_gain":0,"player_choice":"Ignored","damage_taken":0,"max_hp_gain":0,"max_hp_loss":0,"event_name":"Vampires","floor":21,"gold_loss":0},{"damage_healed":0,"gold_gain":0,"player_choice":"Ignored","damage_taken":0,"max_hp_gain":0,"max_hp_loss":0,"event_name":"The Mausoleum","floor":22,"gold_loss":0},{"cards_removed":["Go for the Eyes"],"damage_healed":0,"gold_gain":0,"player_choice":"Gave Card","damage_taken":0,"relics_obtained":["War Paint"],"max_hp_gain":0,"max_hp_loss":0,"event_name":"WeMeetAgain","floor":27,"gold_loss":0},{"damage_healed":0,"gold_gain":0,"cards_transformed":["Strike_B"],"player_choice":"Transformed","damage_taken":0,"max_hp_gain":0,"max_hp_loss":0,"event_name":"Transmorgrifier","floor":37,"gold_loss":0,"cards_obtained":["Meteor Strike"]},{"cards_removed":["Strike_B"],"damage_healed":0,"gold_gain":0,"player_choice":"Removed Attack","damage_taken":0,"max_hp_gain":0,"max_hp_loss":0,"event_name":"Falling","floor":44,"gold_loss":0},{"damage_healed":0,"gold_gain":0,"player_choice":"Max HP","damage_taken":0,"max_hp_gain":0,"max_hp_loss":4,"event_name":"Winding Halls","floor":45,"gold_loss":0}],"is_beta":false,"boss_relics":[{"not_picked":["Sozu","Fusion Hammer"],"picked":"Snecko Eye"},{"not_picked":["Inserter","Coffee Dripper"],"picked":"Black Star"}],"items_purged_floors":[],"is_endless":false,"potions_floor_spawned":[3,8,10,11,14,18,20,29,35,42],"ascension_level":7}