{"gold_per_floor":[118,131,147,117,130,130,157,168,168,78,113,123,123,123,123,217,217,237,260,260,276,1,1],"floor_reached":23,"playtime":1167,"items_purged":["Strike_B"],"score":355,"play_id":"e612a0e0-106c-4927-80cb-f1cda00c392c","local_time":"20190216173456","is_ascension_mode":true,"campfire_choices":[{"data":"Sunder","floor":6,"key":"SMITH"},{"data":"Blind","floor":13,"key":"SMITH"},{"data":"Zap","floor":15,"key":"SMITH"}],"neow_cost":"NONE","seed_source_timestamp":23671925461700,"circlet_count":0,"master_deck":["AscendersBane","Defend_B","Defend_B","Defend_B","Defend_B","Zap+1","Dualcast","Conserve Battery","Rebound","Sunder+1","Go for the Eyes","Conserve Battery","Blind+1","Creative AI","Hologram+1","Electrodynamics","Steam Power+1","Ball Lightning+1","Compile Driver+1","Conserve Battery+1","Double Energy+1"],"relics":["Cracked Core","NeowsBlessing","Blue Candle","Bottled Flame","Toxic Egg 2","Golden Idol","Astrolabe","Art of War"],"potions_floor_usage":[7,11,16,16],"damage_taken":[{"damage":0,"enemies":"Cultist","floor":1,"turns":1},{"damage":0,"enemies":"Jaw Worm","floor":2,"turns":1},{"damage":0,"enemies":"2 Louse","floor":3,"turns":1},{"damage":0,"enemies":"2 Fungi Beasts","floor":5,"turns":2},{"damage":5,"enemies":"Gremlin Nob","floor":7,"turns":3},{"damage":1,"enemies":"Large Slime","floor":8,"turns":6},{"damage":25,"enemies":"Lagavulin","floor":11,"turns":8},{"damage":0,"enemies":"Red Slaver","floor":12,"turns":3},{"damage":14,"enemies":"The Guardian","floor":16,"turns":10},{"damage":0,"enemies":"3 Byrds","floor":18,"turns":4},{"damage":4,"enemies":"2 Thieves","floor":19,"turns":5},{"damage":47,"enemies":"Sentry and Sphere","floor":21,"turns":8},{"damage":6,"enemies":"Gremlin Leader","floor":23,"turns":2}],"seed_played":"-4134917348811267941","potions_obtained":[{"floor":2,"key":"Swift Potion"},{"floor":4,"key":"Fire Potion"},{"floor":4,"key":"Regen Potion"},{"floor":7,"key":"SpeedPotion"},{"floor":12,"key":"Ancient Potion"}],"is_trial":false,"path_per_floor":["M","M","M","?","M","R","E","M","T","$","E","M","R","?","R","B",null,"M","M","?","M","$","E"],"character_chosen":"DEFECT","items_purchased":["Blind","Art of War","Explosive Potion"],"campfire_rested":0,"item_purchase_floors":[10,22,22],"current_hp_per_floor":[64,64,64,64,64,64,59,58,58,58,48,48,48,24,24,10,56,56,52,52,5,5,0],"gold":1,"neow_bonus":"THREE_ENEMY_KILL","is_prod":false,"is_daily":false,"chose_seed":false,"campfire_upgraded":3,"win_rate":0,"timestamp":1550291696,"path_taken":["M","?","M","?","?","R","E","M","T","?","E","M","R","?","R","BOSS","M","M","?","M","$","E"],"build_version":"2019-01-23","purchased_purges":1,"victory":false,"max_hp_per_floor":[71,71,71,71,71,71,71,71,71,71,71,71,71,71,71,71,71,71,71,71,71,71,71],"card_choices":[{"not_picked":["Compile Driver","Darkness"],"picked":"Conserve Battery","floor":1},{"not_picked":["Coolheaded","Hello World"],"picked":"Rebound","floor":2},{"not_picked":["Lockon","FTL"],"picked":"Sunder","floor":3},{"not_picked":["Compile Driver","Leap"],"picked":"Go for the Eyes","floor":5},{"not_picked":["Blizzard","Stack"],"picked":"Conserve Battery","floor":7},{"not_picked":["Hello World","Recycle","Stack"],"picked":"SKIP","floor":8},{"not_picked":["Gash","Steam"],"picked":"Creative AI","floor":11},{"not_picked":["Sweeping Beam","Heatsinks"],"picked":"Hologram+1","floor":12},{"not_picked":["Reboot+1","Rainbow+1"],"picked":"Electrodynamics","floor":16},{"not_picked":["Beam Cell","Rebound+1"],"picked":"Conserve Battery+1","floor":18},{"not_picked":["Sweeping Beam","Beam Cell"],"picked":"Double Energy+1","floor":19},{"not_picked":["Sweeping Beam","Stack+1","Gash"],"picked":"SKIP","floor":21}],"player_experience":266657,"relics_obtained":[{"floor":7,"key":"Blue Candle"},{"floor":9,"key":"Bottled Flame"},{"floor":11,"key":"Toxic Egg 2"}],"event_choices":[{"damage_healed":0,"gold_gain":0,"player_choice":"Bought 2 Potions","damage_taken":0,"max_hp_gain":0,"max_hp_loss":0,"event_name":"The Woman in Blue","floor":4,"gold_loss":0},{"damage_healed":0,"gold_gain":0,"player_choice":"Take Damage","damage_taken":24,"relics_obtained":["Golden Idol"],"max_hp_gain":0,"max_hp_loss":0,"event_name":"Golden Idol","floor":14,"gold_loss":0},{"damage_healed":0,"gold_gain":0,"player_choice":"Ignored","damage_taken":0,"max_hp_gain":0,"max_hp_loss":0,"event_name":"Ghosts","floor":20,"gold_loss":0}],"is_beta":false,"boss_relics":[{"not_picked":["Velvet Choker","Pandora\u0027s Box"],"picked":"Astrolabe"}],"items_purged_floors":[22],"is_endless":false,"potions_floor_spawned":[2,7,12],"killed_by":"Gremlin Leader","ascension_level":15}