{"gold_per_floor":[112,112,127,49,49,49,85,85,85,85,85,85,121,147,159,262,274,301,238,275,287,424,436,195,195,247,281,304,304,343,363,363,458,458,474,90,108,108,131,131,171,171,195,195,234,234,21,146,146,146,146,146,146,21,57,57],"floor_reached":57,"playtime":5337,"items_purged":["Writhe","Strike_B","Defend_B"],"score":2800,"play_id":"2e513a99-c3ce-46e0-b957-8d9765091e2f","local_time":"20190228151157","is_ascension_mode":true,"campfire_choices":[{"floor":6,"key":"REST"},{"data":"Zap","floor":8,"key":"SMITH"},{"data":"Darkness","floor":10,"key":"SMITH"},{"data":"Dualcast","floor":12,"key":"SMITH"},{"floor":15,"key":"REST"},{"data":"Biased Cognition","floor":23,"key":"SMITH"},{"data":"Blind","floor":25,"key":"SMITH"},{"data":"Reinforced Body","floor":29,"key":"SMITH"},{"data":"Hologram","floor":32,"key":"SMITH"},{"data":"Turbo","floor":40,"key":"SMITH"},{"data":"Multi-Cast","floor":42,"key":"SMITH"},{"floor":44,"key":"RECALL"},{"data":"Hologram","floor":46,"key":"SMITH"},{"data":"Skim","floor":49,"key":"SMITH"},{"data":"Undo","floor":53,"key":"SMITH"}],"neow_cost":"PERCENT_DAMAGE","seed_source_timestamp":5885538951667,"circlet_count":0,"master_deck":["AscendersBane","Defend_B","Defend_B","Defend_B","Zap+1","Dualcast+1","Gash","All For One","Gash","Glacier","Darkness+1","Electrodynamics","Reinforced Body+1","Biased Cognition+1","Auto Shields+1","Undo+1","Rebound+1","Go for the Eyes+1","Blind+1","Cold Snap+1","Hologram+1","Multi-Cast+1","Turbo+1","Self Repair+1","Gash+1","Go for the Eyes+1","Skim+1","Hologram+1","Capacitor+1","Consume"],"relics":["Cracked Core","Golden Idol","DataDisk","Centennial Puzzle","Symbiotic Virus","MawBank","Sozu","PreservedInsect","Ginger","Molten Egg 2","Gremlin Horn","Regal Pillow","Eternal Feather","ClockworkSouvenir","Pear","Orichalcum","Bag of Preparation","OrangePellets","Unceasing Top","Vajra"],"potions_floor_usage":[7,22,55],"damage_taken":[{"damage":0,"enemies":"Small Slimes","floor":1,"turns":3},{"damage":3,"enemies":"2 Louse","floor":3,"turns":3},{"damage":12,"enemies":"Lagavulin","floor":7,"turns":8},{"damage":2,"enemies":"Gremlin Nob","floor":13,"turns":3},{"damage":12,"enemies":"Jaw Worm","floor":14,"turns":2},{"damage":9,"enemies":"The Guardian","floor":16,"turns":12},{"damage":6,"enemies":"3 Byrds","floor":18,"turns":4},{"damage":1,"enemies":"Spheric Guardian","floor":20,"turns":3},{"damage":22,"enemies":"Colosseum Slavers","floor":22,"turns":3},{"damage":4,"enemies":"Colosseum Nobs","floor":22,"turns":3},{"damage":0,"enemies":"Slavers","floor":27,"turns":4},{"damage":0,"enemies":"Snake Plant","floor":28,"turns":3},{"damage":0,"enemies":"Gremlin Leader","floor":30,"turns":6},{"damage":0,"enemies":"3 Cultists","floor":31,"turns":4},{"damage":24,"enemies":"Champ","floor":33,"turns":13},{"damage":1,"enemies":"3 Shapes","floor":35,"turns":3},{"damage":1,"enemies":"Orb Walker","floor":37,"turns":2},{"damage":5,"enemies":"Transient","floor":39,"turns":6},{"damage":34,"enemies":"Giant Head","floor":41,"turns":8},{"damage":11,"enemies":"Reptomancer","floor":45,"turns":5},{"damage":0,"enemies":"Mind Bloom Boss Battle","floor":48,"turns":4},{"damage":5,"enemies":"Awakened One","floor":50,"turns":13},{"damage":8,"enemies":"Donu and Deca","floor":51,"turns":8},{"damage":49,"enemies":"Shield and Spear","floor":55,"turns":4},{"damage":47,"enemies":"The Heart","floor":56,"turns":11}],"seed_played":"-2494496060005514068","potions_obtained":[{"floor":1,"key":"Poison Potion"},{"floor":7,"key":"FearPotion"},{"floor":13,"key":"FearPotion"}],"is_trial":false,"path_per_floor":["M","?","M","$","?","R","E","R","T","R","?","R","E","M","R","B",null,"M","?","M","?","?","R","$","R","T","E","M","R","E","M","R","B",null,"M","$","M","?","M","R","E","R","T","R","E","R","$","?","R","B","B",null,"R","$","E","B",null],"character_chosen":"DEFECT","items_purchased":["Glacier","Go for the Eyes+1","Blind","Cold Snap+1","Turbo","ClockworkSouvenir","OrangePellets"],"campfire_rested":2,"item_purchase_floors":[4,24,24,24,36,36,47],"current_hp_per_floor":[60,60,57,57,28,53,41,41,41,41,36,36,34,22,47,38,73,67,67,66,66,40,40,40,40,40,40,40,40,40,40,40,16,68,67,67,66,66,61,76,62,77,77,92,91,95,95,95,95,90,92,94,95,95,56,19],"gold":57,"neow_bonus":"TWENTY_PERCENT_HP_BONUS","is_prod":false,"is_daily":false,"chose_seed":false,"campfire_upgraded":12,"win_rate":0,"timestamp":1551319917,"path_taken":["M","?","M","$","?","R","E","R","T","R","?","R","E","M","R","BOSS","M","?","M","?","?","R","$","R","T","E","M","R","E","M","R","BOSS","M","$","M","?","M","R","E","R","T","R","E","R","?","?","R","BOSS","BOSS","R","$","E","BOSS"],"build_version":"2019-01-23","purchased_purges":3,"victory":true,"max_hp_per_floor":[85,85,85,85,85,85,85,85,85,85,85,85,85,85,85,85,85,85,85,85,85,85,85,85,85,85,85,85,85,85,85,85,85,85,85,85,85,85,85,85,95,95,95,95,95,95,95,95,95,95,95,95,95,95,95,95],"card_choices":[{"not_picked":["Heatsinks","Steam"],"picked":"Gash","floor":1},{"not_picked":["Streamline","White Noise"],"picked":"Gash","floor":3},{"not_picked":["Stack","Coolheaded"],"picked":"Darkness","floor":7},{"not_picked":["Darkness","Coolheaded"],"picked":"Electrodynamics","floor":13},{"not_picked":["Steam Power","Compile Driver"],"picked":"Reinforced Body","floor":14},{"not_picked":["Rainbow","Machine Learning"],"picked":"Biased Cognition","floor":16},{"not_picked":["Compile Driver","Tempest"],"picked":"Auto Shields+1","floor":18},{"not_picked":["Fusion+1","Stack"],"picked":"Undo","floor":20},{"not_picked":["Hello World","Cold Snap"],"picked":"Rebound+1","floor":22},{"not_picked":["White Noise","Barrage+1","Redo"],"picked":"SKIP","floor":27},{"not_picked":["Sunder+1","Barrage+1","Force Field"],"picked":"SKIP","floor":28},{"not_picked":["Rebound+1","Aggregate","Chaos"],"picked":"SKIP","floor":30},{"not_picked":["Heatsinks","Cold Snap+1"],"picked":"Hologram","floor":31},{"not_picked":["Hyperbeam+1","Rainbow"],"picked":"Multi-Cast","floor":33},{"not_picked":["Barrage+1","Scrape+1","Streamline+1"],"picked":"SKIP","floor":35},{"not_picked":["Stack","Aggregate"],"picked":"Self Repair+1","floor":37},{"not_picked":["Melter+1","Darkness"],"picked":"Go for the Eyes+1","floor":39},{"not_picked":["Hologram","Hyperbeam+1"],"picked":"Skim","floor":41},{"not_picked":["Sweeping Beam+1","Gash+1"],"picked":"Hologram","floor":45},{"not_picked":["Go for the Eyes+1","Streamline+1"],"picked":"Capacitor+1","floor":48},{"not_picked":["Leap","Barrage+1"],"picked":"Consume","floor":55}],"player_experience":472594,"relics_obtained":[{"floor":7,"key":"DataDisk"},{"floor":9,"key":"Centennial Puzzle"},{"floor":13,"key":"MawBank"},{"floor":22,"key":"Ginger"},{"floor":22,"key":"Molten Egg 2"},{"floor":27,"key":"Gremlin Horn"},{"floor":30,"key":"Regal Pillow"},{"floor":41,"key":"Pear"},{"floor":43,"key":"Orichalcum"},{"floor":45,"key":"Bag of Preparation"},{"floor":48,"key":"Unceasing Top"},{"floor":55,"key":"Vajra"}],"event_choices":[{"damage_healed":0,"gold_gain":0,"cards_transformed":["Strike_B"],"player_choice":"Change","damage_taken":0,"max_hp_gain":0,"max_hp_loss":0,"event_name":"Living Wall","floor":2,"gold_loss":0,"cards_obtained":["All For One"]},{"damage_healed":0,"gold_gain":0,"player_choice":"Take Damage","damage_taken":29,"relics_obtained":["Golden Idol"],"max_hp_gain":0,"max_hp_loss":0,"event_name":"Golden Idol","floor":5,"gold_loss":0},{"damage_healed":0,"gold_gain":0,"player_choice":"Success","damage_taken":5,"relics_obtained":["Symbiotic Virus"],"max_hp_gain":0,"max_hp_loss":0,"event_name":"Scrap Ooze","floor":11,"gold_loss":0},{"cards_removed":["Strike_B"],"damage_healed":0,"gold_gain":0,"player_choice":"Gave Gold","damage_taken":0,"max_hp_gain":0,"max_hp_loss":0,"event_name":"Beggar","floor":19,"gold_loss":75},{"damage_healed":0,"gold_gain":0,"player_choice":"Opened","damage_taken":0,"relics_obtained":["PreservedInsect"],"max_hp_gain":0,"max_hp_loss":0,"event_name":"The Mausoleum","floor":21,"gold_loss":0,"cards_obtained":["Writhe"]},{"damage_healed":0,"gold_gain":0,"player_choice":"Fight","damage_taken":0,"max_hp_gain":0,"max_hp_loss":0,"event_name":"Colosseum","floor":22,"gold_loss":0},{"damage_healed":0,"gold_gain":0,"player_choice":"Fought Nobs","damage_taken":0,"max_hp_gain":0,"max_hp_loss":0,"event_name":"Colosseum","floor":22,"gold_loss":0},{"damage_healed":0,"gold_gain":0,"cards_transformed":["Strike_B"],"player_choice":"Transformed","damage_taken":0,"max_hp_gain":0,"max_hp_loss":0,"event_name":"Transmorgrifier","floor":38,"gold_loss":0,"cards_obtained":["Gash"]},{"damage_healed":0,"gold_gain":0,"player_choice":"Fight","damage_taken":0,"max_hp_gain":0,"max_hp_loss":0,"event_name":"MindBloom","floor":48,"gold_loss":0}],"is_beta":false,"boss_relics":[{"not_picked":["Empty Cage","Runic Dome"],"picked":"Sozu"},{"not_picked":["Orrery","Coffee Dripper"],"picked":"Eternal Feather"}],"items_purged_floors":[24,36,54],"is_endless":false,"potions_floor_spawned":[1,7,13,18,20,22,27,28,35,37,48,55],"ascension_level":20}