{"gold_per_floor":[218,268,281,0,0,0,34,46,105,132,144,167,205,236,248,337,349,371,383,395,45,60,60,73,73,73,93,111,36,67,67,67,145,145,161,161,141,141,141,141,241,272,272,299,311,44,44,57,57,57,57,57,57,7,40,40],"floor_reached":57,"playtime":3368,"items_purged":["Strike_G","Strike_G","Injury"],"score":2722,"play_id":"117960e2-34c6-4222-9933-6400df9602ff","local_time":"20190301211422","is_ascension_mode":true,"campfire_choices":[{"data":"Poisoned Stab","floor":6.0,"key":"SMITH"},{"data":"Crippling Poison","floor":8.0,"key":"SMITH"},{"floor":11.0,"key":"REST"},{"data":"Noxious Fumes","floor":15.0,"key":"SMITH"},{"data":"Corpse Explosion","floor":23.0,"key":"SMITH"},{"data":"Catalyst","floor":25.0,"key":"SMITH"},{"floor":32.0,"key":"REST"},{"data":"Wraith Form v2","floor":40,"key":"SMITH"},{"data":"Well Laid Plans","floor":47,"key":"SMITH"},{"floor":49,"key":"RECALL"},{"floor":53,"key":"REST"}],"neow_cost":"NONE","seed_source_timestamp":0,"circlet_count":0,"master_deck":["AscendersBane","Defend_G","Defend_G","Defend_G","Defend_G","Defend_G","Strike_G","Strike_G","Survivor","Neutralize+1","Poisoned Stab+1","Crippling Poison+1","Bane","Catalyst+1","Dagger Spray","Noxious Fumes+1","Catalyst+1","Backflip","Corpse Explosion+1","PiercingWail+1","Catalyst+1","Escape Plan+1","Cloak And Dagger+1","Backflip+1","Dodge and Roll+1","Wraith Form v2+1","Bandage Up+1","Clumsy","Prepared+1","Backflip+1","Well Laid Plans+1","Acrobatics+1"],"special_seed":0,"relics":["Ring of the Snake","Snake Skull","MawBank","Juzu Bracelet","Oddly Smooth Stone","Cursed Key","Toxic Egg 2","Mummified Hand","Smiling Mask","Philosopher\u0027s Stone","Nunchaku","Anchor","Strawberry","Mercury Hourglass"],"potions_floor_usage":[44,51,56],"damage_taken":[{"damage":5.0,"enemies":"Jaw Worm","floor":1.0,"turns":7.0},{"damage":1.0,"enemies":"Cultist","floor":3.0,"turns":4.0},{"damage":27.0,"enemies":"3 Sentries","floor":7.0,"turns":11.0},{"damage":0.0,"enemies":"Small Slimes","floor":10.0,"turns":3.0},{"damage":6.0,"enemies":"Looter","floor":12.0,"turns":4.0},{"damage":10.0,"enemies":"Lagavulin","floor":13.0,"turns":6.0},{"damage":3.0,"enemies":"Gremlin Gang","floor":14.0,"turns":3.0},{"damage":8.0,"enemies":"Hexaghost","floor":16.0,"turns":7.0},{"damage":14.0,"enemies":"2 Thieves","floor":18.0,"turns":3.0},{"damage":3.0,"enemies":"Shell Parasite","floor":22.0,"turns":3.0},{"damage":6.0,"enemies":"Centurion and Healer","floor":24.0,"turns":4.0},{"damage":6.0,"enemies":"Sentry and Sphere","floor":27.0,"turns":4.0},{"damage":4.0,"enemies":"3 Cultists","floor":28.0,"turns":4.0},{"damage":16.0,"enemies":"Slavers","floor":30.0,"turns":2.0},{"damage":13.0,"enemies":"Champ","floor":33.0,"turns":4.0},{"damage":0.0,"enemies":"3 Darklings","floor":35.0,"turns":2.0},{"damage":0,"enemies":"Mind Bloom Boss Battle","floor":41,"turns":3},{"damage":0,"enemies":"Giant Head","floor":42,"turns":3},{"damage":4,"enemies":"Nemesis","floor":44,"turns":5},{"damage":0,"enemies":"3 Shapes","floor":45,"turns":5},{"damage":0,"enemies":"Writhing Mass","floor":48,"turns":3},{"damage":52,"enemies":"Time Eater","floor":50,"turns":11},{"damage":17,"enemies":"Awakened One","floor":51,"turns":17},{"damage":28,"enemies":"Shield and Spear","floor":55,"turns":5},{"damage":51,"enemies":"The Heart","floor":56,"turns":7}],"seed_played":"-5126077408826244236","potions_obtained":[{"floor":7.0,"key":"LiquidBronze"},{"floor":14.0,"key":"FairyPotion"},{"floor":16.0,"key":"Regen Potion"},{"floor":30.0,"key":"SkillPotion"},{"floor":35.0,"key":"Block Potion"},{"floor":44,"key":"Block Potion"}],"is_trial":false,"path_per_floor":["M","?","M","$","?","R","E","R","T","M","R","M","E","M","R","B",null,"M","?","?","$","M","R","M","R","T","M","M","?","E","T","R","B",null,"M","?","?","?","?","R","?","E","T","E","M","$","R","M","R","B","B",null,"R","$","E","B",null],"character_chosen":"THE_SILENT","items_purchased":["Snake Skull","Bane","Catalyst","Toxic Egg 2","Well Laid Plans","Acrobatics+1","GhostInAJar"],"campfire_rested":3,"item_purchase_floors":[4,4,4,21,46,46,46],"current_hp_per_floor":[54,48,47,47,47,47,20,20,20,20,39,33,23,20,20,12,53,39,39,39,39,36,36,44,44,44,38,34,34,18,18,37,24,56,56,56,56,56,56,56,62,63,63,66,70,70,70,70,70,24,13,56,70,70,48,3],"gold":40,"neow_bonus":"HUNDRED_GOLD","is_prod":false,"is_daily":false,"chose_seed":false,"campfire_upgraded":7,"win_rate":0,"timestamp":1551428062,"path_taken":["M","?","?","$","?","R","E","R","T","M","R","M","E","M","R","BOSS","M","?","?","?","M","R","M","R","T","M","M","?","E","?","R","BOSS","M","?","?","?","?","R","?","E","T","E","M","$","R","M","R","BOSS","BOSS","R","$","E","BOSS"],"build_version":"2019-01-23","purchased_purges":3,"victory":true,"max_hp_per_floor":[66,66,66,66,66,66,66,66,66,66,66,66,66,66,66,66,66,66,66,66,66,66,66,66,66,66,66,66,66,66,66,66,66,66,66,66,66,66,63,63,63,63,63,70,70,70,70,70,70,70,70,70,70,70,70,70],"card_choices":[{"not_picked":["Dagger Throw","Infinite Blades"],"picked":"Poisoned Stab","floor":1.0},{"not_picked":["Sucker Punch","Outmaneuver"],"picked":"Crippling Poison","floor":3.0},{"not_picked":["Dagger Throw","Bane","Distraction"],"picked":"SKIP","floor":7.0},{"not_picked":["Blade Dance","A Thousand Cuts"],"picked":"Dagger Spray","floor":10.0},{"not_picked":["Skewer","Blade Dance"],"picked":"Noxious Fumes","floor":12.0},{"not_picked":["Leg Sweep","Footwork"],"picked":"Catalyst","floor":13.0},{"not_picked":["Caltrops","Slice"],"picked":"Backflip","floor":14.0},{"not_picked":["Tools of the Trade","Storm of Steel"],"picked":"Corpse Explosion","floor":16.0},{"not_picked":["Deflect","Bane"],"picked":"PiercingWail+1","floor":18.0},{"not_picked":["Finisher","Bane","Poisoned Stab"],"picked":"SKIP","floor":22.0},{"not_picked":["Endless Agony","Poisoned Stab"],"picked":"Escape Plan+1","floor":24.0},{"not_picked":["Expertise+1","Bane"],"picked":"Cloak And Dagger+1","floor":27.0},{"not_picked":["Dodge and Roll+1","Reflex+1"],"picked":"Backflip+1","floor":28.0},{"not_picked":["Grand Finale","Cloak And Dagger+1"],"picked":"Dodge and Roll+1","floor":30.0},{"not_picked":["Die Die Die","After Image"],"picked":"Wraith Form v2","floor":33.0},{"not_picked":["Quick Slash","Flechettes","Flying Knee"],"picked":"SKIP","floor":35.0},{"not_picked":["Chrysalis+1","Transmutation+1"],"picked":"Bandage Up+1","floor":36.0},{"not_picked":["Backstab+1","Caltrops+1","Poisoned Stab"],"picked":"SKIP","floor":42},{"not_picked":["Backstab+1","Caltrops+1","Poisoned Stab"],"picked":"SKIP","floor":42},{"not_picked":["Dagger Spray","Sucker Punch"],"picked":"Prepared+1","floor":44},{"not_picked":["Dodge and Roll+1","Bane"],"picked":"Backflip+1","floor":45},{"not_picked":["Slice+1","Terror+1","Quick Slash"],"picked":"SKIP","floor":48},{"not_picked":["Flying Knee","Reflex+1","Blade Dance+1"],"picked":"SKIP","floor":55}],"player_experience":535108,"relics_obtained":[{"floor":7.0,"key":"MawBank"},{"floor":9.0,"key":"Juzu Bracelet"},{"floor":13.0,"key":"Oddly Smooth Stone"},{"floor":26.0,"key":"Mummified Hand"},{"floor":30.0,"key":"Smiling Mask"},{"floor":41,"key":"Nunchaku"},{"floor":42,"key":"Anchor"},{"floor":44,"key":"Strawberry"},{"floor":55,"key":"Mercury Hourglass"}],"event_choices":[{"damage_healed":0.0,"max_hp_gain":0.0,"max_hp_loss":0.0,"gold_gain":50.0,"event_name":"FaceTrader","player_choice":"Touch","floor":2.0,"gold_loss":0.0,"damage_taken":6.0},{"damage_healed":0.0,"max_hp_gain":0.0,"max_hp_loss":0.0,"gold_gain":0.0,"event_name":"Living Wall","player_choice":"Grow","floor":5.0,"gold_loss":0.0,"damage_taken":0.0,"cards_upgraded":["Catalyst"]},{"damage_healed":0.0,"max_hp_gain":0.0,"max_hp_loss":0.0,"gold_gain":0.0,"event_name":"Accursed Blacksmith","player_choice":"Forge","floor":19.0,"gold_loss":0.0,"damage_taken":0.0,"cards_upgraded":["Neutralize"]},{"damage_healed":0.0,"max_hp_gain":0.0,"max_hp_loss":0.0,"gold_gain":0.0,"event_name":"Duplicator","player_choice":"Copied","floor":20.0,"gold_loss":0.0,"damage_taken":0.0,"cards_obtained":["Catalyst"]},{"cards_removed":["Strike_G"],"damage_healed":0.0,"max_hp_gain":0.0,"max_hp_loss":0.0,"gold_gain":0.0,"event_name":"Beggar","player_choice":"Gave Gold","floor":29.0,"gold_loss":75.0,"damage_taken":0.0},{"damage_healed":0.0,"max_hp_gain":0.0,"max_hp_loss":0.0,"gold_gain":0.0,"event_name":"SensoryStone","player_choice":"Memory 1","floor":36.0,"gold_loss":0.0,"damage_taken":0.0},{"damage_healed":0.0,"max_hp_gain":0.0,"max_hp_loss":0.0,"gold_gain":0.0,"event_name":"The Woman in Blue","player_choice":"Bought 1 Potion","floor":37.0,"gold_loss":0.0,"damage_taken":0.0},{"damage_healed":0,"gold_gain":0,"player_choice":"Ignored","damage_taken":0,"max_hp_gain":0,"max_hp_loss":0,"event_name":"Mysterious Sphere","floor":38,"gold_loss":0},{"damage_healed":0,"gold_gain":0,"player_choice":"Max HP","damage_taken":0,"max_hp_gain":0,"max_hp_loss":3,"event_name":"Winding Halls","floor":39,"gold_loss":0},{"damage_healed":0,"gold_gain":0,"player_choice":"Fight","damage_taken":0,"max_hp_gain":0,"max_hp_loss":0,"event_name":"MindBloom","floor":41,"gold_loss":0}],"is_beta":false,"boss_relics":[{"not_picked":["Snecko Eye","HoveringKite"],"picked":"Cursed Key"},{"not_picked":["WristBlade","Pandora\u0027s Box"],"picked":"Philosopher\u0027s Stone"}],"items_purged_floors":[21,46,54],"is_endless":false,"potions_floor_spawned":[7,14,16,30,33,35,42,44],"ascension_level":20}