{"gold_per_floor":[114,64,64,64,164,180,180,197,197,122,122,139,39,49,49,149,149,162,162,87,103,122,45,74,74,127,2,2,18,18,18,18,113,113,128,128,128,147,159,159,191,191,214,231,260,274,274,374,374,374],"floor_reached":50,"playtime":699,"items_purged":["Injury","Defend_R","Defend_R"],"score":583,"play_id":"020928df-f71a-4f4f-ab6e-5b3259ba109d","local_time":"20180703232344","is_ascension_mode":false,"campfire_choices":[{"data":"Flex","floor":7,"key":"SMITH"},{"data":"Spot Weakness","floor":11,"key":"SMITH"},{"data":"Heavy Blade","floor":15,"key":"SMITH"},{"data":"Immolate","floor":25,"key":"SMITH"},{"data":"Whirlwind","floor":28,"key":"SMITH"},{"data":"Double Tap","floor":32,"key":"SMITH"},{"data":"Heavy Blade","floor":40,"key":"SMITH"},{"data":"Flex","floor":42,"key":"SMITH"},{"floor":49,"key":"REST"}],"neow_cost":"NONE","seed_source_timestamp":79885065943848,"circlet_count":0,"master_deck":["Strike_R","Strike_R","Strike_R","Strike_R+1","Bash+1","Flex+1","Spot Weakness+1","Heavy Blade+1","Whirlwind+1","Immolate+1","Spot Weakness","Heavy Blade+1","Seeing Red","Flex+1","Double Tap+1","Clash","Mind Blast","Carnage+1","Madness","Madness"],"relics":["Burning Blood","NeowsBlessing","Pen Nib","Pantograph","Philosopher\u0027s Stone","Bottled Flame","Whetstone","Meat on the Bone","Snecko Eye","Pear","Lantern","Oddly Smooth Stone"],"potions_floor_usage":[12,33,50,50,50],"damage_taken":[{"damage":0,"enemies":"Jaw Worm","floor":1,"turns":1},{"damage":0,"enemies":"2 Louse","floor":6,"turns":1},{"damage":0,"enemies":"Small Slimes","floor":8,"turns":1},{"damage":17,"enemies":"Exordium Thugs","floor":12,"turns":3},{"damage":11,"enemies":"Lots of Slimes","floor":14,"turns":4},{"damage":64,"enemies":"Hexaghost","floor":16,"turns":5},{"damage":27,"enemies":"2 Thieves","floor":18,"turns":3},{"damage":14,"enemies":"Chosen","floor":21,"turns":2},{"damage":12,"enemies":"Sentry and Sphere","floor":22,"turns":3},{"damage":8,"enemies":"Gremlin Leader","floor":24,"turns":5},{"damage":14,"enemies":"Chosen and Byrds","floor":29,"turns":3},{"damage":61,"enemies":"Collector","floor":33,"turns":6},{"damage":0,"enemies":"Flame Bruiser 1 Orb","floor":35,"turns":2},{"damage":12,"enemies":"Orb Walker","floor":38,"turns":2},{"damage":22,"enemies":"3 Darklings","floor":39,"turns":2},{"damage":30,"enemies":"Giant Head","floor":41,"turns":5},{"damage":7,"enemies":"Maw","floor":44,"turns":4},{"damage":34,"enemies":"2 Orb Walkers","floor":45,"turns":2},{"damage":0,"enemies":"Flame Bruiser 2 Orb","floor":46,"turns":2},{"damage":78,"enemies":"Donu and Deca","floor":50,"turns":4}],"seed_played":"6296885168338159482","potions_obtained":[{"floor":6,"key":"Fruit Juice"},{"floor":12,"key":"EssenceOfSteel"},{"floor":18,"key":"LiquidBronze"},{"floor":21,"key":"AttackPotion"},{"floor":41,"key":"Block Potion"}],"is_trial":false,"path_per_floor":["M","?","?","?","?","M","R","M","T","$","R","M","$","M","R","B",null,"M","?","?","M","M","$","E","R","T","$","R","M","T","?","R","B",null,"M","?","?","M","M","R","E","R","T","M","E","M","?","?","R"],"character_chosen":"IRONCLAD","items_purchased":["Seeing Red"],"campfire_rested":1,"item_purchase_floors":[23],"current_hp_per_floor":[80,80,73,73,73,79,79,80,80,80,80,74,74,69,69,27,85,64,64,64,56,50,50,48,48,48,48,48,40,40,40,40,22,85,85,85,85,79,63,63,61,61,61,60,44,62,50,50,78,17],"gold":374,"neow_bonus":"THREE_ENEMY_KILL","is_prod":false,"is_daily":false,"chose_seed":false,"campfire_upgraded":8,"win_rate":0,"timestamp":1530685424,"path_taken":["M","?","?","?","?","M","R","M","T","$","R","M","?","M","R","BOSS","M","?","?","M","M","$","E","R","T","$","R","?","?","?","R","BOSS","M","?","?","?","M","R","E","R","T","M","E","?","?","?","R","BOSS"],"build_version":"2018-07-02","purchased_purges":3,"victory":false,"max_hp_per_floor":[80,80,80,80,80,80,80,80,80,80,80,85,85,85,85,85,85,85,85,85,85,85,85,85,85,85,85,85,85,85,85,85,85,85,85,85,85,85,85,85,95,95,95,95,95,95,95,95,95,95],"card_choices":[{"not_picked":["Body Slam","True Grit"],"picked":"Flex","floor":1},{"not_picked":["Clash","Battle Trance"],"picked":"Spot Weakness","floor":6},{"not_picked":["Feed","True Grit"],"picked":"Heavy Blade","floor":12},{"not_picked":["Wild Strike","True Grit"],"picked":"Whirlwind","floor":14},{"not_picked":["Dark Embrace","Bludgeon"],"picked":"Immolate","floor":16},{"not_picked":["Burning Pact","Armaments+1"],"picked":"Spot Weakness","floor":18},{"not_picked":["Armaments","True Grit+1"],"picked":"Heavy Blade","floor":21},{"not_picked":["Disarm+1","Seeing Red"],"picked":"Flex","floor":24},{"not_picked":["Second Wind","Perfected Strike+1"],"picked":"Double Tap","floor":29},{"not_picked":["PanicButton","Dramatic Entrance"],"picked":"Mind Blast","floor":36},{"not_picked":["Armaments+1","Wild Strike"],"picked":"Carnage+1","floor":38}],"player_experience":482663,"relics_obtained":[{"floor":9,"key":"Pantograph"},{"floor":24,"key":"Bottled Flame"},{"floor":26,"key":"Whetstone"},{"floor":30,"key":"Meat on the Bone"},{"floor":41,"key":"Pear"},{"floor":43,"key":"Lantern"},{"floor":45,"key":"Oddly Smooth Stone"}],"event_choices":[{"event_name":"The Cleric","player_choice":"Card Removal","floor":2,"damage_taken":0},{"event_name":"Scrap Ooze","player_choice":"success","floor":3,"damage_taken":7},{"event_name":"Accursed Blacksmith","player_choice":"Forge","floor":4,"damage_taken":0},{"event_name":"Golden Shrine","player_choice":"Pray","floor":5,"damage_taken":0},{"event_name":"The Woman in Blue","player_choice":"Bought 0 Potions","floor":19,"damage_taken":0},{"event_name":"Beggar","player_choice":"Gave Gold","floor":20,"damage_taken":0},{"event_name":"The Library","player_choice":"Read","floor":31,"damage_taken":0},{"event_name":"SensoryStone","player_choice":"Memory 1","floor":36,"damage_taken":0},{"event_name":"Falling","player_choice":"Removed Attack","floor":37,"damage_taken":0},{"event_name":"Winding Halls","player_choice":"Embrace Madness","floor":47,"damage_taken":0},{"event_name":"Golden Shrine","player_choice":"Pray","floor":48,"damage_taken":0}],"boss_relics":[{"not_picked":["Coffee Dripper","Calling Bell"],"picked":"Philosopher\u0027s Stone"},{"not_picked":["Lizard Tail","Runic Cube"],"picked":"Snecko Eye"}],"items_purged_floors":[10,13,27],"is_endless":false,"potions_floor_spawned":[6,12,18,21,24,41],"killed_by":"Donu and Deca","ascension_level":0}