{"gold_per_floor":[109,125,143,156,168,199,199,229,229,229,260,279,295,295,295,416,416,441,135,156,172,193,193,224,224,224,257,257,290,313,313,313,434,434,453,453,467,467,486,520,6,47,47,78,78,78,113,113,113,113],"floor_reached":51,"playtime":9434,"items_purged":["Normality"],"score":1360,"play_id":"eb29f25f-ce85-4fce-b332-f345c4c67022","local_time":"20180630193359","is_ascension_mode":true,"campfire_choices":[{"data":"Zap","floor":7.0,"key":"SMITH"},{"data":"Sunder","floor":10.0,"key":"SMITH"},{"data":"Redo","floor":15.0,"key":"SMITH"},{"data":"Creative AI","floor":23,"key":"SMITH"},{"data":"Glacier","floor":25,"key":"SMITH"},{"data":"Seek","floor":32,"key":"SMITH"},{"data":"1","floor":45,"key":"LIFT"},{"data":"2","floor":49,"key":"LIFT"}],"neow_cost":"","seed_source_timestamp":9222781843767,"circlet_count":0,"master_deck":["Strike_B+1","Strike_B+1","Strike_B+1","Defend_B+1","Defend_B+1","Defend_B+1","Defend_B+1","Zap+1","Dualcast","AscendersBane","Seek+1","Glacier+1","Go for the Eyes","Rip and Tear","Rebound","Sweeping Beam","Conserve Battery","Sunder+1","All For One","Redo+1","Turbo","Creative AI+1","Conserve Battery","Storm","Fusion","Sweeping Beam+1","Steam Power+1","Go for the Eyes+1","Stack+1","Coolheaded","Electrodynamics","Loop+1","Dramatic Entrance","Apotheosis","Mind Blast","Tempest+1","Stack+1","Reboot","Cold Snap","Coolheaded","Hologram","Stack","Capacitor","Storm","Redo+1","Normality","Turbo+1","Tempest"],"special_seed":0,"relics":["Cracked Core","Whetstone","Art of War","Meat on the Bone","DataDisk","Golden Idol","Sozu","Thread and Needle","Gambling Chip","Bag of Preparation","The Courier","Lantern","Cursed Key","Matryoshka","Darkstone Periapt","Bottled Lightning","Bird Faced Urn","Happy Flower","Girya","Mango","Calipers"],"potions_floor_usage":[16,16],"damage_taken":[{"damage":1.0,"enemies":"Cultist","floor":1.0,"turns":3.0},{"damage":2.0,"enemies":"2 Louse","floor":2.0,"turns":3.0},{"damage":0.0,"enemies":"Jaw Worm","floor":3.0,"turns":4.0},{"damage":0.0,"enemies":"Looter","floor":4.0,"turns":3.0},{"damage":0.0,"enemies":"Exordium Thugs","floor":5.0,"turns":4.0},{"damage":11.0,"enemies":"3 Sentries","floor":6.0,"turns":5.0},{"damage":6.0,"enemies":"Gremlin Nob","floor":8.0,"turns":3.0},{"damage":4.0,"enemies":"3 Sentries","floor":11.0,"turns":4.0},{"damage":0.0,"enemies":"2 Fungi Beasts","floor":12.0,"turns":1.0},{"damage":0.0,"enemies":"Blue Slaver","floor":13.0,"turns":3.0},{"damage":10,"enemies":"The Guardian","floor":16,"turns":11},{"damage":2,"enemies":"2 Thieves","floor":18,"turns":4},{"damage":2,"enemies":"Chosen","floor":20,"turns":4},{"damage":10,"enemies":"Snake Plant","floor":21,"turns":4},{"damage":6,"enemies":"Centurion and Healer","floor":22,"turns":5},{"damage":40,"enemies":"Slavers","floor":24,"turns":6},{"damage":9,"enemies":"Book of Stabbing","floor":27,"turns":6},{"damage":3,"enemies":"Slavers","floor":29,"turns":5},{"damage":0,"enemies":"3 Cultists","floor":30,"turns":4},{"damage":17,"enemies":"Collector","floor":33,"turns":10},{"damage":0,"enemies":"Orb Walker","floor":35,"turns":2},{"damage":0,"enemies":"3 Darklings","floor":37,"turns":2},{"damage":0,"enemies":"Sphere and 2 Shapes","floor":39,"turns":1},{"damage":6,"enemies":"2 Orb Walkers","floor":40,"turns":3},{"damage":5,"enemies":"Nemesis","floor":42,"turns":5},{"damage":0,"enemies":"Giant Head","floor":44,"turns":6},{"damage":12,"enemies":"2 Orb Walkers","floor":47,"turns":3},{"damage":25,"enemies":"Donu and Deca","floor":50,"turns":6}],"seed_played":"-9071679844550112145","potions_obtained":[{"floor":3.0,"key":"PowerPotion"},{"floor":4.0,"key":"AttackPotion"},{"floor":6.0,"key":"Fire Potion"},{"floor":8.0,"key":"AttackPotion"},{"floor":11.0,"key":"Poison Potion"}],"is_trial":false,"path_per_floor":["M","M","M","M","M","E","R","E","T","R","E","M","M","?","R","B",null,"M","$","M","M","M","R","E","R","T","E","?","E","M","$","R","B",null,"M","?","M","T","M","E","$","E","T","E","R","?","E","?","R","B"],"character_chosen":"DEFECT","items_purchased":["Thread and Needle","Bottled Lightning","Cold Snap","Coolheaded","Hologram","Stack","Capacitor","Storm"],"campfire_rested":0,"item_purchase_floors":[19,41,41,41,41,41,41,41],"current_hp_per_floor":[67,65,65,65,65,54,54,48,48,48,44,44,44,26,26,28,63,61,61,59,49,43,43,15,15,15,18,18,27,39,39,39,34,65,65,55,55,55,55,49,49,44,50,84,84,84,80,80,80,69],"gold":113,"neow_bonus":"","is_prod":false,"is_daily":false,"chose_seed":false,"campfire_upgraded":6,"win_rate":0,"timestamp":1530380039,"path_taken":["M","M","?","M","M","E","R","E","T","R","E","M","M","?","R","BOSS","M","$","M","M","M","R","E","R","T","E","?","E","M","$","R","BOSS","M","?","M","?","?","E","$","E","T","E","R","?","E","?","R","BOSS"],"build_version":"2018-06-28","purchased_purges":1,"victory":true,"max_hp_per_floor":[75,75,75,75,75,75,75,75,75,75,75,75,75,75,75,75,75,75,75,75,75,75,75,75,75,75,75,75,75,75,75,75,75,75,75,75,75,75,75,75,75,75,81,95,95,95,95,95,95,95],"card_choices":[{"not_picked":["Go for the Eyes","Melter"],"picked":"Glacier","floor":1.0},{"not_picked":["Hologram","Storm"],"picked":"Go for the Eyes","floor":2.0},{"not_picked":["Beam Cell","Force Field"],"picked":"Rip and Tear","floor":3.0},{"not_picked":["Barrage","Scrape"],"picked":"Rebound","floor":4.0},{"not_picked":["Reprogram","Melter"],"picked":"Sweeping Beam","floor":5.0},{"not_picked":["Reinforced Body","Compile Driver"],"picked":"Conserve Battery","floor":6.0},{"not_picked":["Go for the Eyes","Redo"],"picked":"Sunder","floor":8.0},{"not_picked":["Beam Cell","Reinforced Body"],"picked":"All For One","floor":11.0},{"not_picked":["Gash","Undo"],"picked":"Redo","floor":12.0},{"not_picked":["Gash","Rebound"],"picked":"Turbo","floor":13.0},{"not_picked":["Multi-Cast","Buffer"],"picked":"Creative AI","floor":16},{"not_picked":["Streamline","Skim"],"picked":"Conserve Battery","floor":18},{"not_picked":["Sweeping Beam","Lockon"],"picked":"Storm","floor":20},{"not_picked":["Streamline","Reprogram"],"picked":"Fusion","floor":21},{"not_picked":["Streamline+1","Consume+1"],"picked":"Sweeping Beam+1","floor":22},{"not_picked":["Glacier","Leap"],"picked":"Steam Power+1","floor":24},{"not_picked":["Double Energy","Ball Lightning"],"picked":"Go for the Eyes+1","floor":27},{"not_picked":["Coolheaded","Reinforced Body"],"picked":"Stack+1","floor":29},{"not_picked":["Leap","Scrape"],"picked":"Coolheaded","floor":30},{"not_picked":["Hyperbeam","Biased Cognition"],"picked":"Electrodynamics","floor":33},{"not_picked":["Undo","Tempest"],"picked":"Loop+1","floor":35},{"not_picked":["Jack Of All Trades","Blind"],"picked":"Dramatic Entrance","floor":36},{"not_picked":["Purity","Deep Breath"],"picked":"Apotheosis","floor":36},{"not_picked":["Blind","Panacea"],"picked":"Mind Blast","floor":36},{"not_picked":["Streamline","Barrage"],"picked":"Tempest+1","floor":37},{"not_picked":["Ball Lightning","Turbo"],"picked":"Stack+1","floor":39},{"not_picked":["Hologram","Aggregate"],"picked":"Reboot","floor":40},{"not_picked":["Sweeping Beam+1","Reinforced Body"],"picked":"Redo+1","floor":42},{"not_picked":["Lockon+1","Barrage"],"picked":"Turbo+1","floor":44},{"not_picked":["Steam","Scrape","Rebound+1"],"picked":"SKIP","floor":47}],"player_experience":791135,"relics_obtained":[{"floor":6.0,"key":"Whetstone"},{"floor":8.0,"key":"Art of War"},{"floor":9.0,"key":"Meat on the Bone"},{"floor":11.0,"key":"DataDisk"},{"floor":24,"key":"Gambling Chip"},{"floor":26,"key":"Bag of Preparation"},{"floor":27,"key":"The Courier"},{"floor":29,"key":"Lantern"},{"floor":38,"key":"Matryoshka"},{"floor":40,"key":"Darkstone Periapt"},{"floor":42,"key":"Bird Faced Urn"},{"floor":43,"key":"Happy Flower"},{"floor":43,"key":"Girya"},{"floor":44,"key":"Mango"},{"floor":47,"key":"Calipers"}],"event_choices":[{"event_name":"Golden Idol","player_choice":"Take Damage","floor":14.0,"damage_taken":0.0},{"event_name":"Back to Basics","player_choice":"Simplicity","floor":28,"damage_taken":0},{"event_name":"SensoryStone","player_choice":"Memory 3","floor":36,"damage_taken":0},{"event_name":"Falling","player_choice":"Removed Attack","floor":46,"damage_taken":0},{"event_name":"Match and Keep!","player_choice":"1 cards matched","floor":48,"damage_taken":0}],"boss_relics":[{"not_picked":["Lizard Tail","Runic Pyramid"],"picked":"Sozu"},{"not_picked":["Fusion Hammer","Empty Cage"],"picked":"Cursed Key"}],"items_purged_floors":[41],"is_endless":false,"potions_floor_spawned":[3,4,6,8,11,12,18,21,27,40,42,47],"ascension_level":11}