{"path_per_floor":["M","M","$","M","?","E","R","E","T","R","M","R","?","$","R","B",null,"M","M","$","?","M","R","M","R","T","M","M","?","?","M","R","B",null,"M","?","M","?","M","R","M","R","T","?","M","$","M","M","R"],"character_chosen":"IRONCLAD","items_purchased":["Shrug It Off","Toy Ornithopter","Mercury Hourglass","Deep Breath"],"gold_per_floor":[113,130,28,39,39,66,66,101,101,101,120,120,120,40,40,169,169,185,175,9,9,23,23,39,39,39,49,66,66,66,79,79,177,207,221,221,233,233,253,253,265,265,265,265,282,8,18,32,32],"floor_reached":50,"campfire_rested":3,"playtime":2232,"current_hp_per_floor":[80,80,80,80,80,64,64,40,40,64,67,67,67,67,67,33,80,75,80,80,80,71,71,80,80,80,80,80,80,80,80,80,56,85,85,85,85,85,51,76,73,73,73,73,77,77,85,85,85],"items_purged":["Strike_R","Injury"],"gold":32,"score":481,"play_id":"222107c4-0a3c-465e-9e6d-c9d5e59d3462","local_time":"20180316134357","is_prod":false,"is_daily":false,"is_ascension_mode":false,"campfire_upgraded":6,"timestamp":1521204237,"path_taken":["M","M","$","M","?","E","R","E","T","R","M","R","?","$","R","BOSS","M","M","$","?","M","R","?","R","T","M","M","?","?","M","R","BOSS","M","?","?","?","M","R","M","R","T","?","M","$","?","M","R","BOSS"],"build_version":"2018-03-15","purchased_purges":2,"victory":false,"master_deck":["Strike_R","Strike_R","Strike_R","Defend_R+1","Defend_R","Defend_R","Bash","Heavy Blade+1","Twin Strike+1","Pommel Strike+1","Shrug It Off+1","Flame Barrier+1","Shrug It Off+1","Body Slam+1","Barricade+1","Flex+1","Heavy Blade","Uppercut+1","Limit Break+1","Writhe","Shrug It Off+1","Deep Breath+1","Seeing Red+1"],"max_hp_per_floor":[80,80,80,80,80,80,80,80,80,80,80,80,80,80,80,80,80,80,80,80,80,80,80,80,80,80,80,80,80,80,80,80,80,85,85,85,85,85,85,85,85,85,85,85,85,85,85,85,85],"relics":["Burning Blood","Toxic Egg 2","Matryoshka","Bag of Preparation","The Courier","Bloody Idol","Runic Cube","Toy Ornithopter","Pen Nib","Thread and Needle","Tiny House","Shovel","Mercury Hourglass","Peace Pipe"],"card_choices":[{"not_picked":["Anger","Clash"],"picked":"Twin Strike"},{"not_picked":["Rupture","Heavy Blade"],"picked":"Pommel Strike"},{"not_picked":["Pommel Strike","Fire Breathing"],"picked":"Flame Barrier"},{"not_picked":["Cleave","Armaments"],"picked":"Shrug It Off"},{"not_picked":["Twin Strike","Carnage"],"picked":"Body Slam"},{"not_picked":["Feed","Offering"],"picked":"Barricade"},{"not_picked":["Disarm","Cleave"],"picked":"Flex"},{"not_picked":["Warcry","Rage"],"picked":"Heavy Blade"},{"not_picked":["Headbutt","Combust"],"picked":"Uppercut"},{"not_picked":["Berserk","Fiend Fire"],"picked":"Limit Break"},{"not_picked":["Uppercut","Anger"],"picked":"Shrug It Off"},{"not_picked":["Berserk","Feel No Pain"],"picked":"Seeing Red"}],"player_experience":101256,"potions_floor_usage":[8,11,19,22,24,28,39,47,50,50],"damage_taken":[{"damage":5,"enemies":"Jaw Worm","floor":1,"turns":4},{"damage":5,"enemies":"Small Slimes","floor":2,"turns":3},{"damage":0,"enemies":"Cultist","floor":4,"turns":3},{"damage":22,"enemies":"3 Sentries","floor":6,"turns":11},{"damage":30,"enemies":"Lagavulin","floor":8,"turns":11},{"damage":3,"enemies":"Lots of Slimes","floor":11,"turns":4},{"damage":40,"enemies":"The Guardian","floor":16,"turns":12},{"damage":11,"enemies":"Chosen","floor":18,"turns":5},{"damage":0,"enemies":"2 Thieves","floor":19,"turns":4},{"damage":20,"enemies":"Sentry and Sphere","floor":22,"turns":6},{"damage":0,"enemies":"Snake Plant","floor":24,"turns":2},{"damage":0,"enemies":"Cultist and Chosen","floor":27,"turns":9},{"damage":0,"enemies":"Centurion and Healer","floor":28,"turns":7},{"damage":0,"enemies":"Chosen and Byrds","floor":31,"turns":6},{"damage":35,"enemies":"Champ","floor":33,"turns":15},{"damage":7,"enemies":"3 Darklings","floor":35,"turns":7},{"damage":0,"enemies":"3 Shapes","floor":37,"turns":4},{"damage":48,"enemies":"Maw","floor":39,"turns":10},{"damage":14,"enemies":"Sphere and 2 Shapes","floor":41,"turns":7},{"damage":7,"enemies":"3 Darklings","floor":45,"turns":9},{"damage":2,"enemies":"4 Shapes","floor":47,"turns":6},{"damage":1,"enemies":"Sphere and 2 Shapes","floor":48,"turns":5},{"damage":99,"enemies":"Donu and Deca","floor":50,"turns":6}],"event_choices":[{"event_name":"Living Wall","player_choice":"Grow","floor":5,"damage_taken":0},{"event_name":"Golden Idol","player_choice":"Take Wound","floor":13,"damage_taken":0},{"event_name":"Forgotten Altar","player_choice":"Gave Idol","floor":21,"damage_taken":0},{"event_name":"Vampires","player_choice":"Ignored","floor":29,"damage_taken":0},{"event_name":"Drug Dealer","player_choice":"Ignored","floor":30,"damage_taken":0},{"event_name":"Mysterious Sphere","player_choice":"Ignore","floor":36,"damage_taken":0},{"event_name":"Winding Halls","player_choice":"Writhe","floor":38,"damage_taken":0}],"boss_relics":[{"not_picked":["Pandora\u0027s Box","Ectoplasm"],"picked":"Runic Cube"},{"not_picked":["Runic Pyramid","Question Card"],"picked":"Tiny House"}],"potions_floor_spawned":[6,8,11,16,19,22,27,35,39,41],"seed_played":"-2375040927851754296","killed_by":"Donu and Deca","ascension_level":0,"is_trial":false}