{"path_per_floor":["M","M","$","?","M","E","R","M","T","R","M","?","?","?","R","B",null,"M","$","M"],"character_chosen":"IRONCLAD","items_purchased":["Flex"],"gold_per_floor":[118,133,58,58,68,99,99,116,196,196,212,212,212,212,212,307,307,325,180,190,190],"floor_reached":21,"campfire_rested":1,"playtime":1259,"current_hp_per_floor":[80,80,80,80,80,32,56,62,62,62,66,66,66,66,66,12,80,43,43,13,0],"items_purged":["Strike_R","Strike_R"],"gold":190,"score":179,"play_id":"387fe3de-9bad-41a2-8dfe-81de790b7593","local_time":"20180329214529","is_prod":false,"is_daily":false,"is_ascension_mode":false,"campfire_upgraded":2,"timestamp":1522352729,"path_taken":["M","M","$","?","?","E","R","M","T","R","M","?","?","?","R","BOSS","M","?","M","M"],"build_version":"2018-03-22v2","purchased_purges":2,"victory":false,"master_deck":["Strike_R","Strike_R","Defend_R","Defend_R","Defend_R","Defend_R","Bash","Twin Strike+1","Reaper","Flex+1","Battle Trance","Corruption","Berserk","Flex","Power Through"],"max_hp_per_floor":[80,80,80,80,80,80,80,80,80,80,80,80,80,80,80,80,80,80,80,80,80],"relics":["Burning Blood","NeowsBlessing","Calipers","Molten Egg 2","Eternal Feather"],"card_choices":[{"not_picked":["Iron Wave","Second Wind"],"picked":"Twin Strike","floor":1},{"not_picked":["Clothesline","Iron Wave"],"picked":"Reaper","floor":2},{"not_picked":["Perfected Strike","Sword Boomerang"],"picked":"Flex","floor":5},{"not_picked":["Warcry","Perfected Strike"],"picked":"Battle Trance","floor":6},{"not_picked":["Demon Form","Double Tap"],"picked":"Berserk","floor":16},{"not_picked":["Clothesline","Twin Strike"],"picked":"Power Through","floor":20}],"player_experience":222462,"potions_floor_usage":[6,20,21,21],"damage_taken":[{"damage":0,"enemies":"Jaw Worm","floor":1,"turns":1},{"damage":0,"enemies":"Cultist","floor":2,"turns":1},{"damage":0,"enemies":"2 Louse","floor":5,"turns":1},{"damage":60,"enemies":"Gremlin Nob","floor":6,"turns":6},{"damage":6,"enemies":"Red Slaver","floor":8,"turns":5},{"damage":2,"enemies":"Looter","floor":11,"turns":4},{"damage":64,"enemies":"Slime Boss","floor":16,"turns":14},{"damage":47,"enemies":"3 Byrds","floor":18,"turns":9},{"damage":46,"enemies":"Chosen","floor":20,"turns":7},{"damage":16,"enemies":"Sentry and Sphere","floor":21,"turns":4}],"event_choices":[{"event_name":"Wheel of Change","player_choice":"Full Heal","floor":4,"damage_taken":0},{"event_name":"Liars Game","player_choice":"disagreed","floor":12,"damage_taken":0},{"event_name":"Living Wall","player_choice":"Change","floor":13,"damage_taken":0},{"event_name":"Golden Idol","player_choice":"Ignored","floor":14,"damage_taken":0}],"boss_relics":[{"not_picked":["Runic Cube","Runic Pyramid"],"picked":"Eternal Feather"}],"potions_floor_spawned":[2,5,6,18,20],"seed_played":"-1227328125873650423","killed_by":"Sentry and Sphere","ascension_level":0,"is_trial":false}