{"gold_per_floor":[119,119,130,130,144,144,171,171,171,197,83,48,82,4,4,83,83,62,78,96,96,116,116],"floor_reached":23,"playtime":1414,"items_purged":["Strike_G","Strike_G"],"score":418,"play_id":"0382c4f0-902a-4e2a-9eb7-85ec73a55e3a","local_time":"20181218151036","is_ascension_mode":true,"campfire_choices":[{"data":"Noxious Fumes","floor":6.0,"key":"SMITH"},{"floor":8.0,"key":"REST"},{"data":"Deadly Poison","floor":15.0,"key":"SMITH"}],"neow_cost":"NONE","seed_source_timestamp":0,"circlet_count":0,"master_deck":["AscendersBane","Defend_G","Defend_G","Defend_G","Defend_G","Defend_G","Strike_G","Strike_G","Strike_G","Survivor","Neutralize","Dagger Spray","Sucker Punch","Noxious Fumes+1","Well Laid Plans","Slice","Infinite Blades","Leg Sweep","Deadly Poison+1","Envenom","Deadly Poison+1","Footwork","Dodge and Roll","Decay"],"special_seed":0,"relics":["Ring of the Snake","NeowsBlessing","Turnip","Pear","Gambling Chip","Kunai","Smiling Mask","Black Star"],"potions_floor_usage":[],"damage_taken":[{"damage":0.0,"enemies":"Jaw Worm","floor":1.0,"turns":1.0},{"damage":0.0,"enemies":"Small Slimes","floor":3.0,"turns":1.0},{"damage":0.0,"enemies":"Cultist","floor":5.0,"turns":1.0},{"damage":44.0,"enemies":"Gremlin Nob","floor":7.0,"turns":5.0},{"damage":21.0,"enemies":"Lagavulin","floor":10.0,"turns":8.0},{"damage":12.0,"enemies":"3 Sentries","floor":13.0,"turns":4.0},{"damage":5.0,"enemies":"Hexaghost","floor":16.0,"turns":9.0},{"damage":19.0,"enemies":"2 Thieves","floor":18.0,"turns":4.0},{"damage":0.0,"enemies":"Spheric Guardian","floor":19.0,"turns":3.0},{"damage":15.0,"enemies":"Centurion and Healer","floor":20.0,"turns":8.0},{"damage":20.0,"enemies":"Snake Plant","floor":22.0,"turns":6.0},{"damage":26,"enemies":"Book of Stabbing","floor":23,"turns":3}],"seed_played":"5302693044221281793","potions_obtained":[{"floor":4.0,"key":"FairyPotion"},{"floor":4.0,"key":"Energy Potion"},{"floor":10.0,"key":"PowerPotion"},{"floor":13.0,"key":"LiquidBronze"},{"floor":16.0,"key":"Regen Potion"},{"floor":19.0,"key":"SteroidPotion"},{"floor":22.0,"key":"Strength Potion"}],"is_trial":false,"path_per_floor":["M","?","M","?","M","R","E","R","T","E","$","?","E","$","R","B",null,"M","M","M","?","M","E"],"character_chosen":"THE_SILENT","items_purchased":["Infinite Blades","Deadly Poison"],"campfire_rested":1,"item_purchase_floors":[11,14],"current_hp_per_floor":[59,54,54,54,54,54,20,42,42,21,21,40,28,28,28,23,63,44,44,29,29,24,0],"gold":116,"neow_bonus":"THREE_ENEMY_KILL","is_prod":false,"is_daily":false,"chose_seed":false,"campfire_upgraded":2,"win_rate":0,"timestamp":1545142236,"path_taken":["M","?","M","?","?","R","E","R","T","E","$","?","E","$","R","BOSS","M","M","M","?","M","E"],"build_version":"2018-12-13","purchased_purges":2,"victory":false,"max_hp_per_floor":[66,66,66,66,66,66,76,76,76,76,76,76,76,76,76,76,76,76,76,76,76,76,76],"card_choices":[{"not_picked":["PiercingWail","Bane"],"picked":"Dagger Spray","floor":1.0},{"not_picked":["Backflip","Flechettes"],"picked":"Sucker Punch","floor":3.0},{"not_picked":["Noxious Fumes","Cloak And Dagger","Well Laid Plans"],"picked":"SKIP","floor":5.0},{"not_picked":["Cloak And Dagger","Well Laid Plans"],"picked":"Noxious Fumes","floor":5.0},{"not_picked":["Tools of the Trade","Eviscerate"],"picked":"Well Laid Plans","floor":7.0},{"not_picked":["Flechettes","Choke"],"picked":"Slice","floor":10.0},{"not_picked":["Deflect","Tactician"],"picked":"Leg Sweep","floor":13.0},{"not_picked":["Night Terror","Tools of the Trade"],"picked":"Envenom","floor":16.0},{"not_picked":["Outmaneuver+1","Underhanded Strike"],"picked":"Deadly Poison+1","floor":18.0},{"not_picked":["Expertise","Endless Agony"],"picked":"Footwork","floor":19.0},{"not_picked":["Backflip","Outmaneuver"],"picked":"Dodge and Roll","floor":20.0},{"not_picked":["Masterful Stab","Dagger Spray","Dagger Throw"],"picked":"SKIP","floor":22.0}],"player_experience":1882994,"relics_obtained":[{"floor":7.0,"key":"Pear"},{"floor":9.0,"key":"Gambling Chip"},{"floor":10.0,"key":"Kunai"},{"floor":13.0,"key":"Smiling Mask"}],"event_choices":[{"damage_healed":0.0,"max_hp_gain":0.0,"max_hp_loss":0.0,"gold_gain":0.0,"event_name":"Scrap Ooze","player_choice":"Success","floor":2.0,"gold_loss":0.0,"damage_taken":5.0,"relics_obtained":["Turnip"]},{"damage_healed":0.0,"max_hp_gain":0.0,"max_hp_loss":0.0,"gold_gain":0.0,"event_name":"Lab","player_choice":"Got Potions","floor":4.0,"gold_loss":0.0,"damage_taken":0.0},{"damage_healed":19.0,"max_hp_gain":0.0,"max_hp_loss":0.0,"gold_gain":0.0,"event_name":"The Cleric","player_choice":"Healed","floor":12.0,"gold_loss":35.0,"damage_taken":0.0},{"damage_healed":0.0,"max_hp_gain":0.0,"max_hp_loss":0.0,"gold_gain":0.0,"event_name":"Forgotten Altar","player_choice":"Smashed Altar","floor":21.0,"gold_loss":0.0,"damage_taken":0.0,"cards_obtained":["Decay"]}],"is_beta":false,"boss_relics":[{"not_picked":["Orrery","HoveringKite"],"picked":"Black Star"}],"items_purged_floors":[11,14],"is_endless":false,"potions_floor_spawned":[10,13,16,19,22],"killed_by":"Book of Stabbing","ascension_level":20}