{"gold_per_floor":[112,112,131,131,71,71,105,105,105,119,132,132,97,125,125,199,199,212,224,236,236,251,251,277,277,277,277,277,277,295,326,326,403,403,413,430,430,430,82,82,115,129,153,71,71,116,128,144,144,144],"floor_reached":51,"playtime":1885,"items_purged":[],"score":1528,"play_id":"b66e5945-e25f-4ed4-aa94-8c6c5766614d","local_time":"20181002111634","daily_mods":["SealedDeck","Diverse","Colorless Cards","Heirloom","Lethality"],"is_ascension_mode":true,"campfire_choices":[{"data":"Terror","floor":6,"key":"SMITH"},{"data":"Blur","floor":12,"key":"SMITH"},{"data":"Rip and Tear","floor":15,"key":"SMITH"},{"data":"Cloak And Dagger","floor":23,"key":"SMITH"},{"data":"Go for the Eyes","floor":25,"key":"SMITH"},{"data":"Spot Weakness","floor":28,"key":"SMITH"},{"floor":32,"key":"REST"},{"data":"Limit Break","floor":40,"key":"SMITH"},{"data":"True Grit","floor":45,"key":"SMITH"},{"data":"Secret Technique","floor":49,"key":"SMITH"}],"neow_cost":"","seed_source_timestamp":0,"circlet_count":0,"master_deck":["AscendersBane","Flex","Blur+1","Go for the Eyes+1","Sweeping Beam","Twin Strike","Terror+1","Beam Cell","Rip and Tear+1","Dagger Spray","Shrug It Off+1","Conserve Battery","Spot Weakness+1","PiercingWail","Cloak And Dagger+1","Deflect","Glass Knife+1","Limit Break+1","BootSequence+1","Fiend Fire+1","True Grit+1","Flash of Steel+1","Secret Technique+1","Heavy Blade+1","Adrenaline","Chill+1"],"relics":["Burning Blood","Unceasing Top","Pantograph","Sundial","Molten Egg 2","Ancient Tea Set","Black Star","Dead Branch","Incense Burner","Singing Bowl","Nunchaku","Prayer Wheel","Mark of Pain","Bag of Preparation","Lantern","Smiling Mask","Centennial Puzzle","Torii"],"potions_floor_usage":[10,19,20,22,30,31,50],"damage_taken":[{"damage":4,"enemies":"Small Slimes","floor":1,"turns":2},{"damage":0,"enemies":"Cultist","floor":3,"turns":2},{"damage":0,"enemies":"Lagavulin","floor":7,"turns":4},{"damage":0,"enemies":"Jaw Worm","floor":10,"turns":1},{"damage":0,"enemies":"Large Slime","floor":11,"turns":1},{"damage":0,"enemies":"Gremlin Nob","floor":14,"turns":2},{"damage":43,"enemies":"Hexaghost","floor":16,"turns":4},{"damage":0,"enemies":"Shell Parasite","floor":18,"turns":2},{"damage":34,"enemies":"3 Byrds","floor":19,"turns":3},{"damage":1,"enemies":"Snecko","floor":20,"turns":3},{"damage":3,"enemies":"3 Cultists","floor":22,"turns":3},{"damage":13,"enemies":"Gremlin Leader","floor":24,"turns":4},{"damage":12,"enemies":"Centurion and Healer","floor":30,"turns":4},{"damage":6,"enemies":"Book of Stabbing","floor":31,"turns":3},{"damage":25,"enemies":"Champ","floor":33,"turns":8},{"damage":0,"enemies":"3 Shapes","floor":35,"turns":3},{"damage":0,"enemies":"Orb Walker","floor":36,"turns":2},{"damage":0,"enemies":"2 Orb Walkers","floor":41,"turns":1},{"damage":0,"enemies":"Reptomancer","floor":42,"turns":2},{"damage":0,"enemies":"Mysterious Sphere","floor":46,"turns":2},{"damage":0,"enemies":"4 Shapes","floor":47,"turns":2},{"damage":0,"enemies":"Sphere and 2 Shapes","floor":48,"turns":2},{"damage":72,"enemies":"Time Eater","floor":50,"turns":9}],"seed_played":"-4727206082659705557","potions_obtained":[{"floor":7,"key":"Swift Potion"},{"floor":11,"key":"Fruit Juice"},{"floor":19,"key":"BloodPotion"},{"floor":20,"key":"GamblersBrew"},{"floor":24,"key":"BloodPotion"},{"floor":30,"key":"EssenceOfSteel"},{"floor":41,"key":"LiquidBronze"},{"floor":48,"key":"Dexterity Potion"}],"is_trial":true,"path_per_floor":["M","?","M","?","?","R","E","T","T","M","M","R","$","E","R","B",null,"M","M","M","?","M","R","E","R","T","?","R","?","M","E","R","B",null,"M","M","?","?","$","R","E","M","T","$","R","?","M","M","R","B"],"character_chosen":"IRONCLAD","items_purchased":["Spot Weakness","Bag of Preparation","Secret Technique","Adrenaline"],"campfire_rested":1,"item_purchase_floors":[13,39,39,44],"current_hp_per_floor":[70,70,75,75,75,75,75,75,75,75,75,75,75,75,75,38,66,72,49,62,62,65,65,58,58,58,58,58,58,62,62,82,63,77,84,84,84,84,84,84,86,88,88,88,88,90,94,96,96,30],"gold":144,"neow_bonus":"","is_prod":false,"is_daily":false,"chose_seed":false,"campfire_upgraded":9,"win_rate":0,"timestamp":1538471794,"path_taken":["M","?","M","?","?","R","E","?","T","M","M","R","?","E","R","BOSS","M","M","?","?","M","R","E","R","T","?","R","?","M","E","R","BOSS","M","M","?","?","$","R","E","M","T","?","R","?","?","M","R","BOSS"],"build_version":"2018-09-27","purchased_purges":0,"victory":true,"max_hp_per_floor":[75,75,75,75,75,75,75,75,75,75,75,75,75,75,75,75,75,75,80,80,80,80,80,80,80,80,80,80,80,82,82,82,82,82,84,84,84,84,84,84,86,88,88,88,88,90,94,96,96,96],"card_choices":[{"not_picked":["Terror","Dagger Throw","Chaos"],"picked":"SKIP","floor":1},{"not_picked":["Acrobatics","Havoc"],"picked":"Dagger Spray","floor":3},{"not_picked":["FTL","Prepared"],"picked":"Shrug It Off","floor":7},{"not_picked":["Feed+1","Calculated Gamble","Dagger Throw+1"],"picked":"SKIP","floor":10},{"not_picked":["Deflect","Lockon+1"],"picked":"Conserve Battery","floor":11},{"not_picked":["Deflect","Rupture"],"picked":"PiercingWail","floor":14},{"not_picked":["Dagger Throw+1","Rebound+1","Force Field"],"picked":"SKIP","floor":18},{"not_picked":["Leg Sweep","FTL+1"],"picked":"Cloak And Dagger","floor":19},{"not_picked":["Scrape+1","Blood for Blood+1"],"picked":"Deflect","floor":20},{"not_picked":["Shrug It Off","Carnage+1","Cleave+1"],"picked":"SKIP","floor":22},{"not_picked":["Perfected Strike+1","Warcry"],"picked":"Infinite Blades","floor":24},{"not_picked":["Noxious Fumes","Rebound+1","Clash+1"],"picked":"Singing Bowl","floor":30},{"not_picked":["Outmaneuver","Cleave+1"],"picked":"Glass Knife+1","floor":31},{"not_picked":["Doppelganger","Envenom"],"picked":"Limit Break","floor":33},{"not_picked":["Thunderclap+1","Bane+1"],"picked":"BootSequence+1","floor":35},{"not_picked":["Beam Cell+1","Body Slam+1","Dodge and Roll"],"picked":"Singing Bowl","floor":35},{"not_picked":["Clothesline+1","Heavy Blade+1"],"picked":"Fiend Fire+1","floor":36},{"not_picked":["Dropkick+1","Skewer+1"],"picked":"True Grit","floor":36},{"not_picked":["Panacea","HandOfGreed+1"],"picked":"Flash of Steel+1","floor":38},{"not_picked":["Amplify","Evolve+1","Sucker Punch+1"],"picked":"Singing Bowl","floor":41},{"not_picked":["Acrobatics","Beam Cell+1","Anger+1"],"picked":"Singing Bowl","floor":42},{"not_picked":["Underhanded Strike+1","Carnage+1"],"picked":"Heavy Blade+1","floor":42},{"not_picked":["Rebound+1","Dodge and Roll","Perfected Strike+1"],"picked":"Singing Bowl","floor":46},{"not_picked":["Ghostly Armor","Intimidate","Beam Cell+1"],"picked":"Singing Bowl","floor":47},{"not_picked":["Hologram","Flying Knee+1","Dodge and Roll"],"picked":"Singing Bowl","floor":47},{"not_picked":["Acrobatics+1","Perfected Strike+1","Eviscerate+1"],"picked":"Singing Bowl","floor":48},{"not_picked":["Shrug It Off","Setup"],"picked":"Chill+1","floor":48}],"player_experience":774966,"relics_obtained":[{"floor":7,"key":"Pantograph"},{"floor":8,"key":"Sundial"},{"floor":9,"key":"Molten Egg 2"},{"floor":14,"key":"Ancient Tea Set"},{"floor":24,"key":"Dead Branch"},{"floor":24,"key":"Incense Burner"},{"floor":26,"key":"Singing Bowl"},{"floor":31,"key":"Nunchaku"},{"floor":31,"key":"Prayer Wheel"},{"floor":41,"key":"Lantern"},{"floor":41,"key":"Smiling Mask"},{"floor":43,"key":"Centennial Puzzle"},{"floor":46,"key":"Torii"}],"event_choices":[{"event_name":"Transmorgrifier","player_choice":"Transform","floor":2,"damage_taken":0},{"event_name":"Wheel of Change","player_choice":"Card Removal","floor":4,"damage_taken":0},{"event_name":"World of Goop","player_choice":"Left","floor":5,"damage_taken":0},{"event_name":"Back to Basics","player_choice":"Elegance","floor":21,"damage_taken":0},{"event_name":"Accursed Blacksmith","player_choice":"Forge","floor":27,"damage_taken":0},{"event_name":"Cursed Tome","player_choice":"Ignored","floor":29,"damage_taken":0},{"event_name":"Falling","player_choice":"Removed Power","floor":37,"damage_taken":0},{"event_name":"SensoryStone","player_choice":"Memory 1","floor":38,"damage_taken":0},{"event_name":"Mysterious Sphere","player_choice":"Fight","floor":46,"damage_taken":0}],"is_beta":false,"boss_relics":[{"not_picked":["Lizard Tail","Runic Dome"],"picked":"Black Star"},{"not_picked":["Astrolabe","Calling Bell"],"picked":"Mark of Pain"}],"items_purged_floors":[],"is_endless":false,"potions_floor_spawned":[7,11,19,20,24,30,41,42,46,48],"ascension_level":15}