{"path_per_floor":["M","M","?","?","?","R","E","R","T","M","?","M","M","M","R"],"character_chosen":"IRONCLAD","items_purchased":[],"gold_per_floor":[116,134,134,134,134,134,166,166,166,184,184,200,218,239,239],"floor_reached":16,"campfire_rested":2,"playtime":1057,"current_hp_per_floor":[83,86,86,86,91,91,48,75,75,84,84,84,85,77,96],"items_purged":[],"gold":239,"score":132,"play_id":"d3311042-7a6c-4a51-9a04-f2a5a782f42e","local_time":"20180308082750","is_prod":false,"is_daily":false,"is_ascension_mode":true,"campfire_upgraded":1,"timestamp":1520494070,"path_taken":["M","M","?","?","?","R","E","R","T","M","?","M","M","M","R","BOSS"],"build_version":"2018-03-01-PROD1","purchased_purges":0,"victory":false,"master_deck":["Strike_R","Strike_R","Strike_R","Strike_R","Strike_R","Defend_R","Defend_R","Defend_R","Defend_R","Bash","Feed+1","Anger","Rampage+1","Normality","Dual Wield","Cleave","Shrug It Off","Headbutt","Rampage"],"max_hp_per_floor":[83,86,86,86,91,91,91,91,91,95,88,92,96,96,96],"relics":["Burning Blood","Juzu Bracelet","Dream Catcher","Dodecahedron","Golden Idol"],"card_choices":[{"not_picked":["Iron Wave","Whirlwind"],"picked":"Anger"},{"not_picked":["Seeing Red","Second Wind"],"picked":"Rampage"},{"not_picked":["Power Through","True Grit"],"picked":"Dual Wield"},{"not_picked":["Warcry","Havoc"],"picked":"Cleave"},{"not_picked":["Havoc","Body Slam"],"picked":"Shrug It Off"},{"not_picked":["Bloodletting","Blood for Blood"],"picked":"Headbutt"},{"not_picked":["Inflame","Flex"],"picked":"Rampage"}],"player_experience":132723,"potions_floor_usage":[7,16,16,16],"damage_taken":[{"damage":5,"enemies":"Small Slimes","floor":1,"turns":3},{"damage":5,"enemies":"2 Louse","floor":2,"turns":2},{"damage":49,"enemies":"Lagavulin","floor":7,"turns":9},{"damage":1,"enemies":"Cultist","floor":10,"turns":4},{"damage":10,"enemies":"Large Slime","floor":12,"turns":7},{"damage":9,"enemies":"Blue Slaver","floor":13,"turns":4},{"damage":14,"enemies":"2 Fungi Beasts","floor":14,"turns":3},{"damage":115,"enemies":"Hexaghost","floor":16,"turns":10}],"event_choices":[{"event_name":"Living Wall","player_choice":"Grow","floor":3,"damage_taken":0},{"event_name":"Accursed Blacksmith","player_choice":"Rummage","floor":4,"damage_taken":0},{"event_name":"Big Fish","player_choice":"Donut","floor":5,"damage_taken":0},{"event_name":"Golden Idol","player_choice":"Lose Max HP","floor":11,"damage_taken":0}],"boss_relics":[],"potions_floor_spawned":[2,7,10,14],"seed_played":"-3175001987205598309","killed_by":"Hexaghost","ascension_level":1,"is_trial":false}