{"path_per_floor":["M","$","?","M","?","R","?","E","T","R","M","M","$","E","R","B",null,"M","?","$","M"],"character_chosen":"IRONCLAD","items_purchased":["Metallicize","Fire Breathing","Iron Wave","Rampage"],"gold_per_floor":[109,33,33,48,48,48,48,82,82,82,103,119,34,70,70,193,193,214,214,68,84],"floor_reached":22,"campfire_rested":0,"playtime":1407,"current_hp_per_floor":[80,80,80,80,64,64,64,77,77,77,83,79,79,82,82,77,87,87,71,71,34],"items_purged":["Strike_R"],"gold":84,"score":228,"play_id":"e13c724a-94c9-45a8-bb38-94f0b0ea68b2","local_time":"20180307225658","is_prod":false,"is_daily":false,"is_ascension_mode":true,"campfire_upgraded":3,"timestamp":1520459818,"path_taken":["M","$","?","M","?","R","?","E","T","R","?","?","?","E","R","BOSS","M","?","$","?","M"],"build_version":"2018-03-01-PROD1","purchased_purges":1,"victory":false,"master_deck":["Strike_R","Strike_R","Strike_R","Strike_R","Defend_R+1","Defend_R","Defend_R","Defend_R+1","Bash","Armaments","Metallicize+1","Injury","Spot Weakness","Cleave","Flex+1","Heavy Blade","Fire Breathing+1","Iron Wave","Thunderclap","Double Tap","Rampage","Pummel"],"max_hp_per_floor":[80,80,80,80,80,80,80,87,87,87,87,87,87,87,87,87,87,87,87,87,87],"relics":["Burning Blood","NeowsBlessing","Golden Idol","Strawberry","Dodecahedron","Darkstone Periapt","Question Card","Nilry\u0027s Codex"],"card_choices":[{"not_picked":["Heavy Blade","Body Slam"],"picked":"Armaments"},{"not_picked":["Combust","True Grit"],"picked":"Spot Weakness"},{"not_picked":["Flame Barrier","Sever Soul"],"picked":"Flex"},{"not_picked":["Headbutt","Body Slam"],"picked":"Heavy Blade"},{"not_picked":["Power Through","Reaper"],"picked":"Thunderclap"},{"not_picked":["Exhume","Brutality"],"picked":"Double Tap"},{"not_picked":["Rupture","Cleave","Intimidate"],"picked":"Pummel"}],"player_experience":125178,"potions_floor_usage":[12,16,18,22],"damage_taken":[{"damage":0,"enemies":"2 Louse","floor":1,"turns":1},{"damage":0,"enemies":"Jaw Worm","floor":4,"turns":1},{"damage":0,"enemies":"Gremlin Nob","floor":8,"turns":1},{"damage":0,"enemies":"Cultist","floor":11,"turns":4},{"damage":10,"enemies":"Large Slime","floor":12,"turns":5},{"damage":3,"enemies":"3 Sentries","floor":14,"turns":4},{"damage":11,"enemies":"Slime Boss","floor":16,"turns":9},{"damage":16,"enemies":"3 Byrds","floor":18,"turns":5},{"damage":43,"enemies":"2 Thieves","floor":21,"turns":4},{"damage":35,"enemies":"Cultist and Chosen","floor":22,"turns":8}],"event_choices":[{"event_name":"Golden Idol","player_choice":"Take Wound","floor":3,"damage_taken":0},{"event_name":"Shining Light","player_choice":"Entered Light","floor":5,"damage_taken":0},{"event_name":"Match and Keep!","player_choice":"1 cards matched","floor":7,"damage_taken":0},{"event_name":"Cursed Tome","player_choice":"Obtained Book","floor":19,"damage_taken":0}],"boss_relics":[{"not_picked":["Pandora\u0027s Box","Philosopher\u0027s Stone"],"picked":"Question Card"}],"potions_floor_spawned":[8,14,16,21],"seed_played":"2462201514933695677","killed_by":"Cultist and Chosen","ascension_level":1,"is_trial":false}