{"gold_per_floor":[117,117,117,128,138,138,165,165,165,184,184,184,203,278,278,356,356,375,395,395],"floor_reached":20,"playtime":559,"items_purged":[],"score":448,"play_id":"e965025c-1e42-4337-8004-f0e484378835","local_time":"20181230165808","is_ascension_mode":true,"campfire_choices":[{"data":"Sweeping Beam","floor":6.0,"key":"SMITH"},{"floor":8.0,"key":"REST"},{"floor":12.0,"key":"REST"},{"data":"Dualcast","floor":15.0,"key":"SMITH"}],"neow_cost":"NONE","seed_source_timestamp":4173432856789,"circlet_count":0,"master_deck":["AscendersBane","Zap+1","Dualcast+1","Rebound","Ball Lightning","Sweeping Beam+1","Ball Lightning","Capacitor","Coolheaded","Biased Cognition","Core Surge","White Noise","Chaos","Reprogram","Double Energy","Self Repair","Rainbow","Echo Form","Turbo","Fusion"],"special_seed":0,"relics":["Cracked Core","NeowsBlessing","Ginger","Gambling Chip","Art of War","Pandora\u0027s Box"],"potions_floor_usage":[],"damage_taken":[{"damage":0.0,"enemies":"2 Louse","floor":1.0,"turns":1.0},{"damage":0.0,"enemies":"Small Slimes","floor":4.0,"turns":1.0},{"damage":0.0,"enemies":"Cultist","floor":5.0,"turns":1.0},{"damage":32.0,"enemies":"Gremlin Nob","floor":7.0,"turns":4.0},{"damage":5.0,"enemies":"Large Slime","floor":10.0,"turns":4.0},{"damage":0.0,"enemies":"Exordium Wildlife","floor":13.0,"turns":2.0},{"damage":0.0,"enemies":"Slime Boss","floor":16.0,"turns":6.0},{"damage":47.0,"enemies":"3 Byrds","floor":18.0,"turns":4.0},{"damage":18,"enemies":"Chosen","floor":19,"turns":4},{"damage":11,"enemies":"Centurion and Healer","floor":20,"turns":2}],"seed_played":"8294274757013894754","potions_obtained":[{"floor":10.0,"key":"Regen Potion"},{"floor":13.0,"key":"Explosive Potion"},{"floor":18.0,"key":"GamblersBrew"},{"floor":19,"key":"Explosive Potion"}],"is_trial":false,"path_per_floor":["M","?","?","M","M","R","E","R","T","M","?","R","M","?","R","B",null,"M","M","M"],"character_chosen":"DEFECT","items_purchased":[],"campfire_rested":2,"item_purchase_floors":[],"current_hp_per_floor":[64,43,43,43,43,43,11,32,32,27,16,37,37,26,26,41,64,24,6,0],"gold":395,"neow_bonus":"THREE_ENEMY_KILL","is_prod":false,"is_daily":false,"chose_seed":false,"campfire_upgraded":2,"win_rate":0,"timestamp":1546156688,"path_taken":["M","?","?","M","M","R","E","R","T","M","?","R","M","?","R","BOSS","M","M","M"],"build_version":"2018-12-20","purchased_purges":0,"victory":false,"max_hp_per_floor":[71,71,71,71,71,71,71,71,71,71,71,71,71,71,71,71,71,71,71,71],"card_choices":[{"not_picked":["Hologram","Redo"],"picked":"Rebound","floor":1.0},{"not_picked":["Doom and Gloom","Fission"],"picked":"Ball Lightning","floor":4.0},{"not_picked":["Turbo","Steam"],"picked":"Sweeping Beam","floor":5.0},{"not_picked":["Melter","Capacitor"],"picked":"Ball Lightning","floor":7.0},{"not_picked":["Storm","Ball Lightning"],"picked":"Capacitor","floor":10.0},{"not_picked":["Redo","Sweeping Beam"],"picked":"Coolheaded","floor":13.0},{"not_picked":["Core Surge","All For One"],"picked":"Biased Cognition","floor":16.0},{"not_picked":["Ball Lightning","Storm"],"picked":"Turbo","floor":18.0},{"not_picked":["Scrape","Compile Driver"],"picked":"Fusion","floor":19}],"player_experience":887684,"relics_obtained":[{"floor":7.0,"key":"Ginger"},{"floor":9.0,"key":"Gambling Chip"}],"event_choices":[{"damage_healed":0.0,"max_hp_gain":0.0,"max_hp_loss":0.0,"gold_gain":0.0,"event_name":"Shining Light","player_choice":"Entered Light","floor":2.0,"gold_loss":0.0,"damage_taken":21.0,"cards_upgraded":["Defend_B","Zap"]},{"damage_healed":0.0,"max_hp_gain":0.0,"max_hp_loss":0.0,"gold_gain":0.0,"event_name":"Liars Game","player_choice":"Ignored","floor":3.0,"gold_loss":0.0,"damage_taken":0.0},{"damage_healed":0.0,"max_hp_gain":0.0,"max_hp_loss":0.0,"gold_gain":0.0,"event_name":"Scrap Ooze","player_choice":"Success","floor":11.0,"gold_loss":0.0,"damage_taken":11.0,"relics_obtained":["Art of War"]},{"damage_healed":0.0,"max_hp_gain":0.0,"max_hp_loss":0.0,"gold_gain":75.0,"event_name":"World of Goop","player_choice":"Gather Gold","floor":14.0,"gold_loss":0.0,"damage_taken":11.0}],"is_beta":false,"boss_relics":[{"not_picked":["Empty Cage","Astrolabe"],"picked":"Pandora\u0027s Box"}],"items_purged_floors":[],"is_endless":false,"potions_floor_spawned":[10,13,18,19],"killed_by":"Centurion and Healer","ascension_level":20}