{"gold_per_floor":[109,34,45,58,75,75,106,106,106,127,143,143,11,41,41,115,115,90,4,4,4],"floor_reached":21,"playtime":857,"items_purged":["Strike_B"],"score":374,"play_id":"3779ad5e-b5c8-42b5-bb2b-c8b64f78ed69","local_time":"20181228194147","is_ascension_mode":true,"campfire_choices":[{"data":"Defragment","floor":6.0,"key":"SMITH"},{"data":"Zap","floor":8.0,"key":"SMITH"},{"data":"Go for the Eyes","floor":15,"key":"SMITH"}],"neow_cost":"NONE","seed_source_timestamp":33844731182957,"circlet_count":0,"master_deck":["AscendersBane","Strike_B","Strike_B","Defend_B","Defend_B","Defend_B","Defend_B","Zap+1","Dualcast","Beam Cell","Gash","Self Repair","Defragment+1","Cold Snap","Scrape","Reboot","Glacier","Steam","Go for the Eyes+1","Machine Learning","Hello World","Hello World","BootSequence","Stack","Rebound","Genetic Algorithm","Ball Lightning","Steam"],"special_seed":0,"relics":["Cracked Core","Shuriken","Peace Pipe","Odd Mushroom","Dead Branch","Orrery","CultistMask"],"potions_floor_usage":[],"damage_taken":[{"damage":11.0,"enemies":"2 Louse","floor":1.0,"turns":3.0},{"damage":9.0,"enemies":"Jaw Worm","floor":3.0,"turns":4.0},{"damage":3.0,"enemies":"Small Slimes","floor":4.0,"turns":4.0},{"damage":17.0,"enemies":"2 Fungi Beasts","floor":5.0,"turns":5.0},{"damage":16.0,"enemies":"3 Sentries","floor":7.0,"turns":10.0},{"damage":18.0,"enemies":"The Mushroom Lair","floor":10.0,"turns":4.0},{"damage":9.0,"enemies":"Red Slaver","floor":11.0,"turns":3.0},{"damage":15,"enemies":"Lagavulin","floor":14,"turns":7},{"damage":13,"enemies":"The Guardian","floor":16,"turns":12},{"damage":29,"enemies":"2 Thieves","floor":18,"turns":4},{"damage":35,"enemies":"3 Byrds","floor":21,"turns":2}],"seed_played":"-7941206228012899834","potions_obtained":[{"floor":5.0,"key":"Regen Potion"},{"floor":7.0,"key":"FearPotion"},{"floor":14,"key":"SpeedPotion"},{"floor":18,"key":"Regen Potion"}],"is_trial":false,"path_per_floor":["M","?","M","M","M","R","E","R","T","?","M","?","$","E","R","B",null,"M","$","?","M"],"character_chosen":"DEFECT","items_purchased":["Steam","Ball Lightning","Steam"],"campfire_rested":0,"item_purchase_floors":[13,19,19],"current_hp_per_floor":[53,53,44,48,38,38,44,44,44,33,24,24,24,16,16,10,56,34,34,34,0],"gold":4,"neow_bonus":"THREE_CARDS","is_prod":false,"is_daily":false,"chose_seed":false,"campfire_upgraded":3,"win_rate":0,"timestamp":1545993707,"path_taken":["M","?","M","M","M","R","E","R","T","?","M","?","$","E","R","BOSS","M","$","?","M"],"build_version":"2018-12-20","purchased_purges":1,"victory":false,"max_hp_per_floor":[71,71,71,71,71,71,71,71,71,71,71,71,71,71,71,71,71,71,71,71,71],"card_choices":[{"not_picked":["Barrage","Stack"],"picked":"Beam Cell","floor":0.0},{"not_picked":["Redo","Beam Cell"],"picked":"Gash","floor":1.0},{"not_picked":["Double Energy","Compile Driver"],"picked":"Self Repair","floor":3.0},{"not_picked":["Redo","Steam"],"picked":"Defragment","floor":4.0},{"not_picked":["Compile Driver","Turbo"],"picked":"Cold Snap","floor":5.0},{"not_picked":["Beam Cell","Barrage"],"picked":"Scrape","floor":7.0},{"not_picked":["Consume","Storm"],"picked":"Reboot","floor":10.0},{"not_picked":["Sweeping Beam","Rip and Tear"],"picked":"Glacier","floor":11.0},{"not_picked":["Fusion","Beam Cell"],"picked":"Go for the Eyes","floor":14},{"not_picked":["Amplify","Rainbow"],"picked":"Machine Learning","floor":16},{"not_picked":["Reprogram","Cold Snap"],"picked":"Hello World","floor":17},{"not_picked":["Aggregate","Auto Shields"],"picked":"Hello World","floor":17},{"not_picked":["Reprogram","Compile Driver"],"picked":"BootSequence","floor":17},{"not_picked":["Steam","Conserve Battery"],"picked":"Stack","floor":17},{"not_picked":["Go for the Eyes","Storm"],"picked":"Rebound","floor":17},{"not_picked":["Compile Driver","Auto Shields"],"picked":"Genetic Algorithm","floor":18}],"player_experience":876148,"relics_obtained":[{"floor":7.0,"key":"Shuriken"},{"floor":9.0,"key":"Peace Pipe"},{"floor":10.0,"key":"Odd Mushroom"},{"floor":14,"key":"Dead Branch"}],"event_choices":[{"cards_removed":["Strike_B"],"damage_healed":0.0,"max_hp_gain":0.0,"max_hp_loss":0.0,"gold_gain":0.0,"event_name":"The Cleric","player_choice":"Card Removal","floor":2.0,"gold_loss":75.0,"damage_taken":0.0},{"damage_healed":0.0,"max_hp_gain":0.0,"max_hp_loss":0.0,"gold_gain":0.0,"event_name":"Mushrooms","player_choice":"Fought Mushrooms","floor":10.0,"gold_loss":0.0,"damage_taken":0.0},{"damage_healed":0,"gold_gain":0,"player_choice":"Searched \u00270\u0027 times","damage_taken":0,"max_hp_gain":0,"max_hp_loss":0,"event_name":"Dead Adventurer","floor":12,"gold_loss":0},{"damage_healed":0,"gold_gain":0,"player_choice":"Trade","damage_taken":0,"relics_obtained":["CultistMask"],"max_hp_gain":0,"max_hp_loss":0,"event_name":"FaceTrader","floor":20,"gold_loss":0}],"is_beta":false,"boss_relics":[{"not_picked":["Velvet Choker","Philosopher\u0027s Stone"],"picked":"Orrery"}],"items_purged_floors":[13],"is_endless":false,"potions_floor_spawned":[5,7,14,18],"killed_by":"3 Byrds","ascension_level":20}