{"gold_per_floor":[110,121,139,157,168,194,56,36,59,84,84,99,132,159,171,262,274,303,73,73,87,106,106],"floor_reached":23,"playtime":1494,"items_purged":["Strike_G"],"score":455,"play_id":"c5cbabdf-cf87-430d-99b6-8f4091188025","local_time":"20190106231059","is_ascension_mode":true,"campfire_choices":[{"data":"Poisoned Stab","floor":11.0,"key":"SMITH"},{"floor":15.0,"key":"REST"}],"neow_cost":"NONE","seed_source_timestamp":44029716493752,"circlet_count":0,"master_deck":["AscendersBane","Defend_G","Defend_G","Defend_G","Defend_G","Defend_G","Survivor","Neutralize","Flying Knee","Footwork","Leg Sweep","Dagger Spray","Venomology","Masterful Stab","Poisoned Stab+1","Cloak And Dagger","Well Laid Plans","Dodge and Roll","Corpse Explosion","Dagger Throw+1","Bite","Bite","Bite","Bite","Bite","Cloak And Dagger","Finisher"],"special_seed":0,"relics":["Ring of the Snake","The Courier","Regal Pillow","Ancient Tea Set","PreservedInsect","MawBank","Philosopher\u0027s Stone","Medical Kit"],"potions_floor_usage":[23],"damage_taken":[{"damage":5.0,"enemies":"Cultist","floor":1.0,"turns":5.0},{"damage":0.0,"enemies":"Small Slimes","floor":2.0,"turns":4.0},{"damage":2.0,"enemies":"2 Louse","floor":3.0,"turns":4.0},{"damage":2.0,"enemies":"Blue Slaver","floor":4.0,"turns":6.0},{"damage":7.0,"enemies":"3 Louse","floor":5.0,"turns":4.0},{"damage":6.0,"enemies":"3 Sentries","floor":6.0,"turns":9.0},{"damage":22.0,"enemies":"Lagavulin","floor":10.0,"turns":6.0},{"damage":0.0,"enemies":"Red Slaver","floor":12.0,"turns":2.0},{"damage":8.0,"enemies":"3 Sentries","floor":13.0,"turns":6.0},{"damage":4.0,"enemies":"Gremlin Gang","floor":14.0,"turns":6.0},{"damage":6.0,"enemies":"The Guardian","floor":16.0,"turns":15.0},{"damage":8.0,"enemies":"Spheric Guardian","floor":18.0,"turns":7.0},{"damage":29.0,"enemies":"Chosen","floor":21.0,"turns":4.0},{"damage":17.0,"enemies":"Snecko","floor":22.0,"turns":8.0},{"damage":34,"enemies":"Slavers","floor":23,"turns":3}],"seed_played":"-5909318263868950679","potions_obtained":[{"floor":1.0,"key":"LiquidBronze"},{"floor":2.0,"key":"AttackPotion"},{"floor":6.0,"key":"Explosive Potion"},{"floor":8.0,"key":"AttackPotion"},{"floor":18.0,"key":"Swift Potion"}],"is_trial":false,"path_per_floor":["M","M","M","M","M","E","$","?","T","E","R","M","E","M","R","B",null,"M","$","?","M","M","E"],"character_chosen":"THE_SILENT","items_purchased":["Regal Pillow","Medical Kit"],"campfire_rested":1,"item_purchase_floors":[7,19],"current_hp_per_floor":[60,60,58,56,49,43,43,43,43,21,21,21,13,9,45,39,64,56,56,50,26,23,0],"gold":106,"neow_bonus":"TEN_PERCENT_HP_BONUS","is_prod":false,"is_daily":false,"chose_seed":false,"campfire_upgraded":1,"win_rate":0,"timestamp":1546812659,"path_taken":["M","M","M","M","M","E","?","?","T","E","R","?","E","M","R","BOSS","M","$","?","M","M","E"],"build_version":"2019-01-03v4","purchased_purges":1,"victory":false,"max_hp_per_floor":[72,72,72,72,72,72,72,72,72,72,72,72,72,72,72,72,72,72,72,50,50,50,50],"card_choices":[{"not_picked":["Underhanded Strike","Setup"],"picked":"Flying Knee","floor":1.0},{"not_picked":["Dagger Throw","Dagger Spray"],"picked":"Footwork","floor":2.0},{"not_picked":["Endless Agony","Deflect"],"picked":"Leg Sweep","floor":3.0},{"not_picked":["Dagger Throw","Dodge and Roll"],"picked":"Dagger Spray","floor":4.0},{"not_picked":["Eviscerate","Dodge and Roll"],"picked":"Venomology","floor":5.0},{"not_picked":["Reflex","Deflect"],"picked":"Masterful Stab","floor":6.0},{"not_picked":["Dodge and Roll","Endless Agony"],"picked":"Poisoned Stab","floor":10.0},{"not_picked":["Blade Dance","Terror"],"picked":"Cloak And Dagger","floor":12.0},{"not_picked":["Eviscerate","Finisher"],"picked":"Well Laid Plans","floor":13.0},{"not_picked":["Cloak And Dagger","Blur"],"picked":"Dodge and Roll","floor":14.0},{"not_picked":["Adrenaline","A Thousand Cuts"],"picked":"Corpse Explosion","floor":16.0},{"not_picked":["Acrobatics","Endless Agony"],"picked":"Dagger Throw+1","floor":18.0},{"not_picked":["Accuracy+1","Dagger Throw+1"],"picked":"Cloak And Dagger","floor":21.0},{"not_picked":["Masterful Stab","Blade Dance"],"picked":"Finisher","floor":22.0}],"player_experience":1975189,"relics_obtained":[{"floor":6.0,"key":"The Courier"},{"floor":9.0,"key":"Ancient Tea Set"},{"floor":10.0,"key":"PreservedInsect"},{"floor":13.0,"key":"MawBank"}],"event_choices":[{"damage_healed":0.0,"max_hp_gain":0.0,"max_hp_loss":0.0,"gold_gain":0.0,"event_name":"The Woman in Blue","player_choice":"Bought 1 Potion","floor":8.0,"gold_loss":0.0,"damage_taken":0.0},{"damage_healed":0.0,"max_hp_gain":0.0,"max_hp_loss":22.0,"gold_gain":0.0,"event_name":"Vampires","player_choice":"Became a vampire","floor":20.0,"gold_loss":0.0,"damage_taken":0.0,"cards_obtained":["Bite","Bite","Bite","Bite","Bite"]}],"is_beta":false,"boss_relics":[{"not_picked":["Ectoplasm","Lizard Tail"],"picked":"Philosopher\u0027s Stone"}],"items_purged_floors":[19],"is_endless":false,"potions_floor_spawned":[1,2,4,6,14,18],"killed_by":"Slavers","ascension_level":20}