{"gold_per_floor":[113,113,128,128,147,147,161,11,34,46,46,76,76,94,94,213,213,226,33,33,33,57,57,57,57,128,128,148,58,69,89,89,89],"floor_reached":33,"playtime":1772,"items_purged":["Strike_G","Defend_G"],"score":237,"play_id":"c337086e-cc42-40dc-aceb-3fdaa1e897ab","local_time":"20181123145452","is_ascension_mode":false,"campfire_choices":[{"data":"Neutralize","floor":6,"key":"SMITH"},{"data":"Caltrops","floor":11,"key":"SMITH"},{"data":"Bouncing Flask","floor":15,"key":"SMITH"},{"data":"Backflip","floor":23,"key":"SMITH"},{"floor":32,"key":"REST"}],"neow_cost":"NONE","seed_source_timestamp":684445262952878,"circlet_count":0,"master_deck":["Defend_G","Defend_G","Defend_G+1","Defend_G","Strike_G","Strike_G","Strike_G","Strike_G","Survivor","Neutralize+1","Bouncing Flask+1","Quick Slash","Quick Slash","Poisoned Stab","Backstab","Caltrops+1","Crippling Poison+1","Injury","Acrobatics+1","Glass Knife","Backflip+1","Leg Sweep+1","Escape Plan","Bane"],"relics":["Ring of the Snake","NeowsBlessing","Lantern","Smiling Mask","Odd Mushroom","Bloody Idol","Sozu","Juzu Bracelet","Shuriken","War Paint","Dodecahedron"],"potions_floor_usage":[10,12,14,16,33],"damage_taken":[{"damage":0,"enemies":"2 Louse","floor":1,"turns":1},{"damage":0,"enemies":"Jaw Worm","floor":3,"turns":1},{"damage":0,"enemies":"Cultist","floor":5,"turns":1},{"damage":0,"enemies":"Looter","floor":7,"turns":4},{"damage":0,"enemies":"2 Fungi Beasts","floor":10,"turns":1},{"damage":4,"enemies":"The Mushroom Lair","floor":12,"turns":3},{"damage":9,"enemies":"Red Slaver","floor":14,"turns":2},{"damage":32,"enemies":"Hexaghost","floor":16,"turns":8},{"damage":19,"enemies":"2 Thieves","floor":18,"turns":3},{"damage":4,"enemies":"3 Byrds","floor":22,"turns":3},{"damage":7,"enemies":"Shelled Parasite and Fungi","floor":28,"turns":5},{"damage":11,"enemies":"Snecko","floor":30,"turns":3},{"damage":9,"enemies":"Centurion and Healer","floor":31,"turns":4},{"damage":63,"enemies":"Collector","floor":33,"turns":7}],"seed_played":"-8984697463256480709","potions_obtained":[{"floor":1,"key":"Dexterity Potion"},{"floor":5,"key":"SteroidPotion"},{"floor":7,"key":"Energy Potion"},{"floor":12,"key":"GamblersBrew"},{"floor":14,"key":"SteroidPotion"}],"is_trial":false,"path_per_floor":["M","?","M","?","M","R","M","$","T","M","R","?","?","M","R","B",null,"M","$","?","?","M","R","?","?","T","?","M","?","M","M","R","B"],"character_chosen":"THE_SILENT","items_purchased":["Backstab","Juzu Bracelet"],"campfire_rested":1,"item_purchase_floors":[8,19],"current_hp_per_floor":[70,70,70,70,70,70,70,70,70,70,70,66,66,57,57,25,70,51,51,51,51,47,47,47,47,52,52,50,50,44,40,61,0],"gold":89,"neow_bonus":"THREE_ENEMY_KILL","is_prod":false,"is_daily":false,"chose_seed":false,"campfire_upgraded":4,"win_rate":0.0,"timestamp":1542938092,"path_taken":["M","?","M","?","M","R","?","$","T","M","R","?","?","M","R","BOSS","M","$","?","?","M","R","?","?","T","?","M","?","M","M","R","BOSS"],"build_version":"2018-11-15","purchased_purges":2,"victory":false,"max_hp_per_floor":[70,70,70,70,70,70,70,70,70,70,70,70,70,70,70,70,70,70,70,70,70,70,70,70,70,70,70,70,70,70,70,70,70],"card_choices":[{"not_picked":["Terror","Flechettes"],"picked":"Bouncing Flask","floor":1},{"not_picked":["Endless Agony","Sucker Punch"],"picked":"Quick Slash","floor":3},{"not_picked":["Slice","Flying Knee"],"picked":"Quick Slash","floor":5},{"not_picked":["Expertise","Heel Hook"],"picked":"Poisoned Stab","floor":7},{"not_picked":["Prepared","Bane"],"picked":"Caltrops","floor":10},{"not_picked":["Caltrops","Well Laid Plans"],"picked":"Crippling Poison","floor":12},{"not_picked":["Riddle With Holes","Concentrate"],"picked":"Acrobatics","floor":14},{"not_picked":["Adrenaline","Grand Finale"],"picked":"Glass Knife","floor":16},{"not_picked":["Sucker Punch","Dodge and Roll","Underhanded Strike"],"picked":"SKIP","floor":18},{"not_picked":["Cloak And Dagger","Acrobatics"],"picked":"Backflip","floor":22},{"not_picked":["Dagger Spray","Predator"],"picked":"Leg Sweep+1","floor":28},{"not_picked":["Deflect","Eviscerate"],"picked":"Escape Plan","floor":30},{"not_picked":["Backflip+1","Outmaneuver"],"picked":"Bane","floor":31}],"player_experience":343419,"relics_obtained":[{"floor":9,"key":"Smiling Mask"},{"floor":12,"key":"Odd Mushroom"},{"floor":26,"key":"Dodecahedron"}],"event_choices":[{"damage_healed":0,"gold_gain":0,"player_choice":"Box","damage_taken":0,"relics_obtained":["Lantern"],"max_hp_gain":0,"max_hp_loss":0,"event_name":"Big Fish","floor":2,"gold_loss":0,"cards_obtained":["Regret"]},{"cards_removed":["Regret"],"damage_healed":0,"gold_gain":0,"player_choice":"Removed Curses","damage_taken":0,"max_hp_gain":0,"max_hp_loss":0,"event_name":"Fountain of Cleansing","floor":4,"gold_loss":0},{"damage_healed":0,"gold_gain":0,"player_choice":"Fought Mushrooms","damage_taken":0,"max_hp_gain":0,"max_hp_loss":0,"event_name":"Mushrooms","floor":12,"gold_loss":0},{"damage_healed":0,"gold_gain":0,"player_choice":"Take Wound","damage_taken":0,"relics_obtained":["Golden Idol"],"max_hp_gain":0,"max_hp_loss":0,"event_name":"Golden Idol","floor":13,"gold_loss":0,"cards_obtained":["Injury"]},{"damage_healed":0,"gold_gain":0,"player_choice":"Got Potions","damage_taken":0,"max_hp_gain":0,"max_hp_loss":0,"event_name":"Lab","floor":20,"gold_loss":0},{"damage_healed":0,"gold_gain":0,"player_choice":"Stole Relic","damage_taken":0,"relics_obtained":["Shuriken"],"max_hp_gain":0,"max_hp_loss":0,"event_name":"Addict","floor":21,"gold_loss":0,"cards_obtained":["Shame"]},{"damage_healed":0,"gold_gain":0,"player_choice":"Gave Idol","damage_taken":0,"relics_obtained":["Bloody Idol"],"max_hp_gain":0,"max_hp_loss":0,"event_name":"Forgotten Altar","floor":24,"relics_lost":["Golden Idol"],"gold_loss":0},{"damage_healed":0,"gold_gain":0,"player_choice":"Opened","damage_taken":0,"relics_obtained":["War Paint"],"max_hp_gain":0,"max_hp_loss":0,"event_name":"The Mausoleum","floor":25,"gold_loss":0,"cards_obtained":["Writhe"]},{"cards_removed":["Shame"],"damage_healed":0,"gold_gain":0,"player_choice":"Purged","damage_taken":0,"max_hp_gain":0,"max_hp_loss":0,"event_name":"Purifier","floor":27,"gold_loss":0},{"cards_removed":["Writhe"],"damage_healed":0,"gold_gain":0,"player_choice":"Upgrade and Remove","damage_taken":0,"max_hp_gain":0,"max_hp_loss":0,"event_name":"Designer","floor":29,"gold_loss":90,"cards_upgraded":["Crippling Poison"]}],"is_beta":false,"boss_relics":[{"not_picked":["Fusion Hammer","Ectoplasm"],"picked":"Sozu"}],"items_purged_floors":[8,19],"is_endless":false,"potions_floor_spawned":[1,5,7,12,14,18,22],"killed_by":"Collector","ascension_level":0}