{"gold_per_floor":[119,119,129,149,162,195,195,207,230,230,248,248,258,290,290,364,364,377,389,314,314,329,329,344,344,344,357,357],"floor_reached":28,"playtime":1215,"items_purged":[],"score":456,"play_id":"6e6cbfcf-3109-45ec-aca9-b7f6a79458c6","local_time":"20190112080218","is_ascension_mode":true,"campfire_choices":[{"data":"Genetic Algorithm","floor":7.0,"key":"SMITH"},{"data":"Zap","floor":10.0,"key":"SMITH"},{"data":"Echo Form","floor":15.0,"key":"SMITH"},{"floor":23,"key":"REST"},{"floor":25,"key":"REST"}],"neow_cost":"NONE","seed_source_timestamp":0,"circlet_count":0,"master_deck":["AscendersBane","Strike_B","Strike_B","Defend_B","Defend_B","Defend_B","Defend_B","Zap+1","Dualcast","Cold Snap","Turbo","Conserve Battery","Cold Snap","Genetic Algorithm+1","Echo Form+1","Ball Lightning","Conserve Battery","FTL","Seek","Hologram","Go for the Eyes+1","RitualDagger","Conserve Battery","Redo+1","Go for the Eyes+1"],"special_seed":0,"relics":["Cracked Core","Boot","Bottled Lightning","Regal Pillow","Bag of Marbles","Runic Dome","Turnip"],"potions_floor_usage":[27],"damage_taken":[{"damage":4.0,"enemies":"2 Louse","floor":1.0,"turns":2.0},{"damage":0.0,"enemies":"Cultist","floor":3.0,"turns":3.0},{"damage":5.0,"enemies":"Jaw Worm","floor":4.0,"turns":5.0},{"damage":3.0,"enemies":"Blue Slaver","floor":5.0,"turns":4.0},{"damage":2.0,"enemies":"Lagavulin","floor":6.0,"turns":9.0},{"damage":13.0,"enemies":"Looter","floor":8.0,"turns":4.0},{"damage":2.0,"enemies":"Exordium Wildlife","floor":11.0,"turns":3.0},{"damage":4.0,"enemies":"Red Slaver","floor":13.0,"turns":3.0},{"damage":17.0,"enemies":"3 Sentries","floor":14.0,"turns":6.0},{"damage":10.0,"enemies":"The Guardian","floor":16.0,"turns":12.0},{"damage":5,"enemies":"Chosen","floor":18,"turns":5},{"damage":19,"enemies":"2 Thieves","floor":19,"turns":4},{"damage":4,"enemies":"Snake Plant","floor":22,"turns":6},{"damage":34,"enemies":"Cultist and Chosen","floor":24,"turns":7},{"damage":2,"enemies":"Sentry and Sphere","floor":27,"turns":6},{"damage":65,"enemies":"Gremlin Leader","floor":28,"turns":7}],"seed_played":"2298546110643924713","potions_obtained":[{"floor":1.0,"key":"Dexterity Potion"},{"floor":4.0,"key":"EssenceOfSteel"},{"floor":6.0,"key":"SteroidPotion"},{"floor":11.0,"key":"PowerPotion"},{"floor":14.0,"key":"AttackPotion"},{"floor":19,"key":"Swift Potion"}],"is_trial":false,"path_per_floor":["M","?","M","M","M","E","R","M","T","R","M","?","M","E","R","B",null,"M","M","?","?","M","R","M","R","T","M","E"],"character_chosen":"DEFECT","items_purchased":[],"campfire_rested":2,"item_purchase_floors":[],"current_hp_per_floor":[60,60,60,55,52,50,50,37,37,37,35,35,31,14,14,4,54,49,30,30,24,20,56,22,58,58,56,0],"gold":357,"neow_bonus":"RANDOM_COMMON_RELIC","is_prod":false,"is_daily":false,"chose_seed":false,"campfire_upgraded":3,"win_rate":0,"timestamp":1547247738,"path_taken":["M","?","?","?","M","E","R","M","T","R","M","?","M","E","R","BOSS","M","M","?","?","M","R","M","R","T","M","E"],"build_version":"2019-01-10","purchased_purges":0,"victory":false,"max_hp_per_floor":[71,71,71,71,71,71,71,71,71,71,71,71,71,71,71,71,71,71,71,71,71,71,71,71,71,71,71,71],"card_choices":[{"not_picked":["Fusion","Capacitor"],"picked":"Cold Snap","floor":1.0},{"not_picked":["Double Energy","Turbo"],"picked":"Conserve Battery","floor":3.0},{"not_picked":["Hologram","Stack"],"picked":"Cold Snap","floor":4.0},{"not_picked":["Lockon","Cold Snap"],"picked":"Genetic Algorithm","floor":5.0},{"not_picked":["Reboot","Go for the Eyes"],"picked":"Echo Form","floor":6.0},{"not_picked":["Rebound","Redo"],"picked":"Ball Lightning","floor":8.0},{"not_picked":["Leap","Barrage"],"picked":"Conserve Battery","floor":11.0},{"not_picked":["Loop","Capacitor"],"picked":"FTL","floor":13.0},{"not_picked":["Force Field","Rebound","Beam Cell"],"picked":"SKIP","floor":14.0},{"not_picked":["Thunder Strike","Multi-Cast"],"picked":"Seek","floor":16.0},{"not_picked":["Barrage","Go for the Eyes"],"picked":"Hologram","floor":18},{"not_picked":["Leap","Beam Cell"],"picked":"Go for the Eyes+1","floor":19},{"not_picked":["Genetic Algorithm","Recycle"],"picked":"Conserve Battery","floor":22},{"not_picked":["Beam Cell","Undo"],"picked":"Redo+1","floor":24},{"not_picked":["Barrage","Lockon"],"picked":"Go for the Eyes+1","floor":27}],"player_experience":1031636,"relics_obtained":[{"floor":6.0,"key":"Bottled Lightning"},{"floor":9.0,"key":"Regal Pillow"},{"floor":14.0,"key":"Bag of Marbles"},{"floor":26,"key":"Turnip"}],"event_choices":[{"damage_healed":0.0,"max_hp_gain":0.0,"max_hp_loss":0.0,"gold_gain":0.0,"cards_transformed":["Strike_B"],"event_name":"Transmorgrifier","player_choice":"Transformed","floor":2.0,"gold_loss":0.0,"damage_taken":0.0,"cards_obtained":["Turbo"]},{"damage_healed":0.0,"max_hp_gain":0.0,"max_hp_loss":0.0,"gold_gain":0.0,"event_name":"Dead Adventurer","player_choice":"Searched \u00270\u0027 times","floor":12.0,"gold_loss":0.0,"damage_taken":0.0},{"cards_removed":["Strike_B"],"damage_healed":0,"gold_gain":0,"player_choice":"Gave Gold","damage_taken":0,"max_hp_gain":0,"max_hp_loss":0,"event_name":"Beggar","floor":20,"gold_loss":75},{"damage_healed":0,"gold_gain":0,"player_choice":"Joined the Cult","damage_taken":6,"max_hp_gain":0,"max_hp_loss":0,"event_name":"Nest","floor":21,"gold_loss":0,"cards_obtained":["RitualDagger"]}],"is_beta":false,"boss_relics":[{"not_picked":["Fusion Hammer","Velvet Choker"],"picked":"Runic Dome"}],"items_purged_floors":[],"is_endless":false,"potions_floor_spawned":[1,4,6,11,14,19,22],"killed_by":"Gremlin Leader","ascension_level":19}