{"path_per_floor":["M","M","?","?","$","E","R","M","T","R","M","?","M","M","R","B",null,"M","$","?","M","?","E","?","R","T","R","M","R","M","M","R"],"character_chosen":"IRONCLAD","items_purchased":["Hemokinesis","Pen Nib"],"gold_per_floor":[114,129,129,129,14,52,52,71,121,121,140,140,159,178,178,303,303,273,23,23,23,23,23,23,23,23,23,23,23,23,23,23,23],"floor_reached":33,"campfire_rested":1,"playtime":713,"current_hp_per_floor":[94,91,68,68,68,53,53,59,59,59,55,55,48,52,80,84,94,84,84,84,91,67,51,51,51,51,51,55,55,68,73,73,0],"items_purged":["Defend_R","Defend_R"],"gold":23,"score":342,"play_id":"9331244e-b67f-4f8a-9a91-0c0dbc14e97e","local_time":"20180414160547","daily_mods":["Heirloom","Lethality","Binary"],"is_prod":false,"is_daily":true,"chose_seed":false,"is_ascension_mode":false,"campfire_upgraded":3,"timestamp":1523714747,"path_taken":["M","M","?","?","$","E","R","M","T","R","M","?","M","M","R","BOSS","M","$","?","M","?","E","?","R","T","R","M","R","M","?","R","BOSS"],"build_version":"2018-04-12","seed_source_timestamp":0,"purchased_purges":2,"victory":false,"master_deck":["Bash+1","Flex+1","Hemokinesis+1","Pommel Strike","Seeing Red","Feed","Heavy Blade+1","Heavy Blade+1","Bite","Bite","Bite","Bite"],"max_hp_per_floor":[94,94,94,94,94,94,94,94,94,94,94,94,94,94,94,94,94,94,94,94,97,67,70,70,70,70,70,70,70,73,73,73,73],"relics":["Burning Blood","Mango","Golden Idol","Ancient Tea Set","Oddly Smooth Stone","Ectoplasm","Pen Nib","Peace Pipe","Question Card","Bird Faced Urn"],"card_choices":[{"not_picked":["Body Slam"],"picked":"Flex","floor":1},{"not_picked":["Sentinel"],"picked":"Pommel Strike","floor":11},{"not_picked":["Body Slam"],"picked":"Seeing Red","floor":13},{"not_picked":["Demon Form"],"picked":"Feed","floor":16},{"not_picked":["Rupture"],"picked":"Heavy Blade","floor":18},{"not_picked":["Reckless Charge"],"picked":"Heavy Blade","floor":21}],"player_experience":195999,"potions_floor_usage":[6,14,30],"damage_taken":[{"damage":0,"enemies":"Small Slimes","floor":1,"turns":3},{"damage":9,"enemies":"Jaw Worm","floor":2,"turns":2},{"damage":21,"enemies":"Lagavulin","floor":6,"turns":3},{"damage":0,"enemies":"2 Louse","floor":8,"turns":1},{"damage":10,"enemies":"Lots of Slimes","floor":11,"turns":3},{"damage":13,"enemies":"Looter","floor":13,"turns":2},{"damage":2,"enemies":"2 Fungi Beasts","floor":14,"turns":1},{"damage":2,"enemies":"Slime Boss","floor":16,"turns":5},{"damage":16,"enemies":"2 Thieves","floor":18,"turns":3},{"damage":2,"enemies":"Spheric Guardian","floor":21,"turns":2},{"damage":31,"enemies":"Slavers","floor":23,"turns":3},{"damage":2,"enemies":"Snake Plant","floor":28,"turns":1},{"damage":4,"enemies":"Centurion and Healer","floor":30,"turns":2},{"damage":0,"enemies":"Snecko","floor":31,"turns":2},{"damage":115,"enemies":"Automaton","floor":33,"turns":6}],"event_choices":[{"event_name":"Golden Idol","player_choice":"Take Damage","floor":3,"damage_taken":0},{"event_name":"Living Wall","player_choice":"Forget","floor":4,"damage_taken":0},{"event_name":"Upgrade Shrine","player_choice":"Upgraded","floor":12,"damage_taken":0},{"event_name":"The Mausoleum","player_choice":"Yes","floor":20,"damage_taken":0},{"event_name":"Vampires","player_choice":"Became a vampire","floor":22,"damage_taken":0},{"event_name":"Addict","player_choice":"Ignored","floor":24,"damage_taken":0}],"boss_relics":[{"not_picked":["Runic Pyramid","Pandora\u0027s Box"],"picked":"Ectoplasm"}],"potions_floor_spawned":[2,13,18,21],"seed_played":"8258766859312975591","killed_by":"Automaton","ascension_level":0,"is_trial":false}