{"path_per_floor":["M","$","?","M","M","R","E","R","T","E","R","M","$","M","R","B",null,"M","M","?","M","M","R","M","M","T","$","E","?","M","M","R","B",null,"M","$","M","?","?","R","M","M","T","?","M","R","M","M","R","B"],"character_chosen":"IRONCLAD","items_purchased":["Bronze Scales","Lantern","Mercury Hourglass","Flame Barrier","Gremlin Horn"],"gold_per_floor":[209,54,4,16,30,30,56,56,110,142,142,161,6,16,16,114,114,134,144,144,156,171,171,184,202,502,176,203,203,221,240,240,335,335,352,32,52,0,0,0,14,28,52,52,66,66,76,89,89,89],"floor_reached":51,"campfire_rested":4,"playtime":2396,"current_hp_per_floor":[80,80,80,77,75,75,58,58,58,32,56,60,60,66,66,57,80,70,61,45,47,43,67,61,48,48,48,24,24,23,23,47,53,80,80,80,70,70,60,60,46,36,36,70,70,70,52,42,63,25],"items_purged":["Strike_R"],"gold":89,"score":829,"play_id":"fb76aec5-d099-41ed-9d8a-f6e7f7bfd9da","local_time":"20180315134302","is_prod":false,"is_daily":false,"is_ascension_mode":true,"campfire_upgraded":5,"timestamp":1521117782,"path_taken":["M","$","?","M","M","R","E","R","T","E","R","M","$","M","R","BOSS","M","M","?","?","M","R","M","M","T","$","E","?","M","?","R","BOSS","M","$","M","?","?","R","M","M","T","?","?","R","M","M","R","BOSS"],"build_version":"2018-03-09","purchased_purges":1,"victory":true,"master_deck":["Strike_R+1","Strike_R+1","Strike_R+1","Defend_R+1","Defend_R+1","Defend_R+1","Defend_R+1","Bash+1","Intimidate+1","Metallicize+1","Clothesline+1","Juggernaut","Pommel Strike+1","Disarm+1","Battle Trance","Twin Strike+1","Flex","True Grit+1","Shrug It Off","Demon Form+1","Flame Barrier+1","Madness","Madness","Rampage+1","Sentinel+1"],"max_hp_per_floor":[80,80,80,80,80,80,80,80,80,80,80,80,80,80,80,80,80,80,80,80,80,80,80,80,80,80,80,80,80,80,80,80,80,80,80,80,80,80,80,80,80,80,80,70,70,70,70,70,70,70],"relics":["Burning Blood","Bronze Scales","Pen Nib","Happy Flower","Anchor","Lantern","Sozu","Enchiridion","Old Coin","Mercury Hourglass","Orichalcum","Velvet Choker","Gremlin Horn","Red Mask","Whetstone"],"card_choices":[{"not_picked":["Heavy Blade","Evolve"],"picked":"Intimidate"},{"not_picked":["Cleave","Hemokinesis"],"picked":"Metallicize"},{"not_picked":["Wild Strike","Havoc"],"picked":"Clothesline"},{"not_picked":["Reaper","Fiend Fire"],"picked":"Juggernaut"},{"not_picked":["Iron Wave","Heavy Blade"],"picked":"Pommel Strike"},{"not_picked":["Clash","Carnage"],"picked":"Disarm"},{"not_picked":["Whirlwind","Clothesline"],"picked":"Battle Trance"},{"not_picked":["Perfected Strike","Cleave"],"picked":"Twin Strike"},{"not_picked":["Metallicize","Thunderclap"],"picked":"Flex"},{"not_picked":["Combust","Evolve"],"picked":"True Grit"},{"not_picked":["Iron Wave","Fiend Fire"],"picked":"Shrug It Off"},{"not_picked":["Exhume","Reaper"],"picked":"Demon Form"},{"not_picked":["Clothesline","Armaments"],"picked":"Rampage"},{"not_picked":["Thunderclap","Dropkick"],"picked":"Sentinel"}],"player_experience":92017,"potions_floor_usage":[33],"damage_taken":[{"damage":1.0,"enemies":"Cultist","floor":1.0,"turns":4.0},{"damage":9.0,"enemies":"2 Louse","floor":4.0,"turns":2.0},{"damage":8.0,"enemies":"Jaw Worm","floor":5.0,"turns":4.0},{"damage":23.0,"enemies":"Lagavulin","floor":7.0,"turns":8.0},{"damage":32.0,"enemies":"Gremlin Nob","floor":10.0,"turns":6.0},{"damage":2.0,"enemies":"2 Fungi Beasts","floor":12.0,"turns":4.0},{"damage":0.0,"enemies":"3 Louse","floor":14.0,"turns":3.0},{"damage":15.0,"enemies":"Hexaghost","floor":16.0,"turns":10.0},{"damage":16,"enemies":"2 Thieves","floor":18,"turns":4},{"damage":15,"enemies":"Spheric Guardian","floor":19,"turns":4},{"damage":4,"enemies":"Snake Plant","floor":21,"turns":4},{"damage":10,"enemies":"Centurion and Healer","floor":22,"turns":6},{"damage":12,"enemies":"Snecko","floor":24,"turns":4},{"damage":19,"enemies":"Cultist and Chosen","floor":25,"turns":6},{"damage":30,"enemies":"Slavers","floor":28,"turns":5},{"damage":7,"enemies":"Sentry and Sphere","floor":30,"turns":5},{"damage":6,"enemies":"Snecko","floor":31,"turns":4},{"damage":0,"enemies":"Collector","floor":33,"turns":9},{"damage":1,"enemies":"3 Shapes","floor":35,"turns":5},{"damage":16,"enemies":"3 Darklings","floor":37,"turns":4},{"damage":20,"enemies":"Sphere and 2 Shapes","floor":41,"turns":5},{"damage":16,"enemies":"Maw","floor":42,"turns":8},{"damage":1,"enemies":"4 Shapes","floor":45,"turns":5},{"damage":24,"enemies":"3 Darklings","floor":47,"turns":4},{"damage":16,"enemies":"Sphere and 2 Shapes","floor":48,"turns":6},{"damage":44,"enemies":"Awakened One","floor":50,"turns":10}],"event_choices":[{"event_name":"The Cleric","player_choice":"Card Removal","floor":3.0,"damage_taken":0.0},{"event_name":"Cursed Tome","player_choice":"Obtained Book","floor":20,"damage_taken":0},{"event_name":"Back to Basics","player_choice":"Simplicity","floor":29,"damage_taken":0},{"event_name":"Tomb of Lord Red Mask","player_choice":"Paid","floor":38,"damage_taken":0},{"event_name":"Winding Halls","player_choice":"Embrace Madness","floor":39,"damage_taken":0},{"event_name":"The Moai Head","player_choice":"Heal","floor":44,"damage_taken":0}],"boss_relics":[{"not_picked":["Astrolabe","Mark of Pain"],"picked":"Sozu"},{"not_picked":["Runic Dome","Cursed Key"],"picked":"Velvet Choker"}],"potions_floor_spawned":[4,5,22,24,28,30,31,33,41,47,48],"seed_played":"-7508090116318736607","ascension_level":2,"is_trial":false}