{"gold_per_floor":[160,0,75,95,108,108,58,58,82,82,82,82,97,108,108,227,227,214,233,233,248,248,9,9,9,56,74,74,93,93,93],"floor_reached":31,"playtime":1465,"items_purged":["Strike_G"],"score":250,"play_id":"fe1d4a75-768f-4e97-b1b9-4d522dfc9cba","local_time":"20181027151248","is_ascension_mode":false,"campfire_choices":[{"data":"Jack Of All Trades","floor":6,"key":"SMITH"},{"data":"Choke","floor":10,"key":"SMITH"},{"floor":12,"key":"REST"},{"floor":15,"key":"REST"},{"data":"Envenom","floor":25,"key":"SMITH"},{"floor":30,"key":"REST"}],"neow_cost":"NONE","seed_source_timestamp":1373089045597916,"circlet_count":0,"master_deck":["Defend_G+1","Defend_G","Defend_G+1","Defend_G","Strike_G","Strike_G","Strike_G","Strike_G+1","Survivor","Neutralize","Outmaneuver","Choke","Jack Of All Trades+1","Underhanded Strike","Choke+1","Catalyst","Escape Plan","Envenom+1","Dagger Spray","Bouncing Flask","Crippling Poison","Poisoned Stab","Bouncing Flask","Bane+1","Flying Knee+1"],"relics":["Tiny House","PreservedInsect","Orichalcum","White Beast Statue","Lee\u0027s Waffle","Lantern","Question Card"],"potions_floor_usage":[1,14,16,21,27,29,31,31],"damage_taken":[{"damage":5,"enemies":"Small Slimes","floor":1,"turns":4},{"damage":7,"enemies":"Jaw Worm","floor":4,"turns":8},{"damage":0,"enemies":"Cultist","floor":5,"turns":2},{"damage":1,"enemies":"Blue Slaver","floor":13,"turns":3},{"damage":5,"enemies":"Exordium Thugs","floor":14,"turns":4},{"damage":46,"enemies":"Hexaghost","floor":16,"turns":13},{"damage":24,"enemies":"2 Thieves","floor":18,"turns":4},{"damage":33,"enemies":"Spheric Guardian","floor":19,"turns":6},{"damage":2,"enemies":"Snecko","floor":21,"turns":3},{"damage":27,"enemies":"Centurion and Healer","floor":27,"turns":5},{"damage":13,"enemies":"3 Cultists","floor":29,"turns":4},{"damage":40,"enemies":"Gremlin Leader","floor":31,"turns":4}],"seed_played":"7080829368454973113","potions_obtained":[{"floor":0,"key":"Fruit Juice"},{"floor":5,"key":"Weak Potion"},{"floor":13,"key":"Block Potion"},{"floor":18,"key":"SteroidPotion"},{"floor":19,"key":"Ancient Potion"},{"floor":21,"key":"Strength Potion"},{"floor":27,"key":"Fire Potion"},{"floor":29,"key":"FearPotion"}],"is_trial":false,"path_per_floor":["M","$","?","M","M","R","?","?","T","R","?","R","M","M","R","B",null,"M","M","?","M","?","$","?","R","T","M","T","M","R"],"character_chosen":"THE_SILENT","items_purchased":["Jack Of All Trades","Lee\u0027s Waffle","Bouncing Flask"],"campfire_rested":3,"item_purchase_floors":[2,23,23],"current_hp_per_floor":[75,75,64,57,57,57,57,41,41,41,16,40,39,34,58,12,80,56,23,23,21,21,87,70,70,70,43,43,30,57,17],"gold":93,"neow_bonus":"BOSS_RELIC","is_prod":false,"is_daily":false,"chose_seed":false,"campfire_upgraded":3,"win_rate":0.0,"timestamp":1540606368,"path_taken":["M","$","?","M","?","R","?","?","T","R","?","R","?","M","R","BOSS","M","M","?","M","?","$","?","R","T","?","?","M","R","E"],"build_version":"2018-10-25v2","purchased_purges":1,"victory":false,"max_hp_per_floor":[80,80,80,80,80,80,80,80,80,80,80,80,80,80,80,80,80,80,80,80,80,80,87,92,92,92,92,92,92,92,92],"card_choices":[{"not_picked":["Calculated Gamble","Concentrate"],"picked":"Outmaneuver","floor":0},{"not_picked":["Dodge and Roll","Deflect"],"picked":"Choke","floor":1},{"not_picked":["Outmaneuver","Calculated Gamble"],"picked":"Underhanded Strike","floor":4},{"not_picked":["Backflip","Footwork"],"picked":"Choke","floor":5},{"not_picked":["Dodge and Roll","Acrobatics"],"picked":"Catalyst","floor":13},{"not_picked":["All Out Attack","Acrobatics"],"picked":"Escape Plan","floor":14},{"not_picked":["Bullet Time","Burst"],"picked":"Envenom","floor":16},{"not_picked":["Sucker Punch","Cloak And Dagger"],"picked":"Dagger Spray","floor":18},{"not_picked":["Dagger Throw","Backstab"],"picked":"Bouncing Flask","floor":19},{"not_picked":["Outmaneuver","Blade Dance"],"picked":"Poisoned Stab","floor":21},{"not_picked":["Deadly Poison","All Out Attack"],"picked":"Bane+1","floor":27},{"not_picked":["Sucker Punch","Blade Dance","Cloak And Dagger+1"],"picked":"Flying Knee+1","floor":29}],"player_experience":250145,"relics_obtained":[{"floor":9,"key":"PreservedInsect"},{"floor":26,"key":"Lantern"},{"floor":28,"key":"Question Card"}],"event_choices":[{"damage_healed":0,"gold_gain":75,"player_choice":"Gather Gold","damage_taken":11,"max_hp_gain":0,"max_hp_loss":0,"event_name":"World of Goop","floor":3,"gold_loss":0},{"cards_removed":["Defend_G"],"damage_healed":0,"gold_gain":0,"player_choice":"Card Removal","damage_taken":0,"max_hp_gain":0,"max_hp_loss":0,"event_name":"The Cleric","floor":7,"gold_loss":50},{"damage_healed":0,"gold_gain":0,"player_choice":"Entered Light","damage_taken":16,"max_hp_gain":0,"max_hp_loss":0,"event_name":"Shining Light","floor":8,"gold_loss":0,"cards_upgraded":["Strike_G","Defend_G"]},{"damage_healed":0,"gold_gain":0,"player_choice":"Success","damage_taken":25,"relics_obtained":["Orichalcum"],"max_hp_gain":0,"max_hp_loss":0,"event_name":"Scrap Ooze","floor":11,"gold_loss":0},{"damage_healed":0,"gold_gain":0,"player_choice":"1 cards matched","damage_taken":0,"max_hp_gain":0,"max_hp_loss":0,"event_name":"Match and Keep!","floor":20,"gold_loss":0,"cards_obtained":["Crippling Poison"]},{"damage_healed":0,"gold_gain":0,"player_choice":"Ignored","damage_taken":0,"max_hp_gain":0,"max_hp_loss":0,"event_name":"Vampires","floor":22,"gold_loss":0},{"damage_healed":0,"gold_gain":0,"player_choice":"Shed Blood","damage_taken":22,"max_hp_gain":5,"max_hp_loss":0,"event_name":"Forgotten Altar","floor":24,"gold_loss":0}],"is_beta":false,"boss_relics":[{"not_picked":["Cursed Key","Sozu"],"picked":"White Beast Statue"}],"items_purged_floors":[2],"is_endless":false,"potions_floor_spawned":[5,13,18,19,21,27,29],"killed_by":"Gremlin Leader","ascension_level":0}