{"path_per_floor":["M","?","$","M","$","E","M","R","T","?","M","R","$","?","R","B",null,"M","M","M","?","M","R","$","R","T","M","R","$","T","M","R","B",null,"M","$","M","?","?","R","?","R","T","R","E","$","M","M","R","B"],"character_chosen":"IRONCLAD","items_purchased":["War Paint","Body Slam","Flame Barrier","Heavy Blade"],"gold_per_floor":[112,62,62,79,4,36,50,50,50,50,60,60,60,124,124,229,229,246,263,283,198,216,216,67,67,67,84,84,38,64,84,84,188,188,201,101,119,169,169,169,169,169,195,195,222,0,11,24,24,24],"floor_reached":51,"campfire_rested":3,"playtime":2398,"current_hp_per_floor":[88,88,88,88,88,71,76,76,76,69,60,60,60,57,85,45,95,92,90,13,13,10,44,44,78,78,57,63,63,63,66,72,67,95,90,90,94,52,76,84,84,92,92,95,90,90,94,95,95,32],"items_purged":["Strike_R","Strike_R","Strike_R"],"gold":24,"score":723,"play_id":"56cdbf42-5ccc-45a9-b48d-68092b5ae518","local_time":"20180402174448","is_prod":false,"is_daily":false,"is_ascension_mode":false,"campfire_upgraded":8,"timestamp":1522683888,"path_taken":["M","?","$","M","$","E","M","R","T","?","?","R","$","?","R","BOSS","M","M","M","?","?","R","$","R","T","M","R","$","?","M","R","BOSS","M","$","M","?","?","R","?","R","T","R","E","$","M","?","R","BOSS"],"build_version":"2018-03-29v2","purchased_purges":3,"victory":true,"master_deck":["Defend_R","Defend_R+1","Defend_R","Defend_R","Bash","Rampage+1","Inflame+1","True Grit","Ghostly Armor+1","Ghostly Armor+1","Shrug It Off+1","Barricade+1","Shrug It Off+1","Twin Strike","Body Slam+1","Pommel Strike+1","Offering","Shrug It Off+1","Spot Weakness+1","Writhe","Body Slam+1","Flame Barrier","Heavy Blade+1"],"max_hp_per_floor":[88,88,88,88,88,88,88,88,88,88,88,88,88,95,95,95,95,95,95,95,95,95,95,95,95,95,95,95,95,95,95,95,95,95,95,95,95,95,95,95,95,95,95,95,95,95,95,95,95,95],"relics":["Burning Blood","Blood Vial","Question Card","Strawberry","Eternal Feather","Ancient Tea Set","War Paint","Pen Nib","Bag of Marbles","Sozu","Du-Vu Doll","Art of War","Bottled Lightning"],"card_choices":[{"not_picked":["Wild Strike","Rage"],"picked":"Rampage","floor":1},{"not_picked":["Anger","Berserk"],"picked":"Inflame","floor":4},{"not_picked":["Iron Wave","Rupture"],"picked":"True Grit","floor":6},{"not_picked":["True Grit","Iron Wave"],"picked":"Ghostly Armor","floor":7},{"not_picked":["Iron Wave","Perfected Strike","Power Through"],"picked":"Ghostly Armor","floor":11},{"not_picked":["Sword Boomerang","Dark Embrace","Entrench"],"picked":"Shrug It Off","floor":14},{"not_picked":["Offering","Reaper","Feed"],"picked":"Barricade","floor":16},{"not_picked":["Clothesline","Iron Wave","Flex"],"picked":"Shrug It Off","floor":18},{"not_picked":["Anger","Cleave","Pommel Strike"],"picked":"Twin Strike","floor":20},{"not_picked":["Iron Wave","Power Through","Disarm"],"picked":"Pommel Strike","floor":31},{"not_picked":["Brutality","Barricade","Double Tap"],"picked":"Offering","floor":33},{"not_picked":["Warcry","Pommel Strike","Clash"],"picked":"Shrug It Off","floor":35},{"not_picked":["Dual Wield","Iron Wave","Blood for Blood"],"picked":"Spot Weakness","floor":38},{"not_picked":["Anger","Headbutt","Metallicize"],"picked":"Body Slam","floor":45}],"player_experience":265373,"potions_floor_usage":[6,14,16,20,27,33,35,37],"damage_taken":[{"damage":4,"enemies":"Small Slimes","floor":1,"turns":4},{"damage":6,"enemies":"Jaw Worm","floor":4,"turns":4},{"damage":23,"enemies":"3 Sentries","floor":6,"turns":9},{"damage":3,"enemies":"2 Louse","floor":7,"turns":4},{"damage":17,"enemies":"Lots of Slimes","floor":11,"turns":6},{"damage":18,"enemies":"3 Sentries","floor":14,"turns":12},{"damage":48,"enemies":"The Guardian","floor":16,"turns":12},{"damage":9,"enemies":"Spheric Guardian","floor":18,"turns":12},{"damage":10,"enemies":"Shell Parasite","floor":19,"turns":10},{"damage":85,"enemies":"Cultist and Chosen","floor":20,"turns":13},{"damage":11,"enemies":"Centurion and Healer","floor":22,"turns":7},{"damage":29,"enemies":"Snake Plant","floor":27,"turns":9},{"damage":5,"enemies":"Sentry and Sphere","floor":31,"turns":10},{"damage":13,"enemies":"Champ","floor":33,"turns":11},{"damage":11,"enemies":"Orb Walker","floor":35,"turns":5},{"damage":4,"enemies":"3 Shapes","floor":37,"turns":6},{"damage":49,"enemies":"Sphère mystérieuse","floor":38,"turns":8},{"damage":11,"enemies":"Giant Head","floor":45,"turns":8},{"damage":4,"enemies":"Sphere and 2 Shapes","floor":47,"turns":4},{"damage":0,"enemies":"Maw","floor":48,"turns":6},{"damage":69,"enemies":"Awakened One","floor":50,"turns":12}],"event_choices":[{"event_name":"The Cleric","player_choice":"Card Removal","floor":2,"damage_taken":0},{"event_name":"Golden Wing","player_choice":"Card Removal","floor":10,"damage_taken":0},{"event_name":"Dead Adventurer","player_choice":"Searched \u00271\u0027 times","floor":14,"damage_taken":0},{"event_name":"Addict","player_choice":"Obtained Relic","floor":21,"damage_taken":0},{"event_name":"Mysterious Sphere","player_choice":"Fight","floor":38,"damage_taken":0},{"event_name":"Winding Halls","player_choice":"Writhe","floor":39,"damage_taken":0},{"event_name":"Tomb of Lord Red Mask","player_choice":"Ignored","floor":41,"damage_taken":0}],"boss_relics":[{"not_picked":["Runic Pyramid","Runic Dome"],"picked":"Eternal Feather"},{"not_picked":["Snecko Eye","Tiny House"],"picked":"Sozu"}],"potions_floor_spawned":[4,6,14,16,20,22,31,33,35,37,47],"seed_played":"-7116003000633486043","ascension_level":0,"is_trial":false}