{"gold_per_floor":[114,114,129,144,169,169,184,214,264,324,339,354,354,384,384,484,484,499,130,145,160,160,160,75,90,140,170,200,215,240,270,270,370,370,385,400,415,415,24,24,54,54,79,1,1,16,46,76,76,76],"floor_reached":51,"playtime":3877,"items_purged":["Brutality"],"score":1115,"play_id":"aff1155c-c38b-464e-afcd-ba16e9203eb8","local_time":"20181012095851","daily_mods":["Shiny","Time Dilation","DeadlyEvents"],"is_ascension_mode":false,"campfire_choices":[{"data":"Immolate","floor":6.0,"key":"SMITH"},{"data":"Armaments","floor":13.0,"key":"SMITH"},{"data":"True Grit","floor":15.0,"key":"SMITH"},{"data":"Barricade","floor":23.0,"key":"SMITH"},{"data":"Dark Embrace","floor":32,"key":"SMITH"},{"data":"Fiend Fire","floor":40,"key":"SMITH"},{"data":"Double Tap","floor":42,"key":"SMITH"},{"data":"Demon Form","floor":45,"key":"SMITH"},{"data":"Bludgeon","floor":49,"key":"SMITH"}],"neow_cost":"","seed_source_timestamp":0,"circlet_count":0,"master_deck":["Double Tap+1","Demon Form+1","Bludgeon+1","Feed","Limit Break","Barricade+1","Fiend Fire+1","Dark Embrace+1","Berserk","Impervious","Juggernaut","Reaper","Exhume","Offering","Immolate+1","Defend_R+1","Defend_R","Defend_R","Defend_R","Bash","Shrug It Off","Disarm","Entrench","True Grit+1","Armaments+1","Impervious+1","Armaments+1","Metallicize","Bite","Bite","Bite","Bite","Bite","Pummel","Body Slam","Inflame","Feed","Impervious","Uppercut+1","Purity","Thinking Ahead","Secret Technique","Corruption","Apotheosis","Seeing Red","Shockwave","Body Slam+1"],"special_seed":17816,"relics":["Burning Blood","Omamori","Dream Catcher","Tiny Chest","Bronze Scales","Mark of Pain","Happy Flower","Lantern","Art of War","Oddly Smooth Stone","Bag of Marbles","Unceasing Top","War Paint","Blue Candle","Snecko Eye","Letter Opener","Potion Belt","Bag of Preparation","Pear"],"potions_floor_usage":[27,28,33,50,50,50],"damage_taken":[{"damage":7.0,"enemies":"Small Slimes","floor":1.0,"turns":2.0},{"damage":6.0,"enemies":"Jaw Worm","floor":3.0,"turns":2.0},{"damage":0.0,"enemies":"Cultist","floor":4.0,"turns":3.0},{"damage":23.0,"enemies":"Exordium Wildlife","floor":7.0,"turns":8.0},{"damage":13.0,"enemies":"Gremlin Nob","floor":8.0,"turns":3.0},{"damage":31.0,"enemies":"3 Sentries","floor":10.0,"turns":14.0},{"damage":12.0,"enemies":"Red Slaver","floor":11.0,"turns":3.0},{"damage":8.0,"enemies":"Blue Slaver","floor":12.0,"turns":5.0},{"damage":6.0,"enemies":"Lagavulin","floor":14.0,"turns":4.0},{"damage":19.0,"enemies":"Hexaghost","floor":16.0,"turns":9.0},{"damage":22.0,"enemies":"Shell Parasite","floor":18.0,"turns":4.0},{"damage":2.0,"enemies":"2 Thieves","floor":20.0,"turns":4.0},{"damage":16.0,"enemies":"Shelled Parasite and Fungi","floor":21.0,"turns":5.0},{"damage":8,"enemies":"Chosen and Byrds","floor":25,"turns":5},{"damage":7,"enemies":"Slavers","floor":27,"turns":2},{"damage":12,"enemies":"Book of Stabbing","floor":28,"turns":5},{"damage":47,"enemies":"Sentry and Sphere","floor":29,"turns":5},{"damage":46,"enemies":"Slavers","floor":31,"turns":4},{"damage":9,"enemies":"Automaton","floor":33,"turns":11},{"damage":0,"enemies":"Orb Walker","floor":35,"turns":6},{"damage":27,"enemies":"3 Darklings","floor":36,"turns":4},{"damage":0,"enemies":"Sphere and 2 Shapes","floor":37,"turns":5},{"damage":0,"enemies":"Nemesis","floor":41,"turns":1},{"damage":0,"enemies":"Maw","floor":46,"turns":2},{"damage":0,"enemies":"2 Orb Walkers","floor":47,"turns":1},{"damage":0,"enemies":"Giant Head","floor":48,"turns":3},{"damage":0,"enemies":"Awakened One","floor":50,"turns":4}],"seed_played":"-4401274191363558233","potions_obtained":[{"floor":1.0,"key":"AttackPotion"},{"floor":3.0,"key":"EssenceOfSteel"},{"floor":8.0,"key":"Strength Potion"},{"floor":10.0,"key":"Strength Potion"},{"floor":12.0,"key":"SkillPotion"},{"floor":14.0,"key":"SkillPotion"},{"floor":20.0,"key":"Energy Potion"},{"floor":21.0,"key":"AttackPotion"},{"floor":25,"key":"GamblersBrew"},{"floor":31,"key":"AttackPotion"},{"floor":33,"key":"SneckoOil"},{"floor":36,"key":"SkillPotion"},{"floor":47,"key":"Poison Potion"}],"is_trial":false,"path_per_floor":["M","?","M","M","T","R","M","E","T","E","M","M","R","E","R","B",null,"M","$","M","M","?","R","?","M","T","E","E","M","T","E","R","B",null,"M","M","M","?","$","R","E","R","T","$","R","M","E","E","R","B"],"character_chosen":"IRONCLAD","items_purchased":["Happy Flower","Lantern","Metallicize","Corruption","Apotheosis","Seeing Red","Shockwave"],"campfire_rested":0,"item_purchase_floors":[19,19,19,39,39,39,44],"current_hp_per_floor":[79,84,84,85,85,85,68,64,64,68,68,71,71,78,78,83,94,78,78,84,86,86,86,86,93,93,97,100,69,69,68,68,103,103,107,110,118,108,108,108,114,114,114,114,114,118,121,135,135,138],"gold":76,"neow_bonus":"","is_prod":false,"is_daily":true,"chose_seed":false,"campfire_upgraded":9,"win_rate":0,"timestamp":1539331131,"path_taken":["M","?","M","M","?","R","M","E","T","?","?","M","R","?","R","BOSS","M","$","M","M","?","R","?","?","T","E","?","M","?","E","R","BOSS","M","?","M","?","?","R","E","R","T","$","R","?","?","E","R","BOSS"],"build_version":"2018-10-11","purchased_purges":1,"victory":true,"max_hp_per_floor":[80,85,85,85,85,85,85,88,88,91,91,94,94,94,94,94,94,94,94,94,97,97,97,97,97,97,100,100,100,100,100,100,103,103,107,110,118,118,118,118,118,118,118,118,118,118,121,135,135,138],"card_choices":[{"not_picked":["Spot Weakness","Flex"],"picked":"Shrug It Off","floor":1.0},{"not_picked":["Dropkick","Anger"],"picked":"Disarm","floor":3.0},{"not_picked":["Warcry","Twin Strike"],"picked":"Entrench","floor":4.0},{"not_picked":["Dropkick","Intimidate","Anger"],"picked":"SKIP","floor":7.0},{"not_picked":["Pommel Strike","Whirlwind"],"picked":"True Grit","floor":8.0},{"not_picked":["Twin Strike","Thunderclap","Wild Strike"],"picked":"SKIP","floor":10.0},{"not_picked":["Iron Wave","Whirlwind","Pommel Strike"],"picked":"SKIP","floor":11.0},{"not_picked":["Power Through","Flex"],"picked":"Armaments","floor":12.0},{"not_picked":["Wild Strike","Brutality","Whirlwind"],"picked":"SKIP","floor":14.0},{"not_picked":["Exhume","Double Tap"],"picked":"Impervious","floor":16.0},{"not_picked":["Havoc+1","Pommel Strike"],"picked":"Armaments+1","floor":18.0},{"not_picked":["Wild Strike+1","Clothesline","Iron Wave"],"picked":"SKIP","floor":20.0},{"not_picked":["Barricade","Headbutt","Twin Strike"],"picked":"SKIP","floor":21.0},{"not_picked":["Bloodletting","Intimidate","Iron Wave"],"picked":"SKIP","floor":25},{"not_picked":["Sentinel","Power Through"],"picked":"Pummel","floor":27},{"not_picked":["Dark Embrace","Twin Strike"],"picked":"Body Slam","floor":28},{"not_picked":["Iron Wave+1","Reckless Charge"],"picked":"Inflame","floor":29},{"not_picked":["Rampage+1","True Grit"],"picked":"Feed","floor":31},{"not_picked":["Bludgeon","Berserk"],"picked":"Impervious","floor":33},{"not_picked":["Headbutt+1","Spot Weakness","Searing Blow"],"picked":"SKIP","floor":35},{"not_picked":["Thunderclap+1","Intimidate+1","Armaments"],"picked":"SKIP","floor":36},{"not_picked":["Fire Breathing+1","Anger+1"],"picked":"Uppercut+1","floor":37},{"not_picked":["Mayhem","Good Instincts"],"picked":"Purity","floor":38},{"not_picked":["Good Instincts","Blind"],"picked":"Thinking Ahead","floor":38},{"not_picked":["Enlightenment","Blind"],"picked":"Secret Technique","floor":38},{"not_picked":["Dropkick","Infernal Blade","Clash"],"picked":"SKIP","floor":41},{"not_picked":["Armaments","Sword Boomerang","Anger"],"picked":"SKIP","floor":46},{"not_picked":["Warcry+1","Sentinel"],"picked":"Body Slam+1","floor":47},{"not_picked":["Corruption+1","Blood for Blood+1","Heavy Blade"],"picked":"SKIP","floor":48}],"player_experience":1423031,"relics_obtained":[{"floor":5.0,"key":"Omamori"},{"floor":8.0,"key":"Dream Catcher"},{"floor":9.0,"key":"Blood Vial"},{"floor":10.0,"key":"Tiny Chest"},{"floor":14.0,"key":"Bronze Scales"},{"floor":26,"key":"Oddly Smooth Stone"},{"floor":27,"key":"Bag of Marbles"},{"floor":28,"key":"Unceasing Top"},{"floor":30,"key":"War Paint"},{"floor":31,"key":"Blue Candle"},{"floor":41,"key":"Letter Opener"},{"floor":43,"key":"Potion Belt"},{"floor":47,"key":"Bag of Preparation"},{"floor":48,"key":"Pear"}],"event_choices":[{"event_name":"Big Fish","player_choice":"Donut","floor":2.0,"damage_taken":0.0},{"event_name":"Vampires","player_choice":"Became a vampire (Vial)","floor":22.0,"damage_taken":0.0},{"event_name":"Addict","player_choice":"Obtained Relic","floor":24.0,"damage_taken":0.0},{"event_name":"SensoryStone","player_choice":"Memory 3","floor":38,"damage_taken":0}],"is_beta":false,"boss_relics":[{"not_picked":["Runic Dome","Fusion Hammer"],"picked":"Mark of Pain"},{"not_picked":["Runic Pyramid","Busted Crown"],"picked":"Snecko Eye"}],"items_purged_floors":[39],"is_endless":false,"potions_floor_spawned":[1,3,8,10,12,14,20,21,25,31,33,36,37,47],"ascension_level":0}