{"gold_per_floor":[119,69,86,104,29,29,29,29,29,29,29],"floor_reached":11,"playtime":596,"items_purged":["Defend_G"],"score":61,"play_id":"c6a54719-52a9-455f-92c2-1afb82eaf89a","local_time":"20181227004212","is_ascension_mode":false,"campfire_choices":[{"data":"Neutralize","floor":6,"key":"SMITH"},{"data":"Backflip","floor":8,"key":"SMITH"}],"neow_cost":"TEN_PERCENT_HP_LOSS","seed_source_timestamp":375516175272622,"circlet_count":0,"master_deck":["Defend_G","Defend_G","Defend_G","Defend_G+1","Strike_G","Strike_G","Survivor+1","Neutralize+1","Backflip+1","Endless Agony","Terror"],"relics":["Ring of the Snake","WingedGreaves","Sundial"],"potions_floor_usage":[],"damage_taken":[{"damage":2,"enemies":"Small Slimes","floor":1,"turns":6},{"damage":0,"enemies":"2 Louse","floor":3,"turns":5},{"damage":2,"enemies":"Jaw Worm","floor":4,"turns":5},{"damage":43,"enemies":"3 Sentries","floor":11,"turns":10}],"seed_played":"-7209592055352872542","potions_obtained":[{"floor":3,"key":"Swift Potion"}],"is_trial":false,"path_per_floor":["M","?","M","M","$","R","?","R","T","?","E"],"character_chosen":"THE_SILENT","items_purchased":[],"campfire_rested":0,"item_purchase_floors":[],"current_hp_per_floor":[61,61,61,59,59,59,52,52,52,39,0],"gold":29,"neow_bonus":"REMOVE_TWO","is_prod":false,"is_daily":false,"chose_seed":false,"campfire_upgraded":2,"win_rate":0,"timestamp":1545867732,"path_taken":["M","?","M","M","$","R","?","R","T","?","E"],"build_version":"2018-12-20","purchased_purges":1,"victory":false,"max_hp_per_floor":[63,63,63,63,63,63,63,63,63,63,63],"card_choices":[{"not_picked":["Flying Knee","Outmaneuver"],"picked":"Backflip","floor":1},{"not_picked":["Bane","Outmaneuver"],"picked":"Endless Agony","floor":3},{"not_picked":["Calculated Gamble","Cloak And Dagger"],"picked":"Terror","floor":4}],"player_experience":109248,"relics_obtained":[{"floor":9,"key":"Sundial"}],"event_choices":[{"cards_removed":["Strike_G"],"damage_healed":0,"gold_gain":0,"player_choice":"Card Removal","damage_taken":0,"max_hp_gain":0,"max_hp_loss":0,"event_name":"The Cleric","floor":2,"gold_loss":50},{"damage_healed":0,"gold_gain":0,"player_choice":"Success","damage_taken":7,"relics_obtained":["WingedGreaves"],"max_hp_gain":0,"max_hp_loss":0,"event_name":"Scrap Ooze","floor":7,"gold_loss":0},{"damage_healed":0,"gold_gain":0,"player_choice":"Entered Light","damage_taken":13,"max_hp_gain":0,"max_hp_loss":0,"event_name":"Shining Light","floor":10,"gold_loss":0,"cards_upgraded":["Defend_G","Survivor"]}],"is_beta":false,"boss_relics":[],"items_purged_floors":[5],"is_endless":false,"potions_floor_spawned":[3],"killed_by":"3 Sentries","ascension_level":0}