{"gold_per_floor":[113,113,124,136,136,201,201,233,257,288,305,305,323,211,211,290,290,303,318,330,330],"floor_reached":21,"playtime":761,"items_purged":["Strike_B"],"score":402,"play_id":"4818d13c-0f27-45a8-a424-3923e2b644ad","local_time":"20181225010026","is_ascension_mode":true,"campfire_choices":[{"data":"Coolheaded","floor":7,"key":"SMITH"},{"floor":12,"key":"REST"},{"data":"Loop","floor":15,"key":"SMITH"}],"neow_cost":"NONE","seed_source_timestamp":41370464574019,"circlet_count":0,"master_deck":["AscendersBane","Defend_B","Defend_B","Defend_B","Defend_B","Zap","Dualcast","Compile Driver","Cold Snap","Streamline+1","Coolheaded+1","Self Repair","Reboot","Loop+1","Electrodynamics","Rebound","Glacier"],"special_seed":0,"relics":["Cracked Core","NeowsBlessing","Tiny Chest","Strawberry","Regal Pillow","Pantograph","Empty Cage"],"potions_floor_usage":[6,10,11],"damage_taken":[{"damage":0.0,"enemies":"2 Louse","floor":1.0,"turns":1.0},{"damage":0.0,"enemies":"Cultist","floor":3.0,"turns":1.0},{"damage":0.0,"enemies":"Jaw Worm","floor":4.0,"turns":1.0},{"damage":16,"enemies":"Lagavulin","floor":6,"turns":6},{"damage":31,"enemies":"Gremlin Nob","floor":8,"turns":4},{"damage":13,"enemies":"Lagavulin","floor":10,"turns":6},{"damage":13,"enemies":"Exordium Thugs","floor":11,"turns":5},{"damage":14,"enemies":"Lots of Slimes","floor":13,"turns":5},{"damage":67,"enemies":"Hexaghost","floor":16,"turns":12},{"damage":11,"enemies":"3 Byrds","floor":18,"turns":3},{"damage":22,"enemies":"Spheric Guardian","floor":19,"turns":5},{"damage":37,"enemies":"Snecko","floor":20,"turns":6},{"damage":13,"enemies":"Centurion and Healer","floor":21,"turns":2}],"seed_played":"1748925087109612524","potions_obtained":[{"floor":1.0,"key":"EssenceOfSteel"},{"floor":3.0,"key":"FocusPotion"},{"floor":8,"key":"FocusPotion"},{"floor":11,"key":"SteroidPotion"},{"floor":19,"key":"EssenceOfSteel"}],"is_trial":false,"path_per_floor":["M","?","M","M","?","E","R","E","T","E","M","R","M","$","R","B",null,"M","M","M","M"],"character_chosen":"DEFECT","items_purchased":["Loop"],"campfire_rested":1,"item_purchase_floors":[14],"current_hp_per_floor":[64,64,64,64,64,48,48,24,24,18,12,50,43,43,43,8,61,57,42,12,0],"gold":330,"neow_bonus":"THREE_ENEMY_KILL","is_prod":false,"is_daily":false,"chose_seed":false,"campfire_upgraded":2,"win_rate":0,"timestamp":1545667226,"path_taken":["M","?","M","?","?","E","R","E","T","E","M","R","M","?","R","BOSS","M","M","M","?"],"build_version":"2018-12-20","purchased_purges":1,"victory":false,"max_hp_per_floor":[71,71,71,71,71,71,71,78,78,78,78,78,78,78,78,78,78,78,78,78,78],"card_choices":[{"not_picked":["Steam","Sweeping Beam"],"picked":"Compile Driver","floor":1.0},{"not_picked":["Blizzard","Gash"],"picked":"Cold Snap","floor":3.0},{"not_picked":["Rip and Tear","Steam"],"picked":"Streamline","floor":4.0},{"not_picked":["Sweeping Beam","Recycle"],"picked":"Coolheaded","floor":6},{"not_picked":["Recycle","Hyperbeam"],"picked":"Self Repair","floor":8},{"not_picked":["Melter","Stack"],"picked":"Reboot","floor":10},{"not_picked":["Lockon","Heatsinks","Turbo"],"picked":"SKIP","floor":11},{"not_picked":["Ball Lightning","Go for the Eyes","Barrage"],"picked":"SKIP","floor":13},{"not_picked":["Creative AI","Buffer"],"picked":"Electrodynamics","floor":16},{"not_picked":["Beam Cell","Cold Snap","Leap"],"picked":"SKIP","floor":18},{"not_picked":["Conserve Battery","Leap"],"picked":"Rebound","floor":19},{"not_picked":["Coolheaded","Stack"],"picked":"Glacier","floor":20}],"player_experience":838372,"relics_obtained":[{"floor":6,"key":"Tiny Chest"},{"floor":8,"key":"Strawberry"},{"floor":9,"key":"Regal Pillow"},{"floor":10,"key":"Pantograph"}],"event_choices":[{"cards_removed":["Strike_B"],"damage_healed":0.0,"max_hp_gain":0.0,"max_hp_loss":0.0,"gold_gain":0.0,"event_name":"Purifier","player_choice":"Purged","floor":2.0,"gold_loss":0.0,"damage_taken":0.0},{"damage_healed":0,"gold_gain":0,"player_choice":"Forge","damage_taken":0,"max_hp_gain":0,"max_hp_loss":0,"event_name":"Accursed Blacksmith","floor":5,"gold_loss":0,"cards_upgraded":["Streamline"]}],"is_beta":false,"boss_relics":[{"not_picked":["FrozenCore","Lizard Tail"],"picked":"Empty Cage"}],"items_purged_floors":[14],"is_endless":false,"potions_floor_spawned":[1,3,8,11,19,20],"killed_by":"Centurion and Healer","ascension_level":20}