{"gold_per_floor":[113,125,125,125,137,62,62,62,62,62,88,88,102,112,112,210,210],"floor_reached":17,"playtime":249,"items_purged":["Defend_R"],"score":155,"play_id":"b466496f-44e3-4206-8e60-164be4db0de9","local_time":"20180704000347","is_ascension_mode":false,"campfire_choices":[{"floor":8,"key":"REST"},{"data":"Carnage","floor":10,"key":"SMITH"},{"data":"Corruption","floor":12,"key":"SMITH"},{"floor":15,"key":"REST"}],"neow_cost":"NONE","seed_source_timestamp":82741237634648,"circlet_count":0,"master_deck":["Strike_R","Strike_R","Strike_R","Strike_R","Strike_R","Defend_R","Defend_R","Defend_R","Bash","Carnage+1","Corruption+1"],"relics":["Runic Pyramid","Anchor","Darkstone Periapt","Singing Bowl","Bottled Lightning","Runic Dome"],"potions_floor_usage":[11,16],"damage_taken":[{"damage":18,"enemies":"Jaw Worm","floor":1,"turns":3},{"damage":11,"enemies":"2 Louse","floor":2,"turns":2},{"damage":3,"enemies":"Small Slimes","floor":5,"turns":3},{"damage":19,"enemies":"3 Sentries","floor":11,"turns":5},{"damage":8,"enemies":"3 Louse","floor":13,"turns":5},{"damage":4,"enemies":"2 Fungi Beasts","floor":14,"turns":3},{"damage":23,"enemies":"Slime Boss","floor":16,"turns":8}],"seed_played":"6407102143354600774","potions_obtained":[{"floor":1,"key":"GamblersBrew"},{"floor":2,"key":"PowerPotion"},{"floor":14,"key":"PowerPotion"},{"floor":16,"key":"FearPotion"}],"is_trial":false,"path_per_floor":["M","M","?","?","M","$","T","R","T","R","E","R","M","M","R","B"],"character_chosen":"IRONCLAD","items_purchased":[],"campfire_rested":2,"item_purchase_floors":[],"current_hp_per_floor":[62,51,51,33,30,30,30,54,54,54,35,35,29,27,52,31,31],"gold":210,"neow_bonus":"BOSS_RELIC","is_prod":false,"is_daily":false,"chose_seed":false,"campfire_upgraded":2,"win_rate":0,"timestamp":1530687827,"path_taken":["M","M","?","?","M","?","?","R","T","R","E","R","M","?","R","BOSS"],"build_version":"2018-07-02","purchased_purges":1,"victory":false,"max_hp_per_floor":[80,80,80,80,80,80,80,80,80,80,80,80,82,84,84,86,86],"card_choices":[{"not_picked":["Feel No Pain","Pommel Strike"],"picked":"Carnage","floor":1},{"not_picked":["Shrug It Off","Armaments"],"picked":"Corruption","floor":11},{"not_picked":["Reaper","Reckless Charge","Thunderclap"],"picked":"Singing Bowl","floor":13},{"not_picked":["Wild Strike","Iron Wave","Havoc"],"picked":"Singing Bowl","floor":14},{"not_picked":["Berserk","Dark Embrace","Fiend Fire"],"picked":"Singing Bowl","floor":16}],"player_experience":485423,"relics_obtained":[{"floor":7,"key":"Darkstone Periapt"},{"floor":9,"key":"Singing Bowl"},{"floor":11,"key":"Bottled Lightning"}],"event_choices":[{"event_name":"Liars Game","player_choice":"disagreed","floor":3,"damage_taken":0},{"event_name":"Scrap Ooze","player_choice":"success","floor":4,"damage_taken":18}],"boss_relics":[{"not_picked":["Velvet Choker","Runic Cube"],"picked":"Runic Dome"}],"items_purged_floors":[6],"is_endless":false,"potions_floor_spawned":[1,2,14,16],"ascension_level":0}