{"gold_per_floor":[117,132,152,171,184,214,214,242,242,4,33,33,33,45,45,45],"floor_reached":16,"playtime":2971,"items_purged":[],"score":207,"play_id":"9d02f7d4-6b49-4666-9e7d-da81019efc35","local_time":"20180714225209","is_ascension_mode":true,"campfire_choices":[{"data":"Chaos","floor":7.0,"key":"SMITH"},{"data":"White Noise","floor":13,"key":"SMITH"},{"data":"Loop","floor":15,"key":"SMITH"}],"neow_cost":"NONE","seed_source_timestamp":0,"circlet_count":0,"master_deck":["Strike_B","Strike_B","Strike_B","Strike_B","Defend_B","Defend_B","Defend_B","Defend_B","Zap","Dualcast","AscendersBane","Glacier","Rip and Tear","Leap","Chaos+1","Compile Driver","White Noise+1","Cold Snap","Loop+1","Normality","Sweeping Beam"],"special_seed":0,"relics":["Cracked Core","Blood Vial","Symbiotic Virus","Dodecahedron","Ice Cream","Bottled Lightning","Dead Branch","Smiling Mask"],"potions_floor_usage":[8,8,16],"damage_taken":[{"damage":10.0,"enemies":"Small Slimes","floor":1.0,"turns":3.0},{"damage":1.0,"enemies":"Cultist","floor":2.0,"turns":4.0},{"damage":7.0,"enemies":"Jaw Worm","floor":3.0,"turns":3.0},{"damage":0.0,"enemies":"2 Fungi Beasts","floor":4.0,"turns":4.0},{"damage":11.0,"enemies":"Lots of Slimes","floor":5.0,"turns":7.0},{"damage":3.0,"enemies":"3 Sentries","floor":6.0,"turns":11.0},{"damage":6,"enemies":"Gremlin Nob","floor":8,"turns":4},{"damage":13,"enemies":"3 Sentries","floor":11,"turns":8},{"damage":13,"enemies":"3 Louse","floor":14,"turns":3},{"damage":20,"enemies":"The Guardian","floor":16,"turns":8}],"seed_played":"5662714721897049743","potions_obtained":[{"floor":1.0,"key":"Strength Potion"},{"floor":2.0,"key":"Energy Potion"},{"floor":14,"key":"LiquidBronze"}],"is_trial":false,"path_per_floor":["M","M","M","M","M","E","R","E","T","$","E","?","R","M","R"],"character_chosen":"DEFECT","items_purchased":["Bottled Lightning"],"campfire_rested":0,"item_purchase_floors":[10],"current_hp_per_floor":[56,57,52,54,45,44,44,40,40,40,29,29,29,18,18,0],"gold":45,"neow_bonus":"RANDOM_COMMON_RELIC","is_prod":false,"is_daily":false,"chose_seed":false,"campfire_upgraded":3,"win_rate":0,"timestamp":1531601529,"path_taken":["M","M","M","M","M","E","R","E","T","$","E","?","R","M","R","BOSS"],"build_version":"2018-07-12","purchased_purges":0,"victory":false,"max_hp_per_floor":[71,71,71,71,71,71,71,71,71,71,71,71,71,71,71,71],"card_choices":[{"not_picked":["Melter","Rebound"],"picked":"Glacier","floor":1.0},{"not_picked":["Turbo","Hologram"],"picked":"Rip and Tear","floor":2.0},{"not_picked":["Gash","Barrage"],"picked":"Leap","floor":3.0},{"not_picked":["Coolheaded","Redo"],"picked":"Chaos","floor":4.0},{"not_picked":["Force Field","Steam"],"picked":"Compile Driver","floor":5.0},{"not_picked":["All For One","Leap"],"picked":"White Noise","floor":6.0},{"not_picked":["Static Discharge","Streamline"],"picked":"Cold Snap","floor":8},{"not_picked":["BootSequence","Leap"],"picked":"Loop","floor":11},{"not_picked":["Go for the Eyes","Hologram"],"picked":"Sweeping Beam","floor":14}],"player_experience":815097,"relics_obtained":[{"floor":6.0,"key":"Symbiotic Virus"},{"floor":8,"key":"Dodecahedron"},{"floor":9,"key":"Ice Cream"},{"floor":11,"key":"Dead Branch"}],"event_choices":[{"event_name":"Accursed Blacksmith","player_choice":"Rummage","floor":12,"damage_taken":0}],"boss_relics":[],"items_purged_floors":[],"is_endless":false,"potions_floor_spawned":[1,2,14],"killed_by":"The Guardian","ascension_level":14}