{"gold_per_floor":[116,116,116,142,142,182,182,107,107,32,65,96,109,109,109,109],"floor_reached":16,"playtime":709,"items_purged":["Injury"],"score":328,"play_id":"ba490885-1842-4d6f-ba73-ebf49b282fbc","local_time":"20181206223155","is_ascension_mode":true,"campfire_choices":[{"floor":7.0,"key":"REST"},{"data":"Cloak And Dagger","floor":15.0,"key":"SMITH"}],"neow_cost":"NONE","seed_source_timestamp":89359322711651,"circlet_count":0,"master_deck":["AscendersBane","Defend_G","Defend_G","Defend_G","Defend_G","Defend_G","Strike_G","Strike_G","Strike_G","Strike_G","Strike_G","Survivor","Neutralize+1","Backstab+1","Infinite Blades","Backstab","Deadly Poison","Cloak And Dagger+1"],"special_seed":0,"relics":["Ring of the Snake","NeowsBlessing","Golden Idol","Turnip","Juzu Bracelet","WarpedTongs","Gambling Chip","WingedGreaves","Incense Burner","The Specimen"],"potions_floor_usage":[16,16],"damage_taken":[{"damage":0.0,"enemies":"2 Louse","floor":1.0,"turns":1.0},{"damage":0.0,"enemies":"Gremlin Nob","floor":6.0,"turns":1.0},{"damage":0.0,"enemies":"3 Sentries","floor":11.0,"turns":1.0},{"damage":2.0,"enemies":"Lagavulin","floor":12.0,"turns":9.0},{"damage":0.0,"enemies":"Jaw Worm","floor":13.0,"turns":2.0},{"damage":30,"enemies":"Slime Boss","floor":16,"turns":6}],"seed_played":"3318007576070586589","potions_obtained":[{"floor":1.0,"key":"Explosive Potion"},{"floor":11.0,"key":"Block Potion"},{"floor":12.0,"key":"FearPotion"}],"is_trial":false,"path_per_floor":["M","?","?","T","?","E","R","?","T","$","E","E","M","?","R","B"],"character_chosen":"THE_SILENT","items_purchased":[],"campfire_rested":1,"item_purchase_floors":[],"current_hp_per_floor":[59,59,24,24,24,24,43,43,43,43,43,41,41,21,21,0],"gold":109,"neow_bonus":"THREE_ENEMY_KILL","is_prod":false,"is_daily":false,"chose_seed":false,"campfire_upgraded":1,"win_rate":0,"timestamp":1544131915,"path_taken":["M","?","?","?","?","E","R","?","T","$","E","E","M","?","R","BOSS"],"build_version":"2018-11-15","purchased_purges":1,"victory":false,"max_hp_per_floor":[66,66,66,66,66,66,66,66,66,66,66,66,66,66,66,66],"card_choices":[{"not_picked":["All Out Attack","Dagger Throw"],"picked":"Backstab","floor":1.0},{"not_picked":["Quick Slash","Dagger Throw"],"picked":"Infinite Blades","floor":6.0},{"not_picked":["Quick Slash","Terror"],"picked":"Backstab","floor":11.0},{"not_picked":["Blade Dance","Flechettes"],"picked":"Deadly Poison","floor":12.0},{"not_picked":["Flechettes","Riddle With Holes"],"picked":"Cloak And Dagger","floor":13.0}],"player_experience":1815403,"relics_obtained":[{"floor":4.0,"key":"Juzu Bracelet"},{"floor":6.0,"key":"Gambling Chip"},{"floor":9.0,"key":"WingedGreaves"},{"floor":11.0,"key":"Incense Burner"},{"floor":12.0,"key":"The Specimen"}],"event_choices":[{"damage_healed":0.0,"max_hp_gain":0.0,"max_hp_loss":0.0,"gold_gain":0.0,"event_name":"Golden Idol","player_choice":"Take Wound","floor":2.0,"gold_loss":0.0,"damage_taken":0.0,"relics_obtained":["Golden Idol"],"cards_obtained":["Injury"]},{"damage_healed":0.0,"max_hp_gain":0.0,"max_hp_loss":0.0,"gold_gain":0.0,"event_name":"Scrap Ooze","player_choice":"Success","floor":3.0,"gold_loss":0.0,"damage_taken":35.0,"relics_obtained":["Turnip"]},{"damage_healed":0.0,"max_hp_gain":0.0,"max_hp_loss":0.0,"gold_gain":0.0,"event_name":"Accursed Blacksmith","player_choice":"Rummage","floor":5.0,"gold_loss":0.0,"damage_taken":0.0,"relics_obtained":["WarpedTongs"],"cards_obtained":["Pain"]},{"cards_removed":["Pain"],"damage_healed":0.0,"max_hp_gain":0.0,"max_hp_loss":0.0,"gold_gain":0.0,"event_name":"The Cleric","player_choice":"Card Removal","floor":8.0,"gold_loss":75.0,"damage_taken":0.0},{"damage_healed":0.0,"max_hp_gain":0.0,"max_hp_loss":0.0,"gold_gain":0.0,"event_name":"Shining Light","player_choice":"Entered Light","floor":14.0,"gold_loss":0.0,"damage_taken":20.0,"cards_upgraded":["Backstab","Neutralize"]}],"is_beta":false,"boss_relics":[],"items_purged_floors":[10],"is_endless":false,"potions_floor_spawned":[1,11,12],"killed_by":"Slime Boss","ascension_level":20}