{"gold_per_floor":[113,132,149,149,149,149,182,182,182,199,26,39,72,82,82,156,156,173,191,191,205,205,205],"floor_reached":23,"playtime":971,"items_purged":[],"score":406,"play_id":"91f9a311-bcad-449f-899d-13338950f731","local_time":"20190122234137","is_ascension_mode":true,"campfire_choices":[{"data":"Sucker Punch","floor":6.0,"key":"SMITH"},{"data":"Neutralize","floor":8.0,"key":"SMITH"},{"data":"1","floor":15.0,"key":"LIFT"}],"neow_cost":"NONE","seed_source_timestamp":6257872181731,"circlet_count":0,"master_deck":["AscendersBane","Defend_G","Defend_G","Defend_G","Defend_G","Defend_G","Strike_G","Strike_G","Strike_G","Strike_G","Strike_G","Survivor","Neutralize+1","Sucker Punch+1","All Out Attack","Dagger Spray","Infinite Blades","Die Die Die","Poisoned Stab","Envenom","Crippling Poison","Wraith Form v2","Footwork","Dodge and Roll","Escape Plan","Decay"],"special_seed":0,"relics":["Ring of the Snake","NeowsBlessing","Letter Opener","Girya","Regal Pillow","Meat on the Bone","Cursed Key","Nilry\u0027s Codex"],"potions_floor_usage":[19,21],"damage_taken":[{"damage":0.0,"enemies":"Cultist","floor":1.0,"turns":1.0},{"damage":0.0,"enemies":"Jaw Worm","floor":2.0,"turns":1.0},{"damage":0.0,"enemies":"2 Louse","floor":3.0,"turns":1.0},{"damage":48.0,"enemies":"Gremlin Nob","floor":7.0,"turns":5.0},{"damage":13.0,"enemies":"Large Slime","floor":10.0,"turns":6.0},{"damage":0.0,"enemies":"2 Fungi Beasts","floor":12.0,"turns":1.0},{"damage":2.0,"enemies":"3 Sentries","floor":13.0,"turns":4.0},{"damage":1.0,"enemies":"Exordium Wildlife","floor":14.0,"turns":3.0},{"damage":7.0,"enemies":"The Guardian","floor":16.0,"turns":11.0},{"damage":17.0,"enemies":"Chosen","floor":18.0,"turns":4.0},{"damage":0,"enemies":"3 Byrds","floor":19,"turns":4},{"damage":10,"enemies":"Cultist and Chosen","floor":21,"turns":7},{"damage":30,"enemies":"Book of Stabbing","floor":23,"turns":3}],"seed_played":"-2327167877617790227","potions_obtained":[{"floor":5.0,"key":"Regen Potion"},{"floor":5.0,"key":"EntropicBrew"},{"floor":10.0,"key":"Weak Potion"},{"floor":13.0,"key":"Energy Potion"},{"floor":16.0,"key":"PowerPotion"},{"floor":18.0,"key":"PowerPotion"},{"floor":19,"key":"Ancient Potion"}],"is_trial":false,"path_per_floor":["M","M","M","?","?","R","E","R","T","M","$","M","E","M","R","B",null,"M","M","?","M","?","E"],"character_chosen":"THE_SILENT","items_purchased":["Regal Pillow"],"campfire_rested":0,"item_purchase_floors":[11],"current_hp_per_floor":[59,59,59,59,59,59,23,23,23,10,10,10,8,19,19,24,56,39,39,18,20,20,0],"gold":205,"neow_bonus":"THREE_ENEMY_KILL","is_prod":false,"is_daily":false,"chose_seed":false,"campfire_upgraded":2,"win_rate":0,"timestamp":1548196897,"path_taken":["M","?","?","?","?","R","E","R","T","M","$","M","E","M","R","BOSS","M","?","?","M","?","E"],"build_version":"2019-01-17v2","purchased_purges":0,"victory":false,"max_hp_per_floor":[66,66,66,66,66,66,66,66,66,66,66,66,66,66,66,66,66,66,66,66,66,66,66],"card_choices":[{"not_picked":["Slice","Bane"],"picked":"Sucker Punch","floor":1.0},{"not_picked":["Cloak And Dagger","Prepared"],"picked":"All Out Attack","floor":2.0},{"not_picked":["Dodge and Roll","Prepared"],"picked":"Dagger Spray","floor":3.0},{"not_picked":["Acrobatics","Prepared"],"picked":"Infinite Blades","floor":7.0},{"not_picked":["Flying Knee","Heel Hook"],"picked":"Die Die Die","floor":10.0},{"not_picked":["Bane","Flying Knee"],"picked":"Poisoned Stab","floor":12.0},{"not_picked":["PiercingWail","Dagger Spray"],"picked":"Envenom","floor":13.0},{"not_picked":["Quick Slash","Endless Agony"],"picked":"Crippling Poison","floor":14.0},{"not_picked":["A Thousand Cuts","Night Terror"],"picked":"Wraith Form v2","floor":16.0},{"not_picked":["Acrobatics","Bane"],"picked":"Footwork","floor":18.0},{"not_picked":["Deadly Poison","Quick Slash"],"picked":"Dodge and Roll","floor":19},{"not_picked":["Dagger Throw","Bane"],"picked":"Escape Plan","floor":21}],"player_experience":2026764,"relics_obtained":[{"floor":7.0,"key":"Letter Opener"},{"floor":9.0,"key":"Girya"},{"floor":13.0,"key":"Meat on the Bone"},{"floor":20,"key":"Nilry\u0027s Codex"}],"event_choices":[{"damage_healed":0.0,"max_hp_gain":0.0,"max_hp_loss":0.0,"gold_gain":0.0,"event_name":"Liars Game","player_choice":"Ignored","floor":4.0,"gold_loss":0.0,"damage_taken":0.0},{"damage_healed":0.0,"max_hp_gain":0.0,"max_hp_loss":0.0,"gold_gain":0.0,"event_name":"Lab","player_choice":"Got Potions","floor":5.0,"gold_loss":0.0,"damage_taken":0.0},{"damage_healed":0,"gold_gain":0,"player_choice":"Obtained Book","damage_taken":21,"max_hp_gain":0,"max_hp_loss":0,"event_name":"Cursed Tome","floor":20,"gold_loss":0},{"damage_healed":0,"gold_gain":0,"player_choice":"Smashed Altar","damage_taken":0,"max_hp_gain":0,"max_hp_loss":0,"event_name":"Forgotten Altar","floor":22,"gold_loss":0,"cards_obtained":["Decay"]}],"is_beta":false,"boss_relics":[{"not_picked":["White Beast Statue","Runic Dome"],"picked":"Cursed Key"}],"items_purged_floors":[],"is_endless":false,"potions_floor_spawned":[10,13,14,16,18,19],"killed_by":"Book of Stabbing","ascension_level":20}