{"gold_per_floor":[112,123,123,123,133,133,159,170,170,170,184,203,203,128,128,206,206,218,218,143,159,59,59,79,79,79,157,157,71,99,99],"floor_reached":31,"playtime":1930,"items_purged":["Strike_B","Defend_B"],"score":506,"play_id":"4152dd4a-d99c-4f54-ba85-493645098638","local_time":"20181212221825","is_ascension_mode":true,"campfire_choices":[{"data":"Zap","floor":6.0,"key":"SMITH"},{"data":"Sunder","floor":10.0,"key":"SMITH"},{"data":"Go for the Eyes","floor":13.0,"key":"SMITH"},{"data":"Rainbow","floor":15.0,"key":"SMITH"},{"data":"Dualcast","floor":23.0,"key":"SMITH"},{"data":"Recycle","floor":25.0,"key":"SMITH"},{"floor":28.0,"key":"REST"}],"neow_cost":"NONE","seed_source_timestamp":33656607707214,"circlet_count":0,"master_deck":["AscendersBane","Defend_B","Zap+1","Dualcast+1","FTL","Skim","Cold Snap","Sunder+1","Go for the Eyes+1","Glacier","Rainbow+1","Meteor Strike","Chill","Redo+1","Recycle+1","Blizzard"],"special_seed":0,"relics":["Cracked Core","NeowsBlessing","Happy Flower","Mummified Hand","Empty Cage","Calipers","Ice Cream"],"potions_floor_usage":[30,31],"damage_taken":[{"damage":0.0,"enemies":"Cultist","floor":1.0,"turns":1.0},{"damage":0.0,"enemies":"Jaw Worm","floor":2.0,"turns":1.0},{"damage":0.0,"enemies":"2 Louse","floor":5.0,"turns":1.0},{"damage":21.0,"enemies":"Lagavulin","floor":7.0,"turns":4.0},{"damage":4.0,"enemies":"Looter","floor":8.0,"turns":3.0},{"damage":12.0,"enemies":"Exordium Wildlife","floor":11.0,"turns":3.0},{"damage":0.0,"enemies":"Blue Slaver","floor":12.0,"turns":3.0},{"damage":6.0,"enemies":"Hexaghost","floor":16.0,"turns":9.0},{"damage":5.0,"enemies":"2 Thieves","floor":18.0,"turns":3.0},{"damage":11.0,"enemies":"Spheric Guardian","floor":21.0,"turns":5.0},{"damage":16.0,"enemies":"Snake Plant","floor":24.0,"turns":3.0},{"damage":34,"enemies":"Gremlin Leader","floor":30,"turns":8},{"damage":14,"enemies":"Centurion and Healer","floor":31,"turns":1}],"seed_played":"897682129329544401","potions_obtained":[{"floor":1.0,"key":"PowerPotion"},{"floor":2.0,"key":"AttackPotion"},{"floor":7.0,"key":"EssenceOfSteel"},{"floor":12.0,"key":"SkillPotion"},{"floor":18.0,"key":"Fire Potion"}],"is_trial":false,"path_per_floor":["M","M","?","?","M","R","E","M","T","R","M","M","R","$","R","B",null,"M","?","?","M","M","$","R","M","R","T","T","R","$","E","M"],"character_chosen":"DEFECT","items_purchased":["Blizzard"],"campfire_rested":1,"item_purchase_floors":[29],"current_hp_per_floor":[64,64,57,57,57,57,36,32,32,32,20,20,20,20,20,14,57,52,52,52,41,41,41,25,25,25,25,46,46,12,0],"gold":99,"neow_bonus":"THREE_ENEMY_KILL","is_prod":false,"is_daily":false,"chose_seed":false,"campfire_upgraded":6,"win_rate":0,"timestamp":1544620705,"path_taken":["M","?","?","?","?","R","E","M","T","R","M","M","R","$","R","BOSS","M","?","?","M","?","R","M","R","T","?","R","$","E","?"],"build_version":"2018-12-06","purchased_purges":2,"victory":false,"max_hp_per_floor":[71,71,71,71,71,71,71,71,71,71,71,71,71,71,71,71,71,71,71,71,71,71,71,71,71,71,71,71,71,71,71],"card_choices":[{"not_picked":["Scrape","Auto Shields"],"picked":"FTL","floor":1.0},{"not_picked":["Hologram","Coolheaded"],"picked":"Skim","floor":2.0},{"not_picked":["Turbo","Steam"],"picked":"Cold Snap","floor":5.0},{"not_picked":["Loop","Glacier"],"picked":"Sunder","floor":7.0},{"not_picked":["Blizzard","Storm"],"picked":"Go for the Eyes","floor":8.0},{"not_picked":["Leap","Barrage"],"picked":"Glacier","floor":11.0},{"not_picked":["Genetic Algorithm","Steam"],"picked":"Rainbow","floor":12.0},{"not_picked":["Machine Learning","All For One"],"picked":"Meteor Strike","floor":16.0},{"not_picked":["Steam+1","Coolheaded"],"picked":"Chill","floor":18.0},{"not_picked":["Beam Cell","Loop"],"picked":"Redo+1","floor":21.0},{"not_picked":["Steam","Conserve Battery"],"picked":"Recycle","floor":24.0},{"not_picked":["Doom and Gloom","Go for the Eyes","Rip and Tear"],"picked":"SKIP","floor":30}],"player_experience":803837,"relics_obtained":[{"floor":7.0,"key":"Happy Flower"},{"floor":9.0,"key":"Mummified Hand"},{"floor":26.0,"key":"Calipers"},{"floor":30,"key":"Ice Cream"}],"event_choices":[{"cards_removed":["Strike_B"],"damage_healed":0.0,"max_hp_gain":0.0,"max_hp_loss":0.0,"gold_gain":0.0,"event_name":"Golden Wing","player_choice":"Card Removal","floor":3.0,"gold_loss":0.0,"damage_taken":7.0},{"cards_removed":["Defend_B"],"damage_healed":0.0,"max_hp_gain":0.0,"max_hp_loss":0.0,"gold_gain":0.0,"event_name":"Purifier","player_choice":"Purged","floor":4.0,"gold_loss":0.0,"damage_taken":0.0},{"damage_healed":0.0,"max_hp_gain":0.0,"max_hp_loss":0.0,"gold_gain":0.0,"event_name":"The Mausoleum","player_choice":"Ignored","floor":19.0,"gold_loss":0.0,"damage_taken":0.0},{"cards_removed":["Defend_B"],"damage_healed":0.0,"max_hp_gain":0.0,"max_hp_loss":0.0,"gold_gain":0.0,"event_name":"Beggar","player_choice":"Gave Gold","floor":20.0,"gold_loss":75.0,"damage_taken":0.0}],"is_beta":false,"boss_relics":[{"not_picked":["Ectoplasm","Velvet Choker"],"picked":"Empty Cage"}],"items_purged_floors":[14,22],"is_endless":false,"potions_floor_spawned":[1,2,7,12,18],"killed_by":"Centurion and Healer","ascension_level":20}