{"gold_per_floor":[113,113,127,127,142,142,181,181,181,202,218,253,272,295,295,419,419,433,22,22,292,307,307,342,342,393,3,28,42,66,101,101,220,220,244,33,52,52,77,77,77,111,111,111,134,134,153,172,172,172],"floor_reached":51,"playtime":2014,"items_purged":["Strike_R","Shame"],"score":806,"play_id":"ba2aa6cf-d331-4076-a905-f6b3af4ef55b","local_time":"20181010193451","is_ascension_mode":false,"campfire_choices":[{"data":"Blood for Blood","floor":6,"key":"SMITH"},{"data":"True Grit","floor":8,"key":"SMITH"},{"data":"Bludgeon","floor":15,"key":"SMITH"},{"data":"Double Tap","floor":23,"key":"SMITH"},{"data":"Shockwave","floor":25,"key":"SMITH"},{"data":"Bash","floor":32,"key":"SMITH"},{"data":"Meteor Strike","floor":40,"key":"SMITH"},{"data":"Evolve","floor":44,"key":"SMITH"},{"data":"Clothesline","floor":46,"key":"SMITH"},{"data":"Stack","floor":49,"key":"SMITH"}],"neow_cost":"","seed_source_timestamp":4220082540773,"circlet_count":0,"master_deck":["Strike_R","Strike_R","Strike_R","Strike_R","Defend_R","Defend_R","Defend_R","Defend_R","Bash+1","True Grit+1","Blood for Blood+1","Evolve+1","Shockwave+1","Shrug It Off","Twin Strike","Bludgeon+1","Rage","Clash","Double Tap+1","Clothesline+1","Mind Blast","Uppercut+1","Ghostly Armor","Metamorphosis","Blood for Blood","Stack+1","Outmaneuver+1","Meteor Strike+1","Madness+1","PiercingWail","Steam Power+1","Backflip","Leap+1","Cloak And Dagger","Flame Barrier","Apotheosis","Disarm+1","Wild Strike+1","Flame Barrier+1","Leap","Dash"],"relics":["Burning Blood","FaceOfCleric","Golden Idol","The Courier","Art of War","PreservedInsect","Snecko Eye","PrismaticShard","Bottled Flame","Happy Flower","Ancient Tea Set","Oddly Smooth Stone","Regal Pillow","Omamori","Orrery","Torii","Shuriken"],"potions_floor_usage":[7,12,29,31,37,50,50,50],"damage_taken":[{"damage":0,"enemies":"2 Louse","floor":1,"turns":3},{"damage":6,"enemies":"Cultist","floor":3,"turns":3},{"damage":0,"enemies":"Small Slimes","floor":5,"turns":3},{"damage":15,"enemies":"3 Sentries","floor":7,"turns":4},{"damage":6,"enemies":"Exordium Wildlife","floor":10,"turns":4},{"damage":8,"enemies":"2 Fungi Beasts","floor":11,"turns":4},{"damage":13,"enemies":"Lagavulin","floor":12,"turns":6},{"damage":0,"enemies":"3 Louse","floor":13,"turns":4},{"damage":0,"enemies":"Blue Slaver","floor":14,"turns":3},{"damage":44,"enemies":"Hexaghost","floor":16,"turns":8},{"damage":0,"enemies":"Spheric Guardian","floor":18,"turns":3},{"damage":0,"enemies":"Shell Parasite","floor":22,"turns":1},{"damage":2,"enemies":"Slavers","floor":24,"turns":5},{"damage":0,"enemies":"Centurion and Healer","floor":28,"turns":2},{"damage":6,"enemies":"3 Cultists","floor":29,"turns":4},{"damage":25,"enemies":"Shelled Parasite and Fungi","floor":30,"turns":7},{"damage":8,"enemies":"Book of Stabbing","floor":31,"turns":4},{"damage":54,"enemies":"Champ","floor":33,"turns":7},{"damage":6,"enemies":"3 Shapes","floor":35,"turns":4},{"damage":5,"enemies":"3 Darklings","floor":37,"turns":4},{"damage":7,"enemies":"4 Shapes","floor":39,"turns":4},{"damage":4,"enemies":"Nemesis","floor":42,"turns":3},{"damage":7,"enemies":"Spire Growth","floor":45,"turns":4},{"damage":0,"enemies":"Sphere and 2 Shapes","floor":47,"turns":3},{"damage":0,"enemies":"Reptomancer","floor":48,"turns":3},{"damage":31,"enemies":"Donu and Deca","floor":50,"turns":9}],"seed_played":"-8581904338371489186","potions_obtained":[{"floor":3,"key":"Weak Potion"},{"floor":5,"key":"SkillPotion"},{"floor":10,"key":"Regen Potion"},{"floor":12,"key":"Dexterity Potion"},{"floor":16,"key":"SkillPotion"},{"floor":24,"key":"Block Potion"},{"floor":31,"key":"Fire Potion"},{"floor":33,"key":"Regen Potion"},{"floor":37,"key":"SpeedPotion"},{"floor":45,"key":"Regen Potion"}],"is_trial":false,"path_per_floor":["M","?","M","?","M","R","E","R","T","M","M","E","M","M","R","B",null,"M","$","?","?","M","R","E","R","T","$","M","M","M","E","R","B",null,"M","$","M","$","M","R","$","E","T","R","M","R","M","M","R","B"],"character_chosen":"IRONCLAD","items_purchased":["PrismaticShard","Bottled Flame","Metamorphosis","Regal Pillow","Blood for Blood","Flame Barrier","Apotheosis"],"campfire_rested":0,"item_purchase_floors":[19,19,27,27,27,36,36],"current_hp_per_floor":[80,80,81,75,76,76,68,68,68,69,68,62,69,76,76,39,83,84,84,84,44,51,51,56,56,56,56,63,64,46,57,57,10,91,92,92,93,93,93,93,93,95,95,95,95,95,97,98,98,89],"gold":172,"neow_bonus":"","is_prod":false,"is_daily":false,"chose_seed":false,"campfire_upgraded":10,"win_rate":0,"timestamp":1539192891,"path_taken":["M","?","M","?","M","R","E","R","T","M","M","E","M","M","R","BOSS","M","$","?","?","M","R","E","R","T","$","M","?","M","E","R","BOSS","M","$","M","$","M","R","?","E","T","R","M","R","?","?","R","BOSS"],"build_version":"2018-10-04v2","purchased_purges":2,"victory":true,"max_hp_per_floor":[80,80,81,75,76,76,77,77,77,78,79,80,81,82,82,83,83,84,84,84,84,85,85,86,86,86,86,87,88,89,90,90,91,91,92,92,93,93,94,94,94,95,95,95,96,96,97,98,98,99],"card_choices":[{"not_picked":["Power Through","Burning Pact"],"picked":"True Grit","floor":1},{"not_picked":["Pommel Strike","Havoc"],"picked":"Blood for Blood","floor":3},{"not_picked":["Metallicize","Berserk"],"picked":"Evolve","floor":5},{"not_picked":["Bloodletting","Pommel Strike"],"picked":"Shockwave","floor":7},{"not_picked":["Rupture","Thunderclap"],"picked":"Shrug It Off","floor":10},{"not_picked":["Warcry","Body Slam"],"picked":"Twin Strike","floor":11},{"not_picked":["Dual Wield","Iron Wave"],"picked":"Bludgeon","floor":12},{"not_picked":["Heavy Blade","Power Through"],"picked":"Rage","floor":13},{"not_picked":["Pommel Strike","Havoc"],"picked":"Clash","floor":14},{"not_picked":["Reaper","Limit Break"],"picked":"Double Tap","floor":16},{"not_picked":["Bloodletting+1","Clash"],"picked":"Clothesline","floor":18},{"not_picked":["Deflect","Capacitor"],"picked":"Uppercut+1","floor":22},{"not_picked":["Sweeping Beam","Sever Soul"],"picked":"Ghostly Armor","floor":24},{"not_picked":["Finisher+1","Dodge and Roll","Cleave"],"picked":"SKIP","floor":28},{"not_picked":["Reprogram","Stack"],"picked":"Stack","floor":29},{"not_picked":["Slice+1","Finisher","Thunderclap"],"picked":"SKIP","floor":30},{"not_picked":["Deadly Poison+1","Dropkick"],"picked":"Outmaneuver+1","floor":31},{"not_picked":["Immolate","Core Surge"],"picked":"Meteor Strike","floor":33},{"not_picked":["Cleave","Static Discharge"],"picked":"Madness+1","floor":34},{"not_picked":["Cleave","Armaments"],"picked":"PiercingWail","floor":34},{"not_picked":["Deflect","Streamline"],"picked":"Steam Power+1","floor":34},{"not_picked":["Genetic Algorithm","Pommel Strike"],"picked":"Backflip","floor":34},{"not_picked":["Swift Strike","Clothesline"],"picked":"Leap+1","floor":34},{"not_picked":["Cold Snap","Thunderclap"],"picked":"Cloak And Dagger","floor":35},{"not_picked":["Ball Lightning+1","Impatience"],"picked":"Disarm+1","floor":37},{"not_picked":["Leap","Fusion+1"],"picked":"Wild Strike+1","floor":39},{"not_picked":["Sword Boomerang","Gash","Violence"],"picked":"SKIP","floor":42},{"not_picked":["Deflect+1","Pommel Strike"],"picked":"Flame Barrier+1","floor":45},{"not_picked":["Deadly Poison","Deadly Poison"],"picked":"Leap","floor":47},{"not_picked":["Capacitor","Compile Driver+1"],"picked":"Dash","floor":48}],"player_experience":949989,"relics_obtained":[{"floor":7,"key":"The Courier"},{"floor":9,"key":"Art of War"},{"floor":12,"key":"PreservedInsect"},{"floor":24,"key":"Ancient Tea Set"},{"floor":26,"key":"Oddly Smooth Stone"},{"floor":31,"key":"Omamori"},{"floor":42,"key":"Torii"},{"floor":43,"key":"Shuriken"}],"event_choices":[{"event_name":"FaceTrader","player_choice":"Trade","floor":2,"damage_taken":0},{"event_name":"Golden Idol","player_choice":"Lose Max HP","floor":4,"damage_taken":0},{"event_name":"Addict","player_choice":"Stole Relic","floor":20,"damage_taken":0},{"event_name":"Knowing Skull","player_choice":"CARD GOLD GOLD GOLD ","floor":21,"damage_taken":0}],"is_beta":false,"boss_relics":[{"not_picked":["Astrolabe","Runic Pyramid"],"picked":"Snecko Eye"},{"not_picked":["Velvet Choker","White Beast Statue"],"picked":"Orrery"}],"items_purged_floors":[19,27],"is_endless":false,"potions_floor_spawned":[3,5,10,12,16,18,24,31,33,37,45,47,48],"ascension_level":0}