{"gold_per_floor":[119,129,304,320,34,34,66,81,127,127,144,43,60,73,73,175,175,194,194,194,206,226,226,244,144,144,144,171,171,171,171],"floor_reached":31,"playtime":2090,"items_purged":["Defend_G","Doubt"],"score":284,"play_id":"2cb3a276-efa0-4df9-84f5-d7dd9c59f970","local_time":"20181021010207","is_ascension_mode":false,"campfire_choices":[{"data":"After Image","floor":6,"key":"SMITH"},{"floor":10,"key":"REST"},{"floor":15,"key":"REST"},{"floor":23,"key":"REST"},{"floor":27,"key":"REST"}],"neow_cost":"NONE","seed_source_timestamp":802998001724835,"circlet_count":0,"master_deck":["Survivor","Neutralize","After Image+1","Slice","Quick Slash","Quick Slash","Escape Plan","Blade Dance","Dagger Spray","Caltrops","Backflip","Die Die Die","Sucker Punch","Crippling Poison","Bane","Outmaneuver","Quick Slash","Riddle With Holes","Backflip","Poisoned Stab","Dagger Spray","Finisher","Quick Slash","Crippling Poison","Flechettes"],"relics":["Ring of the Snake","Singing Bowl","Sundial","Lantern","Pandora\u0027s Box","Enchiridion","Dream Catcher","Orichalcum"],"potions_floor_usage":[2,7,22,28,30,31],"damage_taken":[{"damage":0,"enemies":"Jaw Worm","floor":1,"turns":7},{"damage":0,"enemies":"Small Slimes","floor":2,"turns":4},{"damage":0,"enemies":"Cultist","floor":4,"turns":4},{"damage":23,"enemies":"Gremlin Nob","floor":7,"turns":5},{"damage":10,"enemies":"Gremlin Gang","floor":8,"turns":6},{"damage":6,"enemies":"Blue Slaver","floor":11,"turns":3},{"damage":2,"enemies":"Looter","floor":13,"turns":3},{"damage":11,"enemies":"Lots of Slimes","floor":14,"turns":3},{"damage":47,"enemies":"Slime Boss","floor":16,"turns":12},{"damage":16,"enemies":"Chosen","floor":18,"turns":5},{"damage":0,"enemies":"3 Byrds","floor":21,"turns":3},{"damage":11,"enemies":"Cultist and Chosen","floor":22,"turns":4},{"damage":35,"enemies":"Centurion and Healer","floor":24,"turns":7},{"damage":15,"enemies":"Gremlin Leader","floor":28,"turns":4},{"damage":13,"enemies":"Snecko","floor":30,"turns":4},{"damage":0,"enemies":"Chosen and Byrds","floor":31,"turns":4}],"seed_played":"-3350741035239250910","potions_obtained":[{"floor":1,"key":"AttackPotion"},{"floor":2,"key":"Block Potion"},{"floor":13,"key":"SmokeBomb"},{"floor":18,"key":"SpeedPotion"},{"floor":21,"key":"AttackPotion"},{"floor":24,"key":"SkillPotion"}],"is_trial":false,"path_per_floor":["M","M","?","M","$","R","E","M","T","R","M","$","M","M","R","B",null,"M","?","?","M","M","R","M","$","T","R","E","?","M"],"character_chosen":"THE_SILENT","items_purchased":["Singing Bowl","Escape Plan","Dagger Spray"],"campfire_rested":4,"item_purchase_floors":[5,5,12],"current_hp_per_floor":[70,70,70,70,70,70,47,39,39,60,56,56,54,43,65,18,74,58,58,42,42,31,53,18,18,18,40,25,25,12,12],"gold":171,"neow_bonus":"TRANSFORM_CARD","is_prod":false,"is_daily":false,"chose_seed":false,"campfire_upgraded":1,"win_rate":0.0,"timestamp":1540036927,"path_taken":["M","M","?","M","$","R","E","M","T","R","M","?","?","M","R","BOSS","M","?","?","M","M","R","M","$","T","R","E","?","M","?"],"build_version":"2018-10-18","purchased_purges":2,"victory":false,"max_hp_per_floor":[70,70,70,70,70,70,70,72,72,72,74,74,74,74,74,74,74,74,74,74,74,74,74,74,74,74,74,74,74,74,74],"card_choices":[{"not_picked":["Dash","Flying Knee"],"picked":"Slice","floor":1},{"not_picked":["Concentrate","Slice"],"picked":"Quick Slash","floor":2},{"not_picked":["Dodge and Roll","Deflect"],"picked":"Quick Slash","floor":4},{"not_picked":["Prepared","Outmaneuver"],"picked":"Blade Dance","floor":7},{"not_picked":["Blur","Dodge and Roll","Setup"],"picked":"Singing Bowl","floor":8},{"not_picked":["Blade Dance","Die Die Die","Deadly Poison"],"picked":"Singing Bowl","floor":11},{"not_picked":["Dagger Spray","Calculated Gamble"],"picked":"Caltrops","floor":13},{"not_picked":["PiercingWail","Blade Dance"],"picked":"Backflip","floor":14},{"not_picked":["Doppelganger","Night Terror"],"picked":"Die Die Die","floor":16},{"not_picked":["Underhanded Strike","Masterful Stab"],"picked":"Poisoned Stab","floor":18},{"not_picked":["Distraction","Deadly Poison"],"picked":"Dagger Spray","floor":21},{"not_picked":["Quick Slash","Slice"],"picked":"Finisher","floor":22},{"not_picked":["Deflect","Calculated Gamble"],"picked":"Quick Slash","floor":24},{"not_picked":["Backstab","PiercingWail"],"picked":"Crippling Poison","floor":28}],"player_experience":149771,"relics_obtained":[{"floor":7,"key":"Sundial"},{"floor":9,"key":"Lantern"},{"floor":20,"key":"Enchiridion"},{"floor":26,"key":"Dream Catcher"},{"floor":28,"key":"Orichalcum"}],"event_choices":[{"damage_healed":0,"gold_gain":175,"player_choice":"AGREE","damage_taken":0,"max_hp_gain":0,"max_hp_loss":0,"event_name":"Liars Game","floor":3,"gold_loss":0,"cards_obtained":["Doubt"]},{"damage_healed":0,"gold_gain":0,"player_choice":"Ignored","damage_taken":0,"max_hp_gain":0,"max_hp_loss":0,"event_name":"Vampires","floor":19,"gold_loss":0},{"damage_healed":0,"gold_gain":0,"player_choice":"Obtained Book","damage_taken":16,"max_hp_gain":0,"max_hp_loss":0,"event_name":"Cursed Tome","floor":20,"gold_loss":0},{"damage_healed":0,"gold_gain":0,"cards_transformed":["Expertise"],"player_choice":"Transformed","damage_taken":0,"max_hp_gain":0,"max_hp_loss":0,"event_name":"Transmorgrifier","floor":29,"gold_loss":0,"cards_obtained":["Flechettes"]}],"is_beta":false,"boss_relics":[{"not_picked":["Fusion Hammer","Busted Crown"],"picked":"Pandora\u0027s Box"}],"items_purged_floors":[12,25],"is_endless":false,"potions_floor_spawned":[1,2,13,18,21,24],"killed_by":"Chosen and Byrds","ascension_level":0}