{"gold_per_floor":[216,232,252,122,132,132,157,157,211,211,224,224,113,128,128,227,227,227,227,152,152,152,152,77,77,77,77,77,40,40,40,40,40,40,40,40,40,40,15,15,0,0,0,0,0,0,0,0,0,0],"floor_reached":51,"playtime":9845,"items_purged":[],"score":698,"play_id":"b1943072-0159-4891-82cd-a7a38c84bb90","local_time":"20190131201641","is_ascension_mode":false,"campfire_choices":[{"data":"Go for the Eyes","floor":6.0,"key":"SMITH"},{"floor":8.0,"key":"REST"},{"data":"Zap","floor":10.0,"key":"SMITH"},{"data":"Defragment","floor":15.0,"key":"SMITH"},{"floor":23.0,"key":"REST"},{"floor":25.0,"key":"REST"},{"floor":32.0,"key":"REST"},{"data":"Defragment","floor":40,"key":"SMITH"},{"data":"Barrage","floor":42,"key":"SMITH"},{"floor":46,"key":"REST"},{"floor":49,"key":"REST"}],"neow_cost":"NONE","seed_source_timestamp":163290216621700,"circlet_count":0,"master_deck":["Strike_B","Strike_B","Strike_B","Defend_B","Defend_B","Defend_B","Defend_B+1","Zap+1","Dualcast","Compile Driver","Leap","Hello World","Capacitor+1","Go for the Eyes+1","Coolheaded","Hologram","Fusion","Defragment+1","Cold Snap","Creative AI","Barrage+1","Zap","Capacitor","Leap","Chill","Coolheaded+1","BootSequence","Defragment+1","Steam+1","Blizzard","Hologram","Barrage+1"],"special_seed":0,"relics":["Cracked Core","Gremlin Horn","Strawberry","Ectoplasm","MutagenicStrength","Bottled Tornado","Ancient Tea Set","Nuclear Battery","Red Mask","Regal Pillow","Molten Egg 2","Darkstone Periapt"],"potions_floor_usage":[44,48],"damage_taken":[{"damage":6.0,"enemies":"Jaw Worm","floor":1.0,"turns":4.0},{"damage":2.0,"enemies":"Small Slimes","floor":2.0,"turns":3.0},{"damage":1.0,"enemies":"Cultist","floor":3.0,"turns":3.0},{"damage":4.0,"enemies":"Looter","floor":5.0,"turns":3.0},{"damage":16.0,"enemies":"Lagavulin","floor":7.0,"turns":9.0},{"damage":4.0,"enemies":"3 Louse","floor":11.0,"turns":5.0},{"damage":0.0,"enemies":"2 Fungi Beasts","floor":14.0,"turns":5.0},{"damage":10.0,"enemies":"Slime Boss","floor":16.0,"turns":9.0},{"damage":34.0,"enemies":"3 Byrds","floor":18.0,"turns":6.0},{"damage":27.0,"enemies":"2 Thieves","floor":20.0,"turns":5.0},{"damage":7.0,"enemies":"Shelled Parasite and Fungi","floor":22.0,"turns":5.0},{"damage":0.0,"enemies":"Centurion and Healer","floor":28.0,"turns":10.0},{"damage":8.0,"enemies":"Snecko","floor":30.0,"turns":7.0},{"damage":37.0,"enemies":"Slavers","floor":31.0,"turns":8.0},{"damage":17.0,"enemies":"Automaton","floor":33.0,"turns":11.0},{"damage":17.0,"enemies":"3 Darklings","floor":35.0,"turns":7.0},{"damage":3.0,"enemies":"Orb Walker","floor":37.0,"turns":6.0},{"damage":11,"enemies":"Nemesis","floor":44,"turns":9},{"damage":0,"enemies":"Giant Head","floor":47,"turns":12},{"damage":11,"enemies":"Jaw Worm Horde","floor":48,"turns":6},{"damage":20,"enemies":"Donu and Deca","floor":50,"turns":11}],"seed_played":"5760483991191686391","potions_obtained":[{"floor":3.0,"key":"Fire Potion"},{"floor":7.0,"key":"FairyPotion"},{"floor":14.0,"key":"GamblersBrew"},{"floor":22.0,"key":"FocusPotion"},{"floor":31.0,"key":"Ancient Potion"},{"floor":47,"key":"Explosive Potion"},{"floor":48,"key":"AttackPotion"}],"is_trial":false,"path_per_floor":["M","M","M","$","M","R","E","R","T","R","M","?","$","M","R","B",null,"M","?","M","?","M","R","?","R","T","?","M","$","M","E","R","B",null,"M","$","M","?","$","R","?","R","T","E","?","R","E","M","R","B",null],"character_chosen":"DEFECT","items_purchased":["Capacitor","Conserve Battery","Fusion","Defragment","BootSequence","Hologram"],"campfire_rested":6,"item_purchase_floors":[4,4,13,13,29,39],"current_hp_per_floor":[69,67,66,66,62,62,46,68,75,75,71,55,55,55,55,45,82,48,48,21,21,14,38,38,62,62,62,62,62,54,17,41,24,82,65,65,62,62,62,62,62,62,62,51,51,82,82,71,82,62],"gold":0,"neow_bonus":"HUNDRED_GOLD","is_prod":false,"is_daily":false,"chose_seed":false,"campfire_upgraded":5,"win_rate":0.0,"timestamp":1548983801,"path_taken":["M","M","M","$","M","R","E","R","T","R","M","?","$","M","R","BOSS","M","?","?","?","M","R","?","R","T","?","M","$","?","E","R","BOSS","M","$","M","?","$","R","?","R","T","E","?","R","E","M","R","BOSS"],"build_version":"2019-01-23","purchased_purges":0,"victory":true,"max_hp_per_floor":[75,75,75,75,75,75,75,75,82,82,82,82,82,82,82,82,82,82,82,82,82,82,82,82,82,82,82,82,82,82,82,82,82,82,82,82,82,82,82,82,82,82,82,82,82,82,82,82,82,82],"card_choices":[{"not_picked":["Storm","Self Repair"],"picked":"Compile Driver","floor":1.0},{"not_picked":["Fusion","Go for the Eyes"],"picked":"Leap","floor":2.0},{"not_picked":["Tempest","Force Field"],"picked":"Hello World","floor":3.0},{"not_picked":["Compile Driver","Conserve Battery"],"picked":"Go for the Eyes","floor":5.0},{"not_picked":["Conserve Battery","Melter"],"picked":"Coolheaded","floor":7.0},{"not_picked":["Reinforced Body","Stack"],"picked":"Hologram","floor":11.0},{"not_picked":["Conserve Battery","Aggregate"],"picked":"Cold Snap","floor":14.0},{"not_picked":["All For One","Seek"],"picked":"Creative AI","floor":16.0},{"not_picked":["Force Field+1","Ball Lightning"],"picked":"Barrage","floor":18.0},{"not_picked":["Gash+1","Stack"],"picked":"Leap","floor":20.0},{"not_picked":["Stack","Sweeping Beam"],"picked":"Chill","floor":22.0},{"not_picked":["Compile Driver","Aggregate"],"picked":"Coolheaded+1","floor":28.0},{"not_picked":["Creative AI","Redo"],"picked":"Defragment","floor":30.0},{"not_picked":["Self Repair","Beam Cell","Seek"],"picked":"SKIP","floor":31.0},{"not_picked":["Leap","Coolheaded+1"],"picked":"Steam+1","floor":35.0},{"not_picked":["Genetic Algorithm","Steam+1"],"picked":"Blizzard","floor":37.0},{"not_picked":["Streamline","Steam+1","Ball Lightning"],"picked":"SKIP","floor":44},{"not_picked":["Scrape+1","Beam Cell+1","Streamline+1"],"picked":"SKIP","floor":47},{"not_picked":["Cold Snap+1","Conserve Battery"],"picked":"Barrage+1","floor":48}],"player_experience":193402,"relics_obtained":[{"floor":7.0,"key":"Gremlin Horn"},{"floor":9.0,"key":"Strawberry"},{"floor":26.0,"key":"Bottled Tornado"},{"floor":31.0,"key":"Ancient Tea Set"},{"floor":43,"key":"Regal Pillow"},{"floor":44,"key":"Molten Egg 2"},{"floor":47,"key":"Darkstone Periapt"}],"event_choices":[{"damage_healed":0.0,"max_hp_gain":0.0,"max_hp_loss":0.0,"gold_gain":0.0,"event_name":"Shining Light","player_choice":"Entered Light","floor":12.0,"gold_loss":0.0,"damage_taken":16.0,"cards_upgraded":["Capacitor","Defend_B"]},{"damage_healed":0.0,"max_hp_gain":0.0,"max_hp_loss":0.0,"gold_gain":0.0,"event_name":"Match and Keep!","player_choice":"2 cards matched","floor":19.0,"gold_loss":0.0,"damage_taken":0.0,"cards_obtained":["Zap","Capacitor"]},{"damage_healed":0.0,"max_hp_gain":0.0,"max_hp_loss":0.0,"gold_gain":0.0,"event_name":"Drug Dealer","player_choice":"Inject Mutagens","floor":21.0,"gold_loss":0.0,"damage_taken":0.0,"relics_obtained":["MutagenicStrength"]},{"cards_removed":["Strike_B"],"damage_healed":0.0,"max_hp_gain":0.0,"max_hp_loss":0.0,"gold_gain":0.0,"event_name":"Beggar","player_choice":"Gave Gold","floor":24.0,"gold_loss":75.0,"damage_taken":0.0},{"damage_healed":0.0,"max_hp_gain":0.0,"max_hp_loss":0.0,"gold_gain":0.0,"event_name":"Mysterious Sphere","player_choice":"Ignored","floor":38.0,"gold_loss":0.0,"damage_taken":0.0},{"damage_healed":0,"gold_gain":0,"player_choice":"Paid","damage_taken":0,"relics_obtained":["Red Mask"],"max_hp_gain":0,"max_hp_loss":0,"event_name":"Tomb of Lord Red Mask","floor":41,"gold_loss":15},{"cards_removed":["Conserve Battery"],"damage_healed":0,"gold_gain":0,"player_choice":"Removed Skill","damage_taken":0,"max_hp_gain":0,"max_hp_loss":0,"event_name":"Falling","floor":45,"gold_loss":0}],"is_beta":false,"boss_relics":[{"not_picked":["Coffee Dripper","White Beast Statue"],"picked":"Ectoplasm"},{"not_picked":["Pandora\u0027s Box","Velvet Choker"],"picked":"Nuclear Battery"}],"items_purged_floors":[],"is_endless":false,"potions_floor_spawned":[3,7,14,22,31,47,48],"ascension_level":0}