{"gold_per_floor":[116,191,191,211,211,252,252,287,346,382,394,420,432,458,470,575,587,587,502,502,502,50,50,50,50,50,50,50,50,50,50,50,50,50,50,50,50],"floor_reached":37,"playtime":9472,"items_purged":["Writhe"],"score":838,"play_id":"a5f2f51e-1c20-4140-812d-6d76fd8a1112","local_time":"20181020142442","is_ascension_mode":true,"campfire_choices":[{"floor":7.0,"key":"REST"},{"floor":13.0,"key":"REST"},{"floor":15.0,"key":"REST"},{"floor":23.0,"key":"REST"},{"floor":29.0,"key":"REST"},{"floor":32.0,"key":"REST"}],"neow_cost":"PERCENT_DAMAGE","seed_source_timestamp":844974674922,"circlet_count":0,"master_deck":["Defend_G","Defend_G","Defend_G+1","Defend_G+1","Defend_G","Strike_G","Strike_G","Strike_G","Strike_G","Strike_G","Survivor","Neutralize","AscendersBane","Die Die Die+1","Slice+1","Endless Agony","Injury","Deflect","Cloak And Dagger","Masterful Stab","Blur","Wraith Form v2","Sucker Punch+1","Adrenaline","Noxious Fumes","Backstab+1","Crippling Poison","Calculated Gamble","Tools of the Trade","Bouncing Flask","Night Terror","Blade Dance","Backstab"],"special_seed":0,"relics":["Ring of the Snake","Golden Idol","Bronze Scales","MawBank","War Paint","Ectoplasm","Blood Vial","Darkstone Periapt","OrangePellets","Dream Catcher","Art of War","Whetstone","Shuriken","Sozu"],"potions_floor_usage":[],"damage_taken":[{"damage":2.0,"enemies":"Cultist","floor":1.0,"turns":4.0},{"damage":1.0,"enemies":"Jaw Worm","floor":4.0,"turns":2.0},{"damage":22.0,"enemies":"3 Sentries","floor":6.0,"turns":9.0},{"damage":21.0,"enemies":"Lagavulin","floor":8.0,"turns":8.0},{"damage":0.0,"enemies":"2 Louse","floor":10.0,"turns":2.0},{"damage":0.0,"enemies":"Looter","floor":12.0,"turns":3.0},{"damage":0.0,"enemies":"Blue Slaver","floor":14.0,"turns":2.0},{"damage":38.0,"enemies":"The Guardian","floor":16.0,"turns":17.0},{"damage":22.0,"enemies":"Chosen","floor":18.0,"turns":8.0},{"damage":18.0,"enemies":"Shell Parasite","floor":21.0,"turns":9.0},{"damage":25.0,"enemies":"Book of Stabbing","floor":24.0,"turns":6.0},{"damage":0.0,"enemies":"Snake Plant","floor":27.0,"turns":4.0},{"damage":0.0,"enemies":"Chosen and Byrds","floor":28.0,"turns":4.0},{"damage":21.0,"enemies":"Slavers","floor":30.0,"turns":4.0},{"damage":2.0,"enemies":"3 Cultists","floor":31.0,"turns":4.0},{"damage":39.0,"enemies":"Automaton","floor":33.0,"turns":12.0},{"damage":13.0,"enemies":"3 Darklings","floor":35.0,"turns":5.0},{"damage":3,"enemies":"Orb Walker","floor":36,"turns":4},{"damage":50,"enemies":"Maw","floor":37,"turns":7}],"seed_played":"-6023521295705984970","potions_obtained":[{"floor":1.0,"key":"Weak Potion"},{"floor":6.0,"key":"Strength Potion"},{"floor":12.0,"key":"Strength Potion"},{"floor":21.0,"key":"Explosive Potion"},{"floor":28.0,"key":"PowerPotion"},{"floor":31.0,"key":"EssenceOfSteel"}],"is_trial":false,"path_per_floor":["M","?","?","M","?","E","R","E","T","M","?","M","R","M","R","B",null,"M","?","?","M","$","R","E","T","T","M","M","R","E","M","R","B",null,"M","M"],"character_chosen":"THE_SILENT","items_purchased":["Adrenaline","Noxious Fumes","OrangePellets"],"campfire_rested":6,"item_purchase_floors":[22,22,22],"current_hp_per_floor":[42,31,31,30,30,8,27,6,6,6,6,6,25,25,44,6,51,29,29,35,19,19,40,17,17,17,19,21,42,23,23,44,7,56,45,44,0],"gold":50,"neow_bonus":"THREE_RARE_CARDS","is_prod":false,"is_daily":false,"chose_seed":false,"campfire_upgraded":0,"win_rate":0,"timestamp":1540038282,"path_taken":["M","?","?","?","?","E","R","E","T","M","?","M","R","M","R","BOSS","M","?","?","M","$","R","E","?","T","M","M","R","E","M","R","BOSS","M","M","M"],"build_version":"2018-10-18","purchased_purges":1,"victory":false,"max_hp_per_floor":[66,66,66,66,66,66,66,66,66,66,66,66,66,66,66,66,66,66,66,72,72,72,72,72,72,72,72,72,72,72,72,72,72,72,72,72,72],"card_choices":[{"not_picked":["Burst","Night Terror"],"picked":"Die Die Die","floor":0.0},{"not_picked":["Underhanded Strike","Backflip"],"picked":"Slice","floor":1.0},{"not_picked":["Night Terror","Dodge and Roll"],"picked":"Endless Agony","floor":4.0},{"not_picked":["Concentrate","Tactician"],"picked":"Deflect","floor":6.0},{"not_picked":["Distraction","Bane"],"picked":"Cloak And Dagger","floor":8.0},{"not_picked":["Deadly Poison","All Out Attack"],"picked":"Masterful Stab","floor":10.0},{"not_picked":["Poisoned Stab","Tactician"],"picked":"Blur","floor":12.0},{"not_picked":["Dodge and Roll","Prepared","Poisoned Stab"],"picked":"SKIP","floor":14.0},{"not_picked":["Corpse Explosion","Burst"],"picked":"Wraith Form v2","floor":16.0},{"not_picked":["Dagger Spray","Poisoned Stab","Underhanded Strike"],"picked":"SKIP","floor":18.0},{"not_picked":["Deadly Poison","Terror"],"picked":"Sucker Punch+1","floor":21.0},{"not_picked":["Sucker Punch","Quick Slash"],"picked":"Backstab","floor":24.0},{"not_picked":["PiercingWail","Dagger Spray","Deflect"],"picked":"SKIP","floor":27.0},{"not_picked":["Dagger Throw","Acrobatics"],"picked":"Crippling Poison","floor":28.0},{"not_picked":["Backflip","PiercingWail"],"picked":"Calculated Gamble","floor":29.0},{"not_picked":["Flechettes","Crippling Poison"],"picked":"Tools of the Trade","floor":30.0},{"not_picked":["Slice","Underhanded Strike","Dagger Spray"],"picked":"SKIP","floor":31.0},{"not_picked":["Acrobatics","PiercingWail"],"picked":"Bouncing Flask","floor":32.0},{"not_picked":["Burst","Tools of the Trade"],"picked":"Night Terror","floor":33.0},{"not_picked":["Outmaneuver+1","Slice"],"picked":"Blade Dance","floor":35.0},{"not_picked":["Blade Dance","Endless Agony"],"picked":"Backstab","floor":36}],"player_experience":1562155,"relics_obtained":[{"floor":6.0,"key":"Bronze Scales"},{"floor":8.0,"key":"MawBank"},{"floor":9.0,"key":"War Paint"},{"floor":24.0,"key":"Dream Catcher"},{"floor":25.0,"key":"Art of War"},{"floor":26.0,"key":"Whetstone"},{"floor":30.0,"key":"Shuriken"}],"event_choices":[{"damage_healed":0.0,"max_hp_gain":0.0,"max_hp_loss":0.0,"gold_gain":75.0,"event_name":"World of Goop","player_choice":"Gather Gold","floor":2.0,"gold_loss":0.0,"damage_taken":11.0},{"damage_healed":0.0,"max_hp_gain":0.0,"max_hp_loss":0.0,"gold_gain":0.0,"event_name":"Living Wall","player_choice":"Grow","floor":3.0,"gold_loss":0.0,"damage_taken":0.0,"cards_upgraded":["Die Die Die"]},{"damage_healed":0.0,"max_hp_gain":0.0,"max_hp_loss":0.0,"gold_gain":0.0,"event_name":"Golden Idol","player_choice":"Take Wound","floor":5.0,"gold_loss":0.0,"damage_taken":0.0,"relics_obtained":["Golden Idol"],"cards_obtained":["Injury"]},{"damage_healed":0.0,"max_hp_gain":0.0,"max_hp_loss":0.0,"gold_gain":0.0,"event_name":"Dead Adventurer","player_choice":"Searched \u00270\u0027 times","floor":11.0,"gold_loss":0.0,"damage_taken":0.0},{"damage_healed":0.0,"max_hp_gain":0.0,"max_hp_loss":0.0,"gold_gain":0.0,"event_name":"Addict","player_choice":"Obtained Relic","floor":19.0,"gold_loss":85.0,"damage_taken":0.0,"relics_obtained":["Blood Vial"]},{"damage_healed":0.0,"max_hp_gain":0.0,"max_hp_loss":0.0,"gold_gain":0.0,"event_name":"The Mausoleum","player_choice":"Opened","floor":20.0,"gold_loss":0.0,"damage_taken":0.0,"relics_obtained":["Darkstone Periapt"],"cards_obtained":["Writhe"]}],"is_beta":false,"boss_relics":[{"not_picked":["Pandora\u0027s Box","Orrery"],"picked":"Ectoplasm"},{"not_picked":["Empty Cage","Fusion Hammer"],"picked":"Sozu"}],"items_purged_floors":[22],"is_endless":false,"potions_floor_spawned":[1,6,12,21,28,31],"killed_by":"Maw","ascension_level":20}