{"gold_per_floor":[112,38,38,38,57,92,107,107,133,133,151,178,204,231,243,255,267,292,316,346,3,20,20],"floor_reached":23,"playtime":897,"items_purged":["Hello World"],"score":357,"play_id":"0265dccb-ac56-4f76-ba1f-e8d9b75a343b","local_time":"20181004152137","is_ascension_mode":true,"campfire_choices":[{"data":"Defragment","floor":8,"key":"SMITH"},{"floor":15,"key":"REST"}],"neow_cost":"NONE","seed_source_timestamp":18524638872261,"circlet_count":0,"master_deck":["Strike_B+1","Defend_B","Defend_B","Defend_B","Defend_B","Zap","Dualcast","AscendersBane","Cold Snap","Doom and Gloom","Defragment+1","Reinforced Body","Coolheaded","Lockon+1","Ball Lightning","Echo Form","Multi-Cast","Hyperbeam+1","Conserve Battery+1","Creative AI+1","BootSequence","Chill","Go for the Eyes+1","Defragment","Leap"],"relics":["Cracked Core","NeowsBlessing","Oddly Smooth Stone","Bronze Scales","Centennial Puzzle","MawBank","Astrolabe","Whetstone"],"potions_floor_usage":[11,18,19,20],"damage_taken":[{"damage":0,"enemies":"Small Slimes","floor":1,"turns":1},{"damage":0,"enemies":"Jaw Worm","floor":5,"turns":1},{"damage":0,"enemies":"3 Sentries","floor":6,"turns":1},{"damage":0,"enemies":"Cultist","floor":7,"turns":3},{"damage":0,"enemies":"Looter","floor":11,"turns":3},{"damage":18,"enemies":"Lagavulin","floor":12,"turns":6},{"damage":3,"enemies":"2 Fungi Beasts","floor":13,"turns":3},{"damage":0,"enemies":"3 Louse","floor":14,"turns":3},{"damage":23,"enemies":"The Guardian","floor":16,"turns":9},{"damage":10,"enemies":"2 Thieves","floor":18,"turns":3},{"damage":13,"enemies":"Shell Parasite","floor":19,"turns":7},{"damage":13,"enemies":"Snake Plant","floor":20,"turns":3},{"damage":5,"enemies":"Snecko","floor":22,"turns":5},{"damage":22,"enemies":"Gremlin Leader","floor":23,"turns":5}],"seed_played":"-8167805897555647979","potions_obtained":[{"floor":5,"key":"AttackPotion"},{"floor":6,"key":"Energy Potion"},{"floor":12,"key":"LiquidBronze"},{"floor":18,"key":"Poison Potion"},{"floor":19,"key":"Ancient Potion"}],"is_trial":false,"path_per_floor":["M","$","?","?","M","E","M","R","T","?","M","E","M","M","R","B",null,"M","M","M","$","M"],"character_chosen":"DEFECT","items_purchased":["Doom and Gloom","Defragment","Leap","Whetstone"],"campfire_rested":1,"item_purchase_floors":[2,21,21,21],"current_hp_per_floor":[68,68,68,53,53,53,53,53,53,41,41,23,20,20,42,19,61,51,38,25,25,20,0],"gold":20,"neow_bonus":"THREE_ENEMY_KILL","is_prod":false,"is_daily":false,"chose_seed":false,"campfire_upgraded":1,"win_rate":0,"timestamp":1538659297,"path_taken":["M","$","?","?","M","E","M","R","T","?","?","E","M","M","R","BOSS","M","M","?","$","M","E"],"build_version":"2018-09-27","purchased_purges":1,"victory":false,"max_hp_per_floor":[75,75,75,75,75,75,75,75,75,75,75,75,75,75,75,75,75,75,75,75,75,75,75],"card_choices":[{"not_picked":["Hologram","Hello World"],"picked":"Cold Snap","floor":1},{"not_picked":["Hologram","Rip and Tear"],"picked":"Defragment","floor":5},{"not_picked":["Hyperbeam","FTL"],"picked":"Reinforced Body","floor":6},{"not_picked":["Genetic Algorithm","Scrape"],"picked":"Hello World","floor":7},{"not_picked":["Sweeping Beam","Rebound"],"picked":"Coolheaded","floor":11},{"not_picked":["Streamline","Rebound"],"picked":"Lockon","floor":12},{"not_picked":["Static Discharge","Streamline"],"picked":"Ball Lightning","floor":13},{"not_picked":["Hologram","Gash"],"picked":"Echo Form","floor":14},{"not_picked":["Machine Learning","Reboot"],"picked":"Multi-Cast","floor":16},{"not_picked":["Compile Driver","Blizzard"],"picked":"BootSequence","floor":18},{"not_picked":["Gash+1","Capacitor"],"picked":"Chill","floor":19},{"not_picked":["Turbo","Gash"],"picked":"Go for the Eyes","floor":20},{"not_picked":["Tempest","Compile Driver+1","Go for the Eyes"],"picked":"SKIP","floor":22}],"player_experience":822942,"relics_obtained":[{"floor":6,"key":"Oddly Smooth Stone"},{"floor":9,"key":"Bronze Scales"},{"floor":12,"key":"MawBank"}],"event_choices":[{"event_name":"Liars Game","player_choice":"disagreed","floor":3,"damage_taken":0},{"event_name":"Shining Light","player_choice":"Entered Light","floor":4,"damage_taken":0},{"event_name":"Scrap Ooze","player_choice":"success","floor":10,"damage_taken":12}],"is_beta":false,"boss_relics":[{"not_picked":["FrozenCore","Lizard Tail"],"picked":"Astrolabe"}],"items_purged_floors":[21],"is_endless":false,"potions_floor_spawned":[5,6,12,14,18,19],"killed_by":"Gremlin Leader","ascension_level":11}