{"gold_per_floor":[218,218,232,247,19,46,46,46,46,77,91,13,33,63,63,167,167,157,170,70,88,107,107,107,22,22,52,66,66,66,77,77,77],"floor_reached":33,"playtime":1458,"items_purged":["Strike_B","Strike_B"],"score":312,"play_id":"6df3428f-8102-4781-8a72-ecd7cf0fab48","local_time":"20190201225023","is_ascension_mode":false,"campfire_choices":[{"data":"Chaos","floor":7,"key":"SMITH"},{"floor":15,"key":"REST"},{"floor":23,"key":"REST"},{"floor":29,"key":"REST"},{"data":"Echo Form","floor":32,"key":"SMITH"}],"neow_cost":"NONE","seed_source_timestamp":18882060250522,"circlet_count":0,"master_deck":["Strike_B+1","Defend_B","Defend_B","Defend_B","Zap+1","Dualcast","Chaos+1","Rebound","Compile Driver","Double Energy+1","Sweeping Beam","Storm","Heatsinks","Ball Lightning","Leap+1","Echo Form+1","Cold Snap+1","Static Discharge+1","Cold Snap+1","Glacier+1","Blizzard","Tempest+1","White Noise+1","Undo+1","Self Repair"],"relics":["FrozenCore","Oddly Smooth Stone","Toxic Egg 2","Pen Nib","Shuriken","Vajra","Darkstone Periapt","Mercury Hourglass","Blood Vial"],"potions_floor_usage":[6,10,14,21,22,27,33],"damage_taken":[{"damage":0,"enemies":"Small Slimes","floor":1,"turns":4},{"damage":1,"enemies":"Cultist","floor":3,"turns":3},{"damage":1,"enemies":"Jaw Worm","floor":4,"turns":3},{"damage":6,"enemies":"3 Sentries","floor":6,"turns":5},{"damage":0,"enemies":"Lagavulin","floor":10,"turns":4},{"damage":4,"enemies":"Blue Slaver","floor":11,"turns":2},{"damage":0,"enemies":"Large Slime","floor":13,"turns":3},{"damage":11,"enemies":"3 Sentries","floor":14,"turns":3},{"damage":28,"enemies":"Hexaghost","floor":16,"turns":9},{"damage":24,"enemies":"2 Thieves","floor":18,"turns":4},{"damage":10,"enemies":"Shell Parasite","floor":19,"turns":4},{"damage":0,"enemies":"3 Cultists","floor":21,"turns":4},{"damage":21,"enemies":"Sentry and Sphere","floor":22,"turns":5},{"damage":31,"enemies":"Slavers","floor":27,"turns":4},{"damage":6,"enemies":"Centurion and Healer","floor":28,"turns":5},{"damage":4,"enemies":"Snake Plant","floor":31,"turns":3},{"damage":55,"enemies":"Automaton","floor":33,"turns":6}],"seed_played":"-8279064607953280027","potions_obtained":[{"floor":1,"key":"Poison Potion"},{"floor":3,"key":"EssenceOfSteel"},{"floor":4,"key":"AttackPotion"},{"floor":6,"key":"Explosive Potion"},{"floor":13,"key":"FearPotion"},{"floor":16,"key":"SmokeBomb"},{"floor":19,"key":"Fire Potion"},{"floor":21,"key":"PowerPotion"},{"floor":22,"key":"Regen Potion"},{"floor":30,"key":"AttackPotion"}],"is_trial":false,"path_per_floor":["M","?","M","M","$","E","R","?","T","E","M","$","M","E","R","B",null,"M","M","$","M","M","R","?","?","T","E","M","R","?","M","R","B"],"character_chosen":"DEFECT","items_purchased":["Oddly Smooth Stone","Heatsinks"],"campfire_rested":3,"item_purchase_floors":[5,12],"current_hp_per_floor":[75,60,59,58,58,52,52,52,52,52,48,48,48,37,59,31,75,51,41,41,41,20,42,42,42,42,23,19,41,41,39,39,0],"gold":77,"neow_bonus":"HUNDRED_GOLD","is_prod":false,"is_daily":false,"chose_seed":false,"campfire_upgraded":2,"win_rate":0,"timestamp":1549083023,"path_taken":["M","?","M","M","$","E","R","?","T","E","?","$","M","E","R","BOSS","M","M","$","M","M","R","?","?","T","E","M","R","?","?","R","BOSS"],"build_version":"2019-01-23","purchased_purges":2,"victory":false,"max_hp_per_floor":[75,75,75,75,75,75,75,75,75,75,75,75,75,75,75,75,75,75,75,75,75,75,75,75,75,75,75,75,75,75,75,75,75],"card_choices":[{"not_picked":["Sunder","Beam Cell"],"picked":"Chaos","floor":1},{"not_picked":["Aggregate","Reinforced Body"],"picked":"Rebound","floor":3},{"not_picked":["Barrage","Rip and Tear"],"picked":"Compile Driver","floor":4},{"not_picked":["Skim","Aggregate"],"picked":"Double Energy","floor":6},{"not_picked":["Turbo+1","Streamline"],"picked":"Sweeping Beam","floor":10},{"not_picked":["Streamline","Hello World"],"picked":"Storm","floor":11},{"not_picked":["Double Energy+1","Hello World"],"picked":"Ball Lightning","floor":13},{"not_picked":["Sunder","Stack+1"],"picked":"Leap+1","floor":14},{"not_picked":["Core Surge","All For One"],"picked":"Echo Form","floor":16},{"not_picked":["Tempest+1","Coolheaded+1"],"picked":"Cold Snap+1","floor":18},{"not_picked":["Rip and Tear","Lockon"],"picked":"Static Discharge+1","floor":19},{"not_picked":["Consume+1","Go for the Eyes"],"picked":"Cold Snap+1","floor":21},{"not_picked":["Streamline+1","Creative AI"],"picked":"Glacier+1","floor":22},{"not_picked":["Rebound+1","Leap+1"],"picked":"White Noise+1","floor":27},{"not_picked":["Beam Cell+1","Turbo+1"],"picked":"Undo+1","floor":28},{"not_picked":["Gash","Leap+1"],"picked":"Self Repair","floor":31}],"player_experience":76670,"relics_obtained":[{"floor":6,"key":"Toxic Egg 2"},{"floor":9,"key":"Pen Nib"},{"floor":10,"key":"Shuriken"},{"floor":14,"key":"Vajra"},{"floor":26,"key":"Mercury Hourglass"},{"floor":27,"key":"Blood Vial"}],"event_choices":[{"damage_healed":0,"gold_gain":0,"player_choice":"Entered Light","damage_taken":15,"max_hp_gain":0,"max_hp_loss":0,"event_name":"Shining Light","floor":2,"gold_loss":0,"cards_upgraded":["Strike_B","Zap"]},{"damage_healed":0,"gold_gain":0,"player_choice":"Ignored","damage_taken":0,"max_hp_gain":0,"max_hp_loss":0,"event_name":"NoteForYourself","floor":8,"gold_loss":0},{"damage_healed":0,"gold_gain":0,"cards_transformed":["Strike_B","Defend_B"],"player_choice":"Became Test Subject","damage_taken":0,"max_hp_gain":0,"max_hp_loss":0,"event_name":"Drug Dealer","floor":24,"gold_loss":0,"cards_obtained":["Blizzard","Tempest"]},{"damage_healed":0,"gold_gain":0,"player_choice":"Obtained Relic","damage_taken":0,"relics_obtained":["Darkstone Periapt"],"max_hp_gain":0,"max_hp_loss":0,"event_name":"Addict","floor":25,"gold_loss":85},{"damage_healed":0,"gold_gain":0,"player_choice":"Got Potions","damage_taken":0,"max_hp_gain":0,"max_hp_loss":0,"event_name":"Lab","floor":30,"gold_loss":0}],"is_beta":false,"boss_relics":[{"not_picked":["Sozu","Empty Cage"],"picked":"FrozenCore"}],"items_purged_floors":[5,20],"is_endless":false,"potions_floor_spawned":[1,3,4,6,13,16,19,21,22,31],"killed_by":"Automaton","ascension_level":0}