{"gold_per_floor":[114,131,151,168,182,182,210,210,210,210,238,238,12,26,26,129,129,113,113,28,42,42,75,86,86,111,111,111,122,20,34,34,136,136,154,154,13,13,13,13,39,39,64,64,78,91,161,176,176,176,176,176,35,70,70],"floor_reached":55,"playtime":4787,"items_purged":["Shame","Strike_R","Strike_R"],"score":969,"play_id":"ae9f92bf-db10-40d4-84b0-119aa581bae0","local_time":"20190130215846","is_ascension_mode":true,"campfire_choices":[{"data":"Body Slam","floor":6,"key":"SMITH"},{"data":"Rage","floor":8,"key":"SMITH"},{"data":"Metallicize","floor":10,"key":"SMITH"},{"floor":15,"key":"REST"},{"floor":25,"key":"REST"},{"floor":27,"key":"REST"},{"floor":32,"key":"REST"},{"data":"Shrug It Off","floor":40,"key":"SMITH"},{"data":"Shrug It Off","floor":42,"key":"SMITH"},{"floor":44,"key":"RECALL"},{"data":"Shockwave","floor":49,"key":"SMITH"},{"data":"Seeing Red","floor":52,"key":"SMITH"}],"neow_cost":"NONE","seed_source_timestamp":1129152122096171,"circlet_count":0,"master_deck":["Strike_R","Strike_R","Strike_R","Defend_R","Defend_R","Defend_R","Defend_R","Bash","Body Slam+1","Metallicize+1","Carnage","Rage+1","Flame Barrier","Shrug It Off+1","Shockwave+1","Feel No Pain","Barricade+1","Power Through","Body Slam+1","Flame Barrier","True Grit+1","Body Slam+1","Burning Pact","Shrug It Off+1","Shrug It Off+1","Seeing Red+1","Body Slam+1","Shrug It Off"],"relics":["Burning Blood","The Courier","Bottled Tornado","Dead Branch","Medical Kit","Calling Bell","Dream Catcher","Molten Egg 2","Magic Flower","Shuriken","Pantograph","Omamori","Necronomicon","Sozu","SsserpentHead","Strawberry","Oddly Smooth Stone"],"potions_floor_usage":[11,16,21,21,23,33,54,55],"damage_taken":[{"damage":0,"enemies":"Cultist","floor":1,"turns":4},{"damage":7,"enemies":"2 Louse","floor":2,"turns":4},{"damage":9,"enemies":"Small Slimes","floor":3,"turns":4},{"damage":11,"enemies":"Looter","floor":4,"turns":2},{"damage":17,"enemies":"Large Slime","floor":5,"turns":6},{"damage":28,"enemies":"Gremlin Nob","floor":7,"turns":5},{"damage":29,"enemies":"Lagavulin","floor":11,"turns":9},{"damage":3,"enemies":"Lots of Slimes","floor":14,"turns":5},{"damage":40,"enemies":"The Guardian","floor":16,"turns":13},{"damage":16,"enemies":"2 Thieves","floor":18,"turns":4},{"damage":40,"enemies":"3 Byrds","floor":21,"turns":6},{"damage":35,"enemies":"Book of Stabbing","floor":23,"turns":9},{"damage":35,"enemies":"Sentry and Sphere","floor":24,"turns":8},{"damage":33,"enemies":"Snecko","floor":29,"turns":5},{"damage":16,"enemies":"Centurion and Healer","floor":31,"turns":9},{"damage":6,"enemies":"Automaton","floor":33,"turns":9},{"damage":18,"enemies":"3 Darklings","floor":35,"turns":6},{"damage":0,"enemies":"Nemesis","floor":41,"turns":11},{"damage":0,"enemies":"3 Shapes","floor":45,"turns":4},{"damage":20,"enemies":"3 Darklings","floor":46,"turns":5},{"damage":9,"enemies":"Spire Growth","floor":47,"turns":6},{"damage":26,"enemies":"Sphere and 2 Shapes","floor":48,"turns":8},{"damage":18,"enemies":"Time Eater","floor":50,"turns":13},{"damage":74,"enemies":"Shield and Spear","floor":54,"turns":5},{"damage":82,"enemies":"The Heart","floor":55,"turns":3}],"seed_played":"5775358597000220160","potions_obtained":[{"floor":4,"key":"PowerPotion"},{"floor":5,"key":"BloodPotion"},{"floor":16,"key":"Regen Potion"},{"floor":18,"key":"BloodPotion"},{"floor":21,"key":"Weak Potion"},{"floor":31,"key":"Explosive Potion"},{"floor":33,"key":"AttackPotion"}],"is_trial":false,"path_per_floor":["M","M","M","M","M","R","E","R","T","R","E","?","$","M","R","B",null,"M","?","?","M","?","E","M","R","T","R","?","M","$","M","R","B",null,"M","?","$","$","?","R","E","R","T","R","M","M","M","M","R","B",null,"R","$","E","B"],"character_chosen":"IRONCLAD","items_purchased":["Medical Kit","Shockwave","PowerPotion","Shrug It Off","Shrug It Off","Shrug It Off"],"campfire_rested":4,"item_purchase_floors":[13,13,30,37,37,53],"current_hp_per_floor":[88,87,84,79,68,68,46,46,46,46,31,31,31,34,60,26,88,81,64,64,66,66,40,14,41,41,68,52,28,28,21,48,89,93,84,84,84,84,84,84,100,100,100,100,100,89,89,72,72,91,100,100,100,35,0],"gold":70,"neow_bonus":"TEN_PERCENT_HP_BONUS","is_prod":false,"is_daily":false,"chose_seed":false,"campfire_upgraded":7,"win_rate":0,"timestamp":1548881926,"path_taken":["M","M","?","M","M","R","E","R","T","R","E","?","$","M","R","BOSS","M","?","?","M","?","E","?","R","T","R","?","M","$","M","R","BOSS","M","?","?","$","?","R","E","R","T","R","M","M","?","M","R","BOSS","R","$","E","BOSS"],"build_version":"2019-01-23","purchased_purges":3,"victory":false,"max_hp_per_floor":[88,88,88,88,88,88,88,88,88,88,88,88,88,88,88,88,88,88,93,93,93,93,93,93,93,93,93,93,93,93,93,93,93,93,93,93,93,93,93,93,100,100,100,100,100,100,100,100,100,100,100,100,100,100,100],"card_choices":[{"not_picked":["Thunderclap","Battle Trance"],"picked":"Body Slam","floor":1},{"not_picked":["Clash","Wild Strike"],"picked":"Metallicize","floor":2},{"not_picked":["Thunderclap","Clash"],"picked":"Carnage","floor":3},{"not_picked":["Hemokinesis","Pummel","Clash"],"picked":"SKIP","floor":4},{"not_picked":["Fire Breathing","Wild Strike"],"picked":"Rage","floor":5},{"not_picked":["Corruption","Armaments"],"picked":"Flame Barrier","floor":7},{"not_picked":["Intimidate","Thunderclap"],"picked":"Shrug It Off","floor":11},{"not_picked":["Demon Form","Iron Wave"],"picked":"Feel No Pain","floor":14},{"not_picked":["Feed","Demon Form"],"picked":"Barricade","floor":16},{"not_picked":["Clothesline+1","Sever Soul+1"],"picked":"Power Through","floor":18},{"not_picked":["Heavy Blade+1","Inflame"],"picked":"Body Slam+1","floor":21},{"not_picked":["Whirlwind+1","Perfected Strike+1","Sever Soul+1"],"picked":"SKIP","floor":23},{"not_picked":["Whirlwind+1","Armaments","Twin Strike+1"],"picked":"SKIP","floor":24},{"not_picked":["Anger+1","Clothesline+1"],"picked":"Flame Barrier","floor":25},{"not_picked":["Dropkick+1","Whirlwind+1"],"picked":"True Grit+1","floor":29},{"not_picked":["Inflame","Perfected Strike+1"],"picked":"Body Slam+1","floor":31},{"not_picked":["Sever Soul+1","Clash+1"],"picked":"Burning Pact","floor":32},{"not_picked":["Body Slam+1","Flex","Hemokinesis+1"],"picked":"SKIP","floor":35},{"not_picked":["Headbutt+1","Blood for Blood+1","Whirlwind+1"],"picked":"SKIP","floor":41},{"not_picked":["Clash+1","Bludgeon+1"],"picked":"Seeing Red","floor":45},{"not_picked":["Hemokinesis+1","Warcry","Twin Strike+1"],"picked":"SKIP","floor":46},{"not_picked":["Heavy Blade+1","Iron Wave+1","Body Slam+1"],"picked":"SKIP","floor":47},{"not_picked":["Inflame","Heavy Blade+1"],"picked":"Body Slam+1","floor":48},{"not_picked":["Corruption","Twin Strike+1","Rage+1"],"picked":"SKIP","floor":54}],"player_experience":452860,"relics_obtained":[{"floor":7,"key":"The Courier"},{"floor":9,"key":"Bottled Tornado"},{"floor":11,"key":"Dead Branch"},{"floor":17,"key":"Dream Catcher"},{"floor":17,"key":"Molten Egg 2"},{"floor":17,"key":"Magic Flower"},{"floor":23,"key":"Pantograph"},{"floor":26,"key":"Omamori"},{"floor":28,"key":"Necronomicon"},{"floor":41,"key":"Strawberry"},{"floor":54,"key":"Oddly Smooth Stone"}],"event_choices":[{"damage_healed":0,"gold_gain":0,"player_choice":"Grow","damage_taken":0,"max_hp_gain":0,"max_hp_loss":0,"event_name":"Living Wall","floor":12,"gold_loss":0,"cards_upgraded":["Shrug It Off"]},{"damage_healed":0,"gold_gain":0,"player_choice":"Shed Blood","damage_taken":22,"max_hp_gain":5,"max_hp_loss":0,"event_name":"Forgotten Altar","floor":19,"gold_loss":0},{"damage_healed":0,"gold_gain":0,"player_choice":"Obtained Relic","damage_taken":0,"relics_obtained":["Shuriken"],"max_hp_gain":0,"max_hp_loss":0,"event_name":"Addict","floor":20,"gold_loss":85},{"damage_healed":0,"gold_gain":0,"player_choice":"Forge","damage_taken":0,"max_hp_gain":0,"max_hp_loss":0,"event_name":"Accursed Blacksmith","floor":22,"gold_loss":0,"cards_upgraded":["Barricade"]},{"damage_healed":0,"gold_gain":0,"player_choice":"Obtained Book","damage_taken":16,"max_hp_gain":0,"max_hp_loss":0,"event_name":"Cursed Tome","floor":28,"gold_loss":0},{"cards_removed":["Clumsy","Injury"],"damage_healed":0,"gold_gain":0,"player_choice":"Removed Curses","damage_taken":0,"max_hp_gain":0,"max_hp_loss":0,"event_name":"Fountain of Cleansing","floor":36,"gold_loss":0},{"damage_healed":0,"gold_gain":0,"player_choice":"Trade","damage_taken":0,"relics_obtained":["SsserpentHead"],"max_hp_gain":0,"max_hp_loss":0,"event_name":"FaceTrader","floor":39,"gold_loss":0}],"is_beta":false,"boss_relics":[{"not_picked":["Astrolabe","Runic Dome"],"picked":"Calling Bell"},{"not_picked":["Velvet Choker","Black Blood"],"picked":"Sozu"}],"items_purged_floors":[30,37,53],"is_endless":false,"potions_floor_spawned":[4,5,16,18,21,31,33,41,45,46,47,54],"killed_by":"The Heart","ascension_level":3}