{"path_per_floor":["M","?","?","M","?","M","M","M","T","E","M","M","R","E","R","B",null,"M","M","M","?","M","R","E","M","T"],"character_chosen":"IRONCLAD","items_purchased":[],"gold_per_floor":[113,188,188,201,201,217,237,256,256,286,301,314,314,349,349,451,451,463,473,484,484,500,500,531,541,615],"floor_reached":27,"campfire_rested":0,"playtime":950,"current_hp_per_floor":[75,64,61,53,53,59,65,57,57,54,58,66,66,44,44,12,87,65,63,64,48,50,50,40,37,37],"items_purged":[],"gold":615,"score":249,"play_id":"bda4a41c-e1cd-4a0c-9cd6-7f02697ead6c","is_prod":false,"is_daily":false,"is_ascension_mode":false,"campfire_upgraded":3,"path_taken":["M","?","?","?","?","M","M","M","T","E","M","M","R","E","R","BOSS","M","M","?","?","M","R","E","M","T","M"],"build_version":"2018-02-15-PROD1","purchased_purges":0,"victory":false,"master_deck":["Strike_R","Strike_R","Strike_R","Strike_R","Strike_R","Defend_R","Defend_R","Defend_R","Bash+1","Heavy Blade+1","Clash+1","Second Wind","Twin Strike","Reaper","Inflame","Necronomicurse","Demon Form","Flex"],"max_hp_per_floor":[80,80,80,80,80,80,80,80,80,87,87,87,87,87,87,87,87,87,87,87,87,87,87,87,87,87],"relics":["Black Blood","Bronze Scales","Magic Flower","Strawberry","Blood Vial","Necronomicon","Dodecahedron","Kunai"],"card_choices":[{"not_picked":["Intimidate","Perfected Strike"],"picked":"Heavy Blade"},{"not_picked":["Uppercut","Burning Pact"],"picked":"Clash"},{"not_picked":["Second Wind","Perfected Strike"],"picked":"Twin Strike"},{"not_picked":["Dark Embrace","Immolate"],"picked":"Reaper"},{"not_picked":["Twin Strike","Iron Wave"],"picked":"Inflame"},{"not_picked":["Shockwave","Headbutt"],"picked":"Demon Form"},{"not_picked":["Heavy Blade","Twin Strike"],"picked":"Flex"}],"player_experience":89166,"potions_floor_usage":[10,10,11,16,20,20,22],"damage_taken":[{"damage":11,"enemies":"Jaw Worm","floor":1,"turns":3},{"damage":14,"enemies":"Small Slimes","floor":4,"turns":3},{"damage":0,"enemies":"Cultist","floor":6,"turns":2},{"damage":0,"enemies":"Large Slime","floor":7,"turns":4},{"damage":14,"enemies":"Exordium Wildlife","floor":8,"turns":3},{"damage":19,"enemies":"3 Sentries","floor":10,"turns":4},{"damage":20,"enemies":"Exordium Thugs","floor":11,"turns":4},{"damage":1,"enemies":"3 Louse","floor":12,"turns":2},{"damage":31,"enemies":"Lagavulin","floor":14,"turns":5},{"damage":44,"enemies":"Hexaghost","floor":16,"turns":9},{"damage":46,"enemies":"2 Thieves","floor":18,"turns":4},{"damage":29,"enemies":"Shell Parasite","floor":19,"turns":4},{"damage":53,"enemies":"3 Cultists","floor":20,"turns":6},{"damage":24,"enemies":"Snake Plant","floor":22,"turns":5},{"damage":46,"enemies":"Book of Stabbing","floor":24,"turns":4},{"damage":39,"enemies":"Centurion and Healer","floor":25,"turns":5},{"damage":49,"enemies":"Sentry and Sphere","floor":27,"turns":5}],"event_choices":[{"event_name":"World of Goop","player_choice":"Gather Gold","floor":2,"damage_taken":0},{"event_name":"Scrap Ooze","player_choice":"success","floor":3,"damage_taken":3},{"event_name":"Transmorgrifier","player_choice":"Transform","floor":5,"damage_taken":0},{"event_name":"Cursed Tome","player_choice":"Obtained Book","floor":21,"damage_taken":0}],"boss_relics":[{"not_picked":["Eternal Feather","Tiny House"],"picked":"Black Blood"}],"potions_floor_spawned":[7,8,10,11,16,18,20],"seed_played":"8453489143746261204","killed_by":"Sentry and Sphere","ascension_level":0,"is_trial":false}