{"gold_per_floor":[118,393,393,7,17,17,52,14,14,14,33,48,48,58,58,133,133,146,146,165,75,92,127,127,153,153,168,182,182,193,205,205,283,283,298,298,308,308,308,308,308,335,335,60,60,71,71,86,86,86],"floor_reached":50,"playtime":6763,"items_purged":["Regret","Pain"],"score":1024,"play_id":"24ead750-08a7-4054-b81e-a4a357f58d41","local_time":"20181011030413","is_ascension_mode":true,"campfire_choices":[{"data":"Apotheosis","floor":6.0,"key":"SMITH"},{"floor":10.0,"key":"REST"},{"data":"Footwork","floor":13.0,"key":"SMITH"},{"floor":15.0,"key":"REST"},{"floor":24.0,"key":"REST"},{"floor":29.0,"key":"REST"},{"floor":32.0,"key":"REST"},{"floor":40.0,"key":"REST"},{"floor":45.0,"key":"REST"},{"floor":47.0,"key":"REST"},{"floor":49.0,"key":"REST"}],"neow_cost":"NONE","seed_source_timestamp":52327626286105,"circlet_count":0,"master_deck":["Defend_G","Defend_G","Defend_G","Defend_G","Defend_G","Survivor","Neutralize","AscendersBane","Flying Knee","Apotheosis+1","Dash","Envenom","Sucker Punch","Footwork+1","Dash","Flying Knee","Deflect","Adrenaline","Blade Dance+1","Crippling Poison+1","Distraction+1","Terror","Noxious Fumes","Footwork","Cloak And Dagger","Deflect","Calculated Gamble","Distraction","Adrenaline","Acrobatics","Well Laid Plans","Noxious Fumes","Doubt","Dash"],"special_seed":0,"relics":["Ring of the Snake","Juzu Bracelet","Mummified Hand","Sundial","Astrolabe","Potion Belt","Tingsha","Bag of Marbles","Cursed Key","Mango","WarpedTongs","Oddly Smooth Stone","Paper Crane"],"potions_floor_usage":[50,50,50,50],"damage_taken":[{"damage":1.0,"enemies":"Small Slimes","floor":1.0,"turns":4.0},{"damage":0.0,"enemies":"Cultist","floor":5.0,"turns":4.0},{"damage":28.0,"enemies":"Gremlin Nob","floor":7.0,"turns":4.0},{"damage":0.0,"enemies":"Jaw Worm","floor":11.0,"turns":3.0},{"damage":9.0,"enemies":"Red Slaver","floor":12.0,"turns":5.0},{"damage":12.0,"enemies":"Large Slime","floor":14.0,"turns":4.0},{"damage":57.0,"enemies":"Slime Boss","floor":16.0,"turns":12.0},{"damage":9.0,"enemies":"Shell Parasite","floor":18.0,"turns":5.0},{"damage":0.0,"enemies":"3 Byrds","floor":20.0,"turns":6.0},{"damage":0.0,"enemies":"Centurion and Healer","floor":22.0,"turns":4.0},{"damage":17.0,"enemies":"Slavers","floor":23.0,"turns":7.0},{"damage":38.0,"enemies":"Gremlin Leader","floor":25.0,"turns":9.0},{"damage":6.0,"enemies":"Snake Plant","floor":27.0,"turns":5.0},{"damage":0.0,"enemies":"Snecko","floor":28.0,"turns":5.0},{"damage":2.0,"enemies":"Sentry and Sphere","floor":30.0,"turns":6.0},{"damage":0.0,"enemies":"Snake Plant","floor":31.0,"turns":2.0},{"damage":16.0,"enemies":"Champ","floor":33.0,"turns":10.0},{"damage":0.0,"enemies":"Orb Walker","floor":35.0,"turns":4.0},{"damage":24.0,"enemies":"3 Darklings","floor":37.0,"turns":5.0},{"damage":0.0,"enemies":"Mind Bloom Boss Battle","floor":39.0,"turns":7.0},{"damage":60.0,"enemies":"2 Orb Walkers","floor":42.0,"turns":7.0},{"damage":0.0,"enemies":"Spire Growth","floor":46.0,"turns":6.0},{"damage":0.0,"enemies":"4 Shapes","floor":48.0,"turns":6.0},{"damage":79,"enemies":"Time Eater","floor":50,"turns":20}],"seed_played":"-1869805192842628011","potions_obtained":[{"floor":1.0,"key":"Regen Potion"},{"floor":3.0,"key":"Regen Potion"},{"floor":16.0,"key":"Strength Potion"},{"floor":20.0,"key":"Energy Potion"},{"floor":22.0,"key":"EssenceOfSteel"},{"floor":23.0,"key":"Block Potion"},{"floor":27.0,"key":"Energy Potion"},{"floor":28.0,"key":"Swift Potion"},{"floor":39.0,"key":"EssenceOfSteel"},{"floor":42.0,"key":"AttackPotion"},{"floor":48.0,"key":"Block Potion"}],"is_trial":false,"path_per_floor":["M","?","?","$","M","R","E","$","T","R","M","M","R","M","R","B",null,"M","?","M","$","M","E","R","E","T","M","M","R","M","M","R","B",null,"M","?","M","?","?","R","?","E","T","$","R","M","R","M","R"],"character_chosen":"THE_SILENT","items_purchased":["Apotheosis","Dash","Footwork","Noxious Fumes","SkillPotion","SpeedPotion","Poison Potion"],"campfire_rested":9,"item_purchase_floors":[4,4,8,21,44,44,44],"current_hp_per_floor":[58,58,58,58,58,58,30,30,30,49,49,54,54,51,66,9,52,43,43,43,43,43,26,45,7,7,1,1,20,18,18,37,21,55,55,55,31,31,45,68,68,8,8,8,31,31,54,54,77,0],"gold":86,"neow_bonus":"RANDOM_COMMON_RELIC","is_prod":false,"is_daily":false,"chose_seed":false,"campfire_upgraded":2,"win_rate":0,"timestamp":1539219853,"path_taken":["M","?","?","?","M","R","E","$","T","R","M","M","R","M","R","BOSS","M","?","M","?","M","E","R","E","T","M","M","R","M","M","R","BOSS","M","?","M","?","?","R","?","E","T","$","R","M","R","M","R","BOSS"],"build_version":"2018-10-04v2","purchased_purges":2,"victory":false,"max_hp_per_floor":[66,66,66,66,66,66,66,66,66,66,66,66,66,66,66,66,66,66,66,66,66,66,66,66,66,66,66,66,66,66,66,66,66,66,66,66,66,63,77,77,77,77,77,77,77,77,77,77,77,77],"card_choices":[{"not_picked":["Sucker Punch","Quick Slash"],"picked":"Flying Knee","floor":1.0},{"not_picked":["Prepared","Acrobatics"],"picked":"Envenom","floor":5.0},{"not_picked":["Expertise","Prepared"],"picked":"Sucker Punch","floor":7.0},{"not_picked":["Backstab","Bouncing Flask"],"picked":"Dash","floor":11.0},{"not_picked":["Reflex","Concentrate"],"picked":"Flying Knee","floor":12.0},{"not_picked":["Heel Hook","Wraith Form v2"],"picked":"Deflect","floor":14.0},{"not_picked":["Doppelganger","Wraith Form v2"],"picked":"Adrenaline","floor":16.0},{"not_picked":["Bane+1","Poisoned Stab","Reflex"],"picked":"SKIP","floor":18.0},{"not_picked":["Flying Knee","Dagger Spray","Dagger Throw"],"picked":"SKIP","floor":20.0},{"not_picked":["Slice","Blade Dance"],"picked":"Footwork","floor":22.0},{"not_picked":["Glass Knife","Outmaneuver"],"picked":"Cloak And Dagger","floor":23.0},{"not_picked":["Bouncing Flask","Acrobatics"],"picked":"Deflect","floor":25.0},{"not_picked":["Dagger Throw","Masterful Stab"],"picked":"Calculated Gamble","floor":27.0},{"not_picked":["Well Laid Plans","Sucker Punch"],"picked":"Distraction","floor":28.0},{"not_picked":["Outmaneuver","Dagger Throw+1"],"picked":"Adrenaline","floor":30.0},{"not_picked":["Crippling Poison","Bane","Choke"],"picked":"SKIP","floor":31.0},{"not_picked":["Underhanded Strike+1","Blade Dance","Outmaneuver"],"picked":"SKIP","floor":35.0},{"not_picked":["PiercingWail","Expertise"],"picked":"Acrobatics","floor":37.0},{"not_picked":["Expertise","Bane"],"picked":"Well Laid Plans","floor":39.0},{"not_picked":["Well Laid Plans+1","Dagger Spray"],"picked":"Noxious Fumes","floor":42.0},{"not_picked":["PiercingWail","Deadly Poison"],"picked":"Dash","floor":46.0},{"not_picked":["Prepared","Setup","Deadly Poison"],"picked":"SKIP","floor":48.0}],"player_experience":1415048,"relics_obtained":[{"floor":7.0,"key":"Mummified Hand"},{"floor":9.0,"key":"Sundial"},{"floor":23.0,"key":"Potion Belt"},{"floor":25.0,"key":"Tingsha"},{"floor":26.0,"key":"Bag of Marbles"},{"floor":39.0,"key":"Mango"},{"floor":42.0,"key":"Oddly Smooth Stone"},{"floor":43.0,"key":"Paper Crane"}],"event_choices":[{"event_name":"Golden Shrine","player_choice":"Desecrate","floor":2.0,"damage_taken":0.0},{"event_name":"The Lab","player_choice":"Got Potions","floor":3.0,"damage_taken":0.0},{"event_name":"Transmorgrifier","player_choice":"Transform","floor":19.0,"damage_taken":0.0},{"event_name":"Bonfire Elementals","player_choice":"BASIC","floor":36.0,"damage_taken":0.0},{"event_name":"Winding Halls","player_choice":"Max HP","floor":38.0,"damage_taken":0.0},{"event_name":"MindBloom","player_choice":"Fight","floor":39.0,"damage_taken":0.0},{"event_name":"Accursed Blacksmith","player_choice":"Rummage","floor":41.0,"damage_taken":0.0}],"is_beta":false,"boss_relics":[{"not_picked":["Pandora\u0027s Box","Tiny House"],"picked":"Astrolabe"},{"not_picked":["White Beast Statue","WristBlade"],"picked":"Cursed Key"}],"items_purged_floors":[4,44],"is_endless":false,"potions_floor_spawned":[1,5,7,16,20,22,23,27,28,39,42,48],"killed_by":"Time Eater","ascension_level":20}