{"gold_per_floor":[114,114,131,38,51,51,85,85,138,138,170,170,190,190,190,267,267,279,459,459,470,97,97,130,148,148,148,26,26],"floor_reached":29,"playtime":2046,"items_purged":["Strike_G"],"score":548,"play_id":"62c2523d-2fb9-4af9-ae17-b70884332ae4","local_time":"20181010170012","is_ascension_mode":true,"campfire_choices":[{"data":"Dash","floor":6.0,"key":"SMITH"},{"data":"Predator","floor":8.0,"key":"SMITH"},{"data":"Neutralize","floor":10.0,"key":"SMITH"},{"data":"Blur","floor":12.0,"key":"SMITH"},{"floor":15.0,"key":"REST"},{"floor":23.0,"key":"REST"},{"floor":27,"key":"REST"}],"neow_cost":"","seed_source_timestamp":21660073045265,"circlet_count":0,"master_deck":["Defend_G","Defend_G","Defend_G","Defend_G","Defend_G","Strike_G+1","Strike_G+1","Strike_G+1","Strike_G+1","Survivor","Neutralize+1","AscendersBane","Poisoned Stab","Dash+1","Predator+1","After Image","Blur+1","Distraction","Leg Sweep","Backstab","Deflect","Slice","A Thousand Cuts","Footwork","Blur","Dodge and Roll","Footwork","Endless Agony"],"special_seed":0,"relics":["Ring of the Snake","Whetstone","Bag of Marbles","Art of War","Orrery","Shuriken","Kunai","Dream Catcher"],"potions_floor_usage":[25],"damage_taken":[{"damage":0.0,"enemies":"Small Slimes","floor":1.0,"turns":5.0},{"damage":0.0,"enemies":"2 Louse","floor":3.0,"turns":4.0},{"damage":0.0,"enemies":"Jaw Worm","floor":5.0,"turns":5.0},{"damage":0.0,"enemies":"Gremlin Nob","floor":7.0,"turns":3.0},{"damage":16.0,"enemies":"3 Sentries","floor":11.0,"turns":11.0},{"damage":0.0,"enemies":"3 Louse","floor":13.0,"turns":3.0},{"damage":3.0,"enemies":"The Guardian","floor":16.0,"turns":14.0},{"damage":15.0,"enemies":"3 Byrds","floor":18.0,"turns":10.0},{"damage":0.0,"enemies":"2 Thieves","floor":21.0,"turns":4.0},{"damage":18.0,"enemies":"Slavers","floor":24.0,"turns":9.0},{"damage":26,"enemies":"Cultist and Chosen","floor":25,"turns":9},{"damage":24,"enemies":"Snake Plant","floor":29,"turns":5}],"seed_played":"3766344377195900966","potions_obtained":[{"floor":5.0,"key":"SkillPotion"},{"floor":7.0,"key":"GamblersBrew"},{"floor":11.0,"key":"Explosive Potion"},{"floor":14.0,"key":"GhostInAJar"},{"floor":14.0,"key":"Poison Potion"},{"floor":16.0,"key":"Dexterity Potion"}],"is_trial":false,"path_per_floor":["M","?","M","$","M","R","E","R","T","R","E","R","M","?","R","B",null,"M","?","?","M","$","R","E","M","T","R","$"],"character_chosen":"THE_SILENT","items_purchased":["Predator","Shuriken","Footwork","Endless Agony"],"campfire_rested":3,"item_purchase_floors":[4,22,28,28],"current_hp_per_floor":[59,39,39,39,39,39,39,39,39,39,23,23,23,23,42,39,59,44,26,26,26,26,45,27,1,1,20,20,0],"gold":26,"neow_bonus":"","is_prod":false,"is_daily":false,"chose_seed":false,"campfire_upgraded":4,"win_rate":0,"timestamp":1539183612,"path_taken":["M","?","M","$","M","R","E","R","T","R","E","R","M","?","R","BOSS","M","?","?","M","$","R","E","M","T","R","$","M"],"build_version":"2018-10-04v2","purchased_purges":1,"victory":false,"max_hp_per_floor":[66,66,66,66,66,66,66,66,66,66,66,66,66,66,66,66,66,66,66,66,66,66,66,66,66,66,66,66,66],"card_choices":[{"not_picked":["Quick Slash","Prepared"],"picked":"Poisoned Stab","floor":1.0},{"not_picked":["Calculated Gamble","Infinite Blades"],"picked":"Dash","floor":3.0},{"not_picked":["Choke","Quick Slash"],"picked":"After Image","floor":5.0},{"not_picked":["Riddle With Holes","Calculated Gamble"],"picked":"Blur","floor":7.0},{"not_picked":["Setup","Dagger Spray","Acrobatics"],"picked":"SKIP","floor":11.0},{"not_picked":["Bane","Prepared"],"picked":"Distraction","floor":13.0},{"not_picked":["Bane","Blade Dance"],"picked":"Leg Sweep","floor":17.0},{"not_picked":["Prepared","Bane"],"picked":"Backstab","floor":17.0},{"not_picked":["Dagger Spray","Masterful Stab"],"picked":"Deflect","floor":17.0},{"not_picked":["Underhanded Strike","Flying Knee"],"picked":"Slice","floor":17.0},{"not_picked":["Escape Plan","Masterful Stab"],"picked":"A Thousand Cuts","floor":18.0},{"not_picked":["Blur","Catalyst"],"picked":"Footwork","floor":21.0},{"not_picked":["Dagger Throw","Dodge and Roll"],"picked":"Blur","floor":24.0},{"not_picked":["Sucker Punch","Outmaneuver+1"],"picked":"Dodge and Roll","floor":25}],"player_experience":1407879,"relics_obtained":[{"floor":7.0,"key":"Whetstone"},{"floor":9.0,"key":"Bag of Marbles"},{"floor":11.0,"key":"Art of War"},{"floor":24.0,"key":"Kunai"},{"floor":26,"key":"Dream Catcher"}],"event_choices":[{"event_name":"Shining Light","player_choice":"Entered Light","floor":2.0,"damage_taken":0.0},{"event_name":"The Lab","player_choice":"Got Potions","floor":14.0,"damage_taken":0.0},{"event_name":"Knowing Skull","player_choice":"GOLD GOLD ","floor":19.0,"damage_taken":0.0},{"event_name":"Vampires","player_choice":"Ignored","floor":20.0,"damage_taken":0.0}],"is_beta":false,"boss_relics":[{"not_picked":["Lizard Tail","White Beast Statue"],"picked":"Orrery"}],"items_purged_floors":[22],"is_endless":false,"potions_floor_spawned":[5,7,11,16],"killed_by":"Snake Plant","ascension_level":20}