{"gold_per_floor":[17,17,37,47,7,7,26,40,66,95,114,131,150,163,163,237,237,247,247,0,0,11,36,36,56,81,81,99,18,18,30,30,108,108,128,140,140,150,150],"floor_reached":39,"playtime":5030,"items_purged":["Strike_R"],"score":798,"play_id":"585b8576-394b-4cdb-a77e-736d76988551","local_time":"20190201162815","is_ascension_mode":true,"campfire_choices":[{"data":"Bash","floor":6.0,"key":"SMITH"},{"floor":15.0,"key":"REST"},{"floor":30,"key":"REST"},{"data":"Demon Form","floor":32,"key":"SMITH"}],"neow_cost":"NO_GOLD","seed_source_timestamp":0,"circlet_count":0,"master_deck":["AscendersBane","Strike_R","Strike_R","Strike_R","Strike_R","Defend_R+1","Defend_R","Defend_R","Defend_R","Bash+1","Headbutt+1","Shrug It Off","Flame Barrier","Shrug It Off","Pommel Strike","Demon Form+1","Flame Barrier","Clothesline","Evolve","Sword Boomerang+1","Shrug It Off","Offering","Heavy Blade","J.A.X.","Offering+1","Shockwave","Feel No Pain","Juggernaut","Metallicize","Corruption","Impervious","Rampage","Metallicize"],"special_seed":0,"relics":["Burning Blood","Regal Pillow","Red Skull","Philosopher\u0027s Stone","Anchor","Whetstone","War Paint","Eternal Feather"],"potions_floor_usage":[16,18,23,23,35],"damage_taken":[{"damage":14.0,"enemies":"Jaw Worm","floor":1.0,"turns":6.0},{"damage":11.0,"enemies":"Cultist","floor":3.0,"turns":6.0},{"damage":0.0,"enemies":"Small Slimes","floor":4.0,"turns":3.0},{"damage":0.0,"enemies":"Looter","floor":5.0,"turns":4.0},{"damage":12.0,"enemies":"Lots of Slimes","floor":7.0,"turns":5.0},{"damage":2.0,"enemies":"2 Fungi Beasts","floor":8.0,"turns":4.0},{"damage":32.0,"enemies":"Gremlin Nob","floor":10.0,"turns":4.0},{"damage":2.0,"enemies":"3 Louse","floor":11.0,"turns":4.0},{"damage":18.0,"enemies":"Large Slime","floor":12.0,"turns":7.0},{"damage":29.0,"enemies":"Gremlin Gang","floor":13.0,"turns":5.0},{"damage":9.0,"enemies":"3 Louse","floor":14.0,"turns":3.0},{"damage":37,"enemies":"Hexaghost","floor":16,"turns":9},{"damage":16,"enemies":"Chosen","floor":18,"turns":6},{"damage":12,"enemies":"2 Thieves","floor":22,"turns":4},{"damage":43,"enemies":"Gremlin Leader","floor":23,"turns":7},{"damage":6,"enemies":"Snake Plant","floor":25,"turns":3},{"damage":6,"enemies":"Centurion and Healer","floor":28,"turns":4},{"damage":12,"enemies":"Snecko","floor":31,"turns":4},{"damage":55,"enemies":"Champ","floor":33,"turns":8},{"damage":12,"enemies":"Orb Walker","floor":35,"turns":3},{"damage":23,"enemies":"3 Shapes","floor":36,"turns":7},{"damage":41,"enemies":"Maw","floor":38,"turns":6},{"damage":11,"enemies":"Sphere and 2 Shapes","floor":39,"turns":2}],"seed_played":"8784957066233662603","potions_obtained":[{"floor":7.0,"key":"Energy Potion"},{"floor":8.0,"key":"Ancient Potion"},{"floor":10.0,"key":"Poison Potion"},{"floor":13.0,"key":"BloodPotion"},{"floor":16,"key":"Fire Potion"},{"floor":18,"key":"GamblersBrew"},{"floor":22,"key":"Weak Potion"},{"floor":25,"key":"Energy Potion"},{"floor":36,"key":"LiquidBronze"}],"is_trial":false,"path_per_floor":["M","?","M","M","M","R","M","M","T","E","M","M","M","M","R","B",null,"M","?","$","?","M","E","?","M","T","?","M","$","R","M","R","B",null,"M","M","?","M","M"],"character_chosen":"IRONCLAD","items_purchased":["Anchor","Metallicize"],"campfire_rested":2,"item_purchase_floors":[20,29],"current_hp_per_floor":[74,74,69,75,81,81,75,79,79,53,57,45,22,27,68,37,76,66,66,66,66,60,23,23,23,23,23,23,23,64,58,58,9,69,63,46,46,11,0],"gold":150,"neow_bonus":"TWENTY_PERCENT_HP_BONUS","is_prod":false,"is_daily":false,"chose_seed":false,"campfire_upgraded":2,"win_rate":0,"timestamp":1549056495,"path_taken":["M","?","M","M","M","R","M","M","T","E","?","M","M","M","R","BOSS","M","?","$","?","?","E","?","M","T","?","M","$","R","M","R","BOSS","M","M","?","M","?"],"build_version":"2019-01-23","purchased_purges":1,"victory":false,"max_hp_per_floor":[89,89,89,89,89,89,89,89,89,89,89,89,89,89,89,89,89,89,89,89,89,89,89,89,89,89,89,89,89,89,89,89,89,89,89,89,89,89,89],"card_choices":[{"not_picked":["Wild Strike","Evolve"],"picked":"Headbutt","floor":1.0},{"not_picked":["Cleave","Wild Strike"],"picked":"Flame Barrier","floor":3.0},{"not_picked":["Carnage","Thunderclap"],"picked":"Shrug It Off","floor":4.0},{"not_picked":["Perfected Strike","Cleave"],"picked":"Pommel Strike","floor":5.0},{"not_picked":["Armaments","Cleave"],"picked":"Demon Form","floor":7.0},{"not_picked":["Twin Strike","Battle Trance"],"picked":"Flame Barrier","floor":8.0},{"not_picked":["Iron Wave","Corruption"],"picked":"Clothesline","floor":10.0},{"not_picked":["Wild Strike","Armaments","Sentinel"],"picked":"SKIP","floor":11.0},{"not_picked":["True Grit","Thunderclap"],"picked":"Evolve","floor":12.0},{"not_picked":["Whirlwind","Carnage"],"picked":"Sword Boomerang","floor":13.0},{"not_picked":["Dual Wield","True Grit"],"picked":"Shrug It Off","floor":14.0},{"not_picked":["Demon Form","Bludgeon"],"picked":"Offering","floor":16},{"not_picked":["Anger","Intimidate"],"picked":"Heavy Blade","floor":18},{"not_picked":["Body Slam","Inflame"],"picked":"Shockwave","floor":22},{"not_picked":["Headbutt","Warcry"],"picked":"Feel No Pain","floor":23},{"not_picked":["Warcry","Pommel Strike"],"picked":"Juggernaut","floor":25},{"not_picked":["Cleave","Body Slam","Clothesline"],"picked":"SKIP","floor":28},{"not_picked":["True Grit","Pommel Strike"],"picked":"Corruption","floor":31},{"not_picked":["Dark Embrace","Juggernaut"],"picked":"Impervious","floor":33},{"not_picked":["Second Wind","Twin Strike"],"picked":"Rampage","floor":35},{"not_picked":["Clash+1","Armaments","Clothesline"],"picked":"SKIP","floor":36},{"not_picked":["Pommel Strike+1","Sever Soul"],"picked":"Metallicize","floor":38}],"player_experience":1160893,"relics_obtained":[{"floor":9.0,"key":"Regal Pillow"},{"floor":10.0,"key":"Red Skull"},{"floor":23,"key":"Whetstone"},{"floor":26,"key":"War Paint"}],"event_choices":[{"damage_healed":0.0,"max_hp_gain":0.0,"max_hp_loss":0.0,"gold_gain":0.0,"event_name":"Match and Keep!","player_choice":"1 cards matched","floor":2.0,"gold_loss":0.0,"damage_taken":0.0,"cards_obtained":["Shrug It Off"]},{"damage_healed":0,"gold_gain":0,"player_choice":"Obtain J.A.X.","damage_taken":0,"max_hp_gain":0,"max_hp_loss":0,"event_name":"Drug Dealer","floor":19,"gold_loss":0,"cards_obtained":["J.A.X."]},{"damage_healed":0,"gold_gain":0,"player_choice":"Copied","damage_taken":0,"max_hp_gain":0,"max_hp_loss":0,"event_name":"Duplicator","floor":21,"gold_loss":0,"cards_obtained":["Offering"]},{"damage_healed":0,"gold_gain":0,"player_choice":"Smashed Altar","damage_taken":0,"max_hp_gain":0,"max_hp_loss":0,"event_name":"Forgotten Altar","floor":27,"gold_loss":0,"cards_obtained":["Decay"]},{"cards_removed":["Decay"],"damage_healed":0,"gold_gain":0,"player_choice":"Removed Curses","damage_taken":0,"max_hp_gain":0,"max_hp_loss":0,"event_name":"Fountain of Cleansing","floor":37,"gold_loss":0}],"is_beta":false,"boss_relics":[{"not_picked":["Astrolabe","Orrery"],"picked":"Philosopher\u0027s Stone"},{"not_picked":["White Beast Statue","Runic Cube"],"picked":"Eternal Feather"}],"items_purged_floors":[20],"is_endless":false,"potions_floor_spawned":[7,8,10,13,16,18,22,25,36],"killed_by":"Sphere and 2 Shapes","ascension_level":19}