{"path_per_floor":["M","T","M","M","T","R","$","M","T","R","M","M","R","E","R","B",null,"M","?","M","$","?","R","M","R","T","?","R","E","R","M","R"],"character_chosen":"THE_SILENT","items_purchased":["Riddle With Holes","Footwork","Dagger Spray"],"gold_per_floor":[117,117,129,143,143,143,38,56,56,56,69,89,89,117,117,221,221,234,149,161,40,40,40,51,51,74,74,74,105,105,122,122,122],"floor_reached":33,"campfire_rested":2,"playtime":1226,"current_hp_per_floor":[70,70,70,63,70,70,70,68,68,68,56,56,56,50,50,25,77,77,77,77,77,77,77,65,65,65,65,65,34,57,54,77,0],"items_purged":["Strike_G"],"gold":122,"score":265,"play_id":"41fb17f9-8bf3-45ae-9d29-145f757c0769","local_time":"20180405230857","is_prod":false,"is_daily":false,"is_ascension_mode":false,"campfire_upgraded":4,"timestamp":1522962537,"path_taken":["M","?","M","M","?","R","$","M","T","R","M","M","R","E","R","BOSS","M","?","M","$","?","R","M","R","T","?","R","E","R","M","R","BOSS"],"build_version":"2018-03-29v2","purchased_purges":1,"victory":false,"master_deck":["Defend_G","Defend_G","Defend_G","Defend_G","Strike_G","Survivor","Neutralize","Setup","PiercingWail","Flying Knee+1","Riddle With Holes","Footwork+1","Backstab","Flechettes","Riddle With Holes+1","Noxious Fumes+1","Calculated Gamble+1","Corpse Explosion+1","Choke+1","Backflip","Backflip+1","Dagger Spray","Dash","Dagger Spray","Glass Knife"],"max_hp_per_floor":[70,70,70,70,77,77,77,77,77,77,77,77,77,77,77,77,77,77,77,77,77,77,77,77,77,77,77,77,77,77,77,77,77],"relics":["Ring of the Snake","Girya","Strawberry","Calipers","Sundial","Astrolabe","Art of War","Anchor","Bag of Preparation"],"card_choices":[{"not_picked":["Accuracy","Underhanded Strike"],"picked":"Setup","floor":1},{"not_picked":["Bane","Expertise"],"picked":"PiercingWail","floor":3},{"not_picked":["Dagger Throw","Caltrops"],"picked":"Flying Knee","floor":4},{"not_picked":["Quick Slash","Backflip"],"picked":"Backstab","floor":8},{"not_picked":["Catalyst","Poisoned Stab"],"picked":"Flechettes","floor":11},{"not_picked":["Heel Hook","Leg Sweep"],"picked":"Riddle With Holes","floor":12},{"not_picked":["Bane","Prepared"],"picked":"Noxious Fumes","floor":14},{"not_picked":["Distraction","Backstab"],"picked":"Backflip","floor":18},{"not_picked":["Dagger Throw","Masterful Stab"],"picked":"Backflip","floor":20},{"not_picked":["Quick Slash","Deadly Poison"],"picked":"Dagger Spray","floor":24},{"not_picked":["Well Laid Plans","Distraction"],"picked":"Glass Knife","floor":29}],"player_experience":331137,"potions_floor_usage":[18,20,29,33],"damage_taken":[{"damage":0,"enemies":"Cultist","floor":1,"turns":5},{"damage":0,"enemies":"Jaw Worm","floor":3,"turns":6},{"damage":7,"enemies":"2 Louse","floor":4,"turns":4},{"damage":2,"enemies":"Blue Slaver","floor":8,"turns":4},{"damage":12,"enemies":"Large Slime","floor":11,"turns":6},{"damage":0,"enemies":"3 Louse","floor":12,"turns":3},{"damage":6,"enemies":"Gremlin Nob","floor":14,"turns":3},{"damage":25,"enemies":"Hexaghost","floor":16,"turns":8},{"damage":0,"enemies":"Shell Parasite","floor":18,"turns":2},{"damage":0,"enemies":"2 Thieves","floor":20,"turns":3},{"damage":12,"enemies":"Slaver and Parasite","floor":24,"turns":5},{"damage":31,"enemies":"Gremlin Leader","floor":29,"turns":8},{"damage":3,"enemies":"Centurion and Healer","floor":31,"turns":5},{"damage":78,"enemies":"Collector","floor":33,"turns":7}],"event_choices":[{"event_name":"Addict","player_choice":"Obtained Relic","floor":19,"damage_taken":0},{"event_name":"The Library","player_choice":"Read","floor":22,"damage_taken":0},{"event_name":"Drug Dealer","player_choice":"Ignored","floor":27,"damage_taken":0}],"boss_relics":[{"not_picked":["Orrery","Calling Bell"],"picked":"Astrolabe"}],"potions_floor_spawned":[1,3,8,14,18,24,29],"seed_played":"-5603565672136311895","killed_by":"Collector","ascension_level":0,"is_trial":false}