{"gold_per_floor":[114,129,129,129,129,129,159,159,184,199,214,229,1,16,16,116],"floor_reached":16,"playtime":578,"items_purged":[],"score":152,"play_id":"1d69e114-b4f3-4e0d-9309-f4494766d1e9","local_time":"20181111133428","daily_mods":["SealedDeck","Uncertain Future","Night Terrors"],"is_ascension_mode":false,"campfire_choices":[{"data":"Hologram","floor":6.0,"key":"SMITH"},{"data":"Rainbow","floor":8.0,"key":"SMITH"},{"data":"Defragment","floor":15.0,"key":"SMITH"}],"neow_cost":"","seed_source_timestamp":0,"circlet_count":0,"master_deck":["Beam Cell","White Noise+1","Hologram+1","Leap","Chill","Compile Driver","Ball Lightning","Ball Lightning","Cold Snap","Cold Snap","Sweeping Beam","Steam","Rainbow+1","Sweeping Beam","Multi-Cast","Defragment+1","Rainbow"],"special_seed":17845,"relics":["Cracked Core","Blood Vial","Dream Catcher","Happy Flower"],"potions_floor_usage":[],"damage_taken":[{"damage":0.0,"enemies":"Small Slimes","floor":1.0,"turns":2.0},{"damage":4.0,"enemies":"Jaw Worm","floor":2.0,"turns":2.0},{"damage":1.0,"enemies":"3 Sentries","floor":7.0,"turns":5.0},{"damage":0.0,"enemies":"2 Louse","floor":10.0,"turns":2.0},{"damage":0.0,"enemies":"Lots of Slimes","floor":11.0,"turns":2.0},{"damage":0.0,"enemies":"Exordium Wildlife","floor":12.0,"turns":3.0},{"damage":0.0,"enemies":"Looter","floor":14.0,"turns":2.0},{"damage":6.0,"enemies":"Hexaghost","floor":16.0,"turns":6.0}],"seed_played":"720756091651424505","potions_obtained":[{"floor":2.0,"key":"Weak Potion"},{"floor":10.0,"key":"Poison Potion"},{"floor":12.0,"key":"Strength Potion"}],"is_trial":false,"path_per_floor":["M","M","$","?","?","R","E","R","T","M","M","M","$","M","R","B","B"],"character_chosen":"DEFECT","items_purchased":["Happy Flower","Defragment"],"campfire_rested":0,"item_purchase_floors":[13,13],"current_hp_per_floor":[75,71,71,71,71,71,70,70,70,72,74,75,75,75,75,69],"gold":116,"neow_bonus":"","is_prod":false,"is_daily":true,"chose_seed":false,"campfire_upgraded":3,"win_rate":0,"timestamp":1541939668,"path_taken":["M","M","$","?","?","R","E","R","T","M","M","M","?","M","R","BOSS","BOSS"],"build_version":"2018-11-08","purchased_purges":0,"victory":false,"max_hp_per_floor":[75,75,75,75,75,75,75,75,75,75,75,75,75,75,75,75],"card_choices":[{"not_picked":["Beam Cell","Leap"],"picked":"Sweeping Beam","floor":1.0},{"not_picked":["BootSequence","Auto Shields"],"picked":"Steam","floor":2.0},{"not_picked":["Barrage","Streamline"],"picked":"Rainbow","floor":7.0},{"not_picked":["Beam Cell","Stack"],"picked":"Sweeping Beam","floor":10.0},{"not_picked":["Beam Cell","Consume"],"picked":"Multi-Cast","floor":11.0},{"not_picked":["Cold Snap","Turbo","Steam"],"picked":"SKIP","floor":12.0},{"not_picked":["Stack","Steam","Cold Snap"],"picked":"SKIP","floor":14.0},{"not_picked":["Reboot","Fission"],"picked":"Rainbow","floor":16}],"player_experience":1781473,"relics_obtained":[{"floor":7.0,"key":"Blood Vial"},{"floor":9.0,"key":"Dream Catcher"}],"event_choices":[{"damage_healed":0.0,"max_hp_gain":0.0,"max_hp_loss":0.0,"gold_gain":0.0,"event_name":"Living Wall","player_choice":"Grow","floor":4.0,"gold_loss":0.0,"damage_taken":0.0,"cards_upgraded":["White Noise"]},{"damage_healed":0.0,"max_hp_gain":0.0,"max_hp_loss":0.0,"gold_gain":0.0,"event_name":"Liars Game","player_choice":"Ignored","floor":5.0,"gold_loss":0.0,"damage_taken":0.0}],"is_beta":false,"boss_relics":[],"items_purged_floors":[],"is_endless":false,"potions_floor_spawned":[2,10,12,14],"killed_by":"Hexaghost","ascension_level":0}