{"gold_per_floor":[109,121,121,121,144,144,159,159,159,84,100,0,0,20,20,144,144,168,201,76,76,76,115,115,129,129,147,147,62,75,125,125,255,255,274,124,124,124,145,145,163,186,256,256,280,301,335,10,10,10],"floor_reached":51,"playtime":741,"items_purged":["Defend_R","Defend_R","Defend_R","Defend_R","Strike_R"],"score":762,"play_id":"bf996707-5c49-4ab9-a4e7-c374a0a9098d","local_time":"20180703015201","is_ascension_mode":false,"campfire_choices":[{"data":"Bash","floor":6.0,"key":"SMITH"},{"data":"Spot Weakness","floor":8.0,"key":"SMITH"},{"floor":13.0,"key":"REST"},{"floor":15.0,"key":"REST"},{"floor":24.0,"key":"REST"},{"floor":28.0,"key":"REST"},{"floor":32.0,"key":"REST"},{"data":"Limit Break","floor":40,"key":"SMITH"},{"data":"Limit Break","floor":44,"key":"SMITH"},{"floor":49,"key":"REST"}],"neow_cost":"","seed_source_timestamp":22548665980133,"circlet_count":0,"master_deck":["Strike_R","Strike_R","Strike_R","Strike_R","Bash+1","Spot Weakness+1","Pummel","Bludgeon+1","Clash+1","Whirlwind+1","Necronomicurse","Spot Weakness","Seeing Red","Limit Break+1","Bludgeon+1","Flex","Limit Break+1","Battle Trance","Battle Trance+1"],"special_seed":0,"relics":["Eternal Feather","Golden Idol","Molten Egg 2","Runic Dome","Red Mask","Necronomicon","Pear","Paper Frog","Bag of Preparation","Philosopher\u0027s Stone","CultistMask","Ornamental Fan","Shovel","Ancient Tea Set"],"potions_floor_usage":[42,45],"damage_taken":[{"damage":17.0,"enemies":"Small Slimes","floor":1.0,"turns":3.0},{"damage":10.0,"enemies":"Cultist","floor":2.0,"turns":4.0},{"damage":6.0,"enemies":"2 Louse","floor":5.0,"turns":2.0},{"damage":16.0,"enemies":"Large Slime","floor":7.0,"turns":4.0},{"damage":28.0,"enemies":"Exordium Wildlife","floor":11.0,"turns":3.0},{"damage":16.0,"enemies":"Gremlin Gang","floor":14.0,"turns":4.0},{"damage":0.0,"enemies":"Slime Boss","floor":16.0,"turns":5.0},{"damage":15.0,"enemies":"2 Thieves","floor":18.0,"turns":3.0},{"damage":17.0,"floor":19.0,"turns":3.0},{"damage":26.0,"enemies":"Slavers","floor":23.0,"turns":3.0},{"damage":0.0,"enemies":"Spheric Guardian","floor":25.0,"turns":2.0},{"damage":15.0,"enemies":"Snake Plant","floor":27.0,"turns":3.0},{"damage":17.0,"enemies":"Slaver and Parasite","floor":30.0,"turns":3.0},{"damage":25.0,"enemies":"Champ","floor":33.0,"turns":5.0},{"damage":28,"enemies":"3 Shapes","floor":35,"turns":2},{"damage":0,"enemies":"3 Darklings","floor":39,"turns":1},{"damage":24,"enemies":"4 Shapes","floor":41,"turns":1},{"damage":7,"enemies":"Maw","floor":42,"turns":4},{"damage":3,"enemies":"Transient","floor":45,"turns":5},{"damage":8,"enemies":"4 Shapes","floor":46,"turns":2},{"damage":5,"enemies":"2 Orb Walkers","floor":47,"turns":2},{"damage":17,"enemies":"Time Eater","floor":50,"turns":4}],"seed_played":"4408350550579320987","potions_obtained":[{"floor":2.0,"key":"BloodPotion"},{"floor":3.0,"key":"FairyPotion"},{"floor":3.0,"key":"Weak Potion"},{"floor":33.0,"key":"SteroidPotion"},{"floor":35,"key":"Explosive Potion"},{"floor":45,"key":"PowerPotion"}],"is_trial":false,"path_per_floor":["M","M","?","?","M","R","M","R","T","$","M","$","R","M","R","B",null,"M","?","$","?","?","E","R","M","T","M","R","?","M","?","R","B",null,"M","$","?","?","M","R","M","M","T","R","M","M","E","$","R","B"],"character_chosen":"IRONCLAD","items_purchased":["Ancient Tea Set"],"campfire_rested":6,"item_purchase_floors":[48],"current_hp_per_floor":[63,53,53,53,47,51,35,39,39,39,11,11,37,21,47,47,74,59,42,42,42,26,17,46,46,46,31,60,60,43,43,74,49,84,56,56,56,56,56,62,38,39,39,45,42,34,29,29,60,43],"gold":10,"neow_bonus":"","is_prod":false,"is_daily":false,"chose_seed":false,"campfire_upgraded":4,"win_rate":0,"timestamp":1530607921,"path_taken":["M","M","?","?","M","R","M","R","T","$","M","$","R","?","R","BOSS","M","?","$","?","?","E","R","M","T","M","R","?","M","?","R","BOSS","M","$","?","?","M","R","M","M","T","R","M","M","E","?","R","BOSS"],"build_version":"2018-06-29","purchased_purges":5,"victory":true,"max_hp_per_floor":[80,80,80,74,74,74,74,74,74,74,74,74,74,74,74,74,74,74,74,74,74,74,84,84,84,84,84,84,84,84,84,84,84,84,84,84,84,84,84,84,84,84,84,84,84,84,84,84,84,84],"card_choices":[{"not_picked":["Anger","Thunderclap"],"picked":"Spot Weakness","floor":5.0},{"not_picked":["Uppercut","Infernal Blade"],"picked":"Pummel","floor":7.0},{"not_picked":["Searing Blow+1","Body Slam+1"],"picked":"Bludgeon+1","floor":11.0},{"not_picked":["Feel No Pain","Armaments"],"picked":"Clash+1","floor":14.0},{"not_picked":["Power Through","Entrench+1"],"picked":"Whirlwind+1","floor":19.0},{"not_picked":["Thunderclap+1","Clash+1"],"picked":"Spot Weakness","floor":23.0},{"not_picked":["Wild Strike+1","Barricade"],"picked":"Seeing Red","floor":30.0},{"not_picked":["Immolate+1","Reaper+1"],"picked":"Limit Break","floor":33.0},{"not_picked":["Wild Strike+1","Ghostly Armor"],"picked":"Flex","floor":39},{"not_picked":["Clash+1","Sever Soul+1"],"picked":"Limit Break","floor":42},{"not_picked":["Spot Weakness+1","Sword Boomerang+1"],"picked":"Battle Trance","floor":46},{"not_picked":["Inflame+1","Clash+1"],"picked":"Battle Trance+1","floor":47}],"player_experience":467649,"relics_obtained":[{"floor":9.0,"key":"Molten Egg 2"},{"floor":19.0,"key":"Red Mask"},{"floor":22.0,"key":"Necronomicon"},{"floor":23.0,"key":"Pear"},{"floor":26.0,"key":"Paper Frog"},{"floor":43,"key":"Ornamental Fan"},{"floor":47,"key":"Shovel"}],"event_choices":[{"event_name":"The Lab","player_choice":"Got Potions","floor":3.0,"damage_taken":0.0},{"event_name":"Golden Idol","player_choice":"Lose Max HP","floor":4.0,"damage_taken":0.0},{"event_name":"Masked Bandits","player_choice":"Fought over 168 gold","floor":19.0,"damage_taken":0.0},{"event_name":"Drug Dealer","player_choice":"Ignored","floor":21.0,"damage_taken":0.0},{"event_name":"Cursed Tome","player_choice":"Obtained Book","floor":22.0,"damage_taken":0.0},{"event_name":"Addict","player_choice":"Obtained Relic","floor":29.0,"damage_taken":0.0},{"event_name":"The Joust","player_choice":"Bet on Murderer","floor":31.0,"damage_taken":0.0},{"event_name":"FaceTrader","player_choice":"Trade","floor":37,"damage_taken":0},{"event_name":"Duplicator","player_choice":"One dupe","floor":38,"damage_taken":0}],"boss_relics":[{"not_picked":["Ectoplasm","Tiny House"],"picked":"Runic Dome"},{"not_picked":["Pandora\u0027s Box","Snecko Eye"],"picked":"Philosopher\u0027s Stone"}],"items_purged_floors":[],"is_endless":false,"potions_floor_spawned":[2,7,14,16,18,19,33,35,39,45],"ascension_level":0}