{"gold_per_floor":[111,36,36,36,56,56,68,68,115,150,150,160,160,176,176,271,271,255,267,267,17,17,17,44,44,44,66,95,107,136,0,12,24],"floor_reached":33,"playtime":2275,"items_purged":["Strike_G"],"score":265,"play_id":"385c9cd2-e2f8-47d1-b33b-07636e77d7aa","local_time":"20181027164518","is_ascension_mode":false,"campfire_choices":[{"data":"Neutralize","floor":6.0,"key":"SMITH"},{"data":"Survivor","floor":8.0,"key":"SMITH"},{"data":"Blade Dance","floor":11.0,"key":"SMITH"},{"data":"Deflect","floor":13.0,"key":"SMITH"},{"data":"Dodge and Roll","floor":15.0,"key":"SMITH"},{"data":"Phantasmal Killer","floor":23.0,"key":"SMITH"},{"floor":25.0,"key":"REST"},{"floor":29.0,"key":"REST"},{"data":"A Thousand Cuts","floor":32.0,"key":"SMITH"}],"neow_cost":"NONE","seed_source_timestamp":1377652060409536,"circlet_count":0,"master_deck":["Defend_G","Defend_G","Defend_G","Defend_G","Strike_G","Strike_G","Strike_G","Strike_G","Survivor+1","Neutralize+1","Escape Plan","PiercingWail","Quick Slash","Slice","Blade Dance+1","Deflect+1","Dodge and Roll+1","Phantasmal Killer+1","Caltrops","Caltrops+1","Deadly Poison","A Thousand Cuts+1","Dagger Spray+1","Accuracy"],"special_seed":0,"relics":["Ring of the Serpent","Omamori","WarpedTongs","PreservedInsect","Oddly Smooth Stone","Mummified Hand","Matryoshka","Tingsha","MawBank","Vajra"],"potions_floor_usage":[],"damage_taken":[{"damage":5.0,"enemies":"Jaw Worm","floor":1.0,"turns":6.0},{"damage":0.0,"enemies":"Cultist","floor":5.0,"turns":5.0},{"damage":0.0,"enemies":"2 Louse","floor":7.0,"turns":2.0},{"damage":3.0,"enemies":"Lagavulin","floor":10.0,"turns":5.0},{"damage":7.0,"enemies":"Large Slime","floor":12.0,"turns":5.0},{"damage":0.0,"enemies":"Lots of Slimes","floor":14.0,"turns":3.0},{"damage":27.0,"enemies":"Hexaghost","floor":16.0,"turns":16.0},{"damage":19.0,"enemies":"2 Thieves","floor":18.0,"turns":4.0},{"damage":0.0,"enemies":"Shell Parasite","floor":19.0,"turns":4.0},{"damage":16.0,"enemies":"Colosseum Slavers","floor":22.0,"turns":5.0},{"damage":21.0,"enemies":"Slavers","floor":24.0,"turns":4.0},{"damage":0.0,"enemies":"Shelled Parasite and Fungi","floor":27.0,"turns":4.0},{"damage":0.0,"enemies":"Cultist and Chosen","floor":28.0,"turns":5.0},{"damage":11.0,"enemies":"Snake Plant","floor":30.0,"turns":3.0},{"damage":60,"enemies":"Collector","floor":33,"turns":7}],"seed_played":"-8503930663076878608","potions_obtained":[{"floor":7.0,"key":"FearPotion"},{"floor":14.0,"key":"Regen Potion"},{"floor":16.0,"key":"GamblersBrew"},{"floor":18.0,"key":"AttackPotion"},{"floor":24.0,"key":"EssenceOfSteel"},{"floor":27.0,"key":"Fire Potion"},{"floor":28.0,"key":"Dexterity Potion"}],"is_trial":false,"path_per_floor":["M","$","?","?","M","R","M","R","T","E","R","M","R","M","R","B",null,"M","M","?","$","?","R","E","R","T","M","M","R","M","?","R"],"character_chosen":"THE_SILENT","items_purchased":["Matryoshka"],"campfire_rested":2,"item_purchase_floors":[21],"current_hp_per_floor":[65,65,65,65,65,65,65,65,65,62,62,55,55,55,55,28,70,63,63,63,63,47,47,26,47,47,47,47,68,57,57,57,0],"gold":24,"neow_bonus":"RANDOM_COMMON_RELIC","is_prod":false,"is_daily":false,"chose_seed":false,"campfire_upgraded":7,"win_rate":0.0,"timestamp":1540611918,"path_taken":["M","$","?","?","M","R","M","R","T","E","R","M","R","M","R","BOSS","M","M","?","$","?","R","E","R","T","M","M","R","?","?","R","BOSS"],"build_version":"2018-10-25v2","purchased_purges":1,"victory":false,"max_hp_per_floor":[70,70,70,70,70,70,70,70,70,70,70,70,70,70,70,70,70,70,70,70,70,70,70,70,70,70,70,70,70,70,70,70,70],"card_choices":[{"not_picked":["Sucker Punch","Masterful Stab"],"picked":"Escape Plan","floor":1.0},{"not_picked":["Cloak And Dagger","Bane"],"picked":"Quick Slash","floor":5.0},{"not_picked":["Underhanded Strike","Acrobatics"],"picked":"Slice","floor":7.0},{"not_picked":["Bane","Eviscerate"],"picked":"Blade Dance","floor":10.0},{"not_picked":["Bane","Flechettes"],"picked":"Deflect","floor":12.0},{"not_picked":["Bane","Deflect"],"picked":"Dodge and Roll","floor":14.0},{"not_picked":["Burst","Adrenaline"],"picked":"Phantasmal Killer","floor":16.0},{"not_picked":["Escape Plan","Sucker Punch+1"],"picked":"Caltrops","floor":18.0},{"not_picked":["PiercingWail+1","Deadly Poison+1"],"picked":"Caltrops+1","floor":19.0},{"not_picked":["Sucker Punch","Expertise"],"picked":"Deadly Poison","floor":24.0},{"not_picked":["Cloak And Dagger","Bane"],"picked":"A Thousand Cuts","floor":27.0},{"not_picked":["Backflip+1","Outmaneuver"],"picked":"Dagger Spray+1","floor":28.0},{"not_picked":["Dash","Dodge and Roll"],"picked":"Accuracy","floor":30.0}],"player_experience":254635,"relics_obtained":[{"floor":9.0,"key":"PreservedInsect"},{"floor":10.0,"key":"Oddly Smooth Stone"},{"floor":24.0,"key":"Tingsha"},{"floor":26.0,"key":"MawBank"},{"floor":26.0,"key":"Vajra"}],"event_choices":[{"damage_healed":0.0,"max_hp_gain":0.0,"max_hp_loss":0.0,"gold_gain":0.0,"cards_transformed":["Defend_G"],"event_name":"Transmorgrifier","player_choice":"Transformed","floor":3.0,"gold_loss":0.0,"damage_taken":0.0,"cards_obtained":["PiercingWail"]},{"damage_healed":0.0,"max_hp_gain":0.0,"max_hp_loss":0.0,"gold_gain":0.0,"event_name":"Accursed Blacksmith","player_choice":"Rummage","floor":4.0,"gold_loss":0.0,"damage_taken":0.0,"relics_obtained":["WarpedTongs"],"cards_obtained":["Pain"]},{"damage_healed":0.0,"max_hp_gain":0.0,"max_hp_loss":0.0,"gold_gain":0.0,"event_name":"The Mausoleum","player_choice":"Opened","floor":20.0,"gold_loss":0.0,"damage_taken":0.0,"relics_obtained":["Mummified Hand"],"cards_obtained":["Writhe"]},{"damage_healed":0.0,"max_hp_gain":0.0,"max_hp_loss":0.0,"gold_gain":0.0,"event_name":"Colosseum","player_choice":"Fight","floor":22.0,"gold_loss":0.0,"damage_taken":0.0},{"damage_healed":0.0,"max_hp_gain":0.0,"max_hp_loss":0.0,"gold_gain":0.0,"event_name":"Colosseum","player_choice":"Fled From Nobs","floor":22.0,"gold_loss":0.0,"damage_taken":0.0},{"damage_healed":0.0,"max_hp_gain":0.0,"max_hp_loss":0.0,"gold_gain":0.0,"event_name":"Masked Bandits","player_choice":"Paid Fearfully","floor":31.0,"gold_loss":148.0,"damage_taken":0.0}],"is_beta":false,"boss_relics":[{"not_picked":["Lizard Tail","Velvet Choker"],"picked":"Ring of the Serpent"}],"items_purged_floors":[2],"is_endless":false,"potions_floor_spawned":[7,14,16,18,24,27,28],"killed_by":"Collector","ascension_level":0}