{"path_per_floor":["M","M","M","M","?","R","E","M","T","M","R","M","R","?","R","B",null,"M","?","$","M","?","E","R","?","T","R","E","R","M","$","R","B",null,"M","?","?","$","?","R","M","R","T","R","M","R","M","M","R"],"character_chosen":"THE_SILENT","items_purchased":["Shovel","Malaise","Caltrops"],"gold_per_floor":[113,132,146,158,158,158,190,206,230,248,248,268,268,268,268,364,364,378,378,32,43,43,72,72,72,124,124,149,149,163,88,88,184,184,204,204,204,24,24,24,37,37,94,94,105,105,123,134,134,134],"floor_reached":50,"campfire_rested":3,"playtime":1573,"current_hp_per_floor":[70,70,66,60,60,60,57,52,52,52,52,52,52,52,52,28,70,70,70,70,58,58,45,45,29,29,50,32,32,30,30,51,34,70,60,51,51,51,51,51,51,51,51,51,51,51,51,21,42,0],"items_purged":["Strike_G","Strike_G"],"gold":134,"score":505,"play_id":"581564f2-93a1-4da9-8606-5e1e824e80af","local_time":"20180420200244","is_prod":false,"is_daily":false,"chose_seed":false,"is_ascension_mode":false,"campfire_upgraded":7,"timestamp":1524247364,"path_taken":["M","M","M","M","?","R","E","M","T","M","R","M","R","?","R","BOSS","M","?","$","M","?","E","R","?","T","R","E","R","M","$","R","BOSS","M","?","?","$","?","R","M","R","T","R","M","R","M","M","R","BOSS"],"build_version":"2018-04-19","seed_source_timestamp":3947606922232,"purchased_purges":2,"victory":false,"master_deck":["Defend_G","Defend_G","Defend_G","Defend_G","Defend_G","Strike_G","Strike_G+1","Survivor","Neutralize","Sucker Punch","Bouncing Flask+1","Bane+1","Noxious Fumes+1","Backflip+1","Deadly Poison+1","Deadly Poison","PiercingWail","Glass Knife","Malaise+1","Distraction+1","Catalyst+1","Crippling Poison","Backflip","Corpse Explosion+1","Madness","Madness","Caltrops","Catalyst+1","Injury","Noxious Fumes","Burst"],"max_hp_per_floor":[70,70,70,70,70,70,70,70,70,70,70,70,70,70,70,70,70,70,70,70,70,70,70,70,70,70,70,70,70,70,70,70,70,70,70,70,70,70,70,70,70,70,70,70,70,70,70,70,70,70],"relics":["Ring of the Snake","Snake Skull","Juzu Bracelet","Sozu","Shovel","Lantern","Nilry\u0027s Codex","Whetstone","Anchor","Cursed Key","Unceasing Top","Tiny Chest","Pantograph","Bottled Flame"],"card_choices":[{"not_picked":["Backflip","Bane"],"picked":"Sucker Punch","floor":0},{"not_picked":["Deflect","Reflex"],"picked":"Bouncing Flask","floor":1},{"not_picked":["Outmaneuver","Footwork"],"picked":"Bane","floor":2},{"not_picked":["Deflect","Finisher"],"picked":"Noxious Fumes","floor":3},{"not_picked":["Dodge and Roll","Underhanded Strike"],"picked":"Backflip","floor":4},{"not_picked":["Bane","Masterful Stab"],"picked":"Deadly Poison","floor":7},{"not_picked":["Sucker Punch","Underhanded Strike"],"picked":"Deadly Poison","floor":8},{"not_picked":["Slice","Dagger Spray"],"picked":"PiercingWail","floor":10},{"not_picked":["Tactician","Wraith Form v2"],"picked":"Glass Knife","floor":16},{"not_picked":["Reflex","Outmaneuver"],"picked":"Distraction","floor":21},{"not_picked":["Predator","Caltrops"],"picked":"Crippling Poison","floor":23},{"not_picked":["Accuracy","Slice"],"picked":"Backflip","floor":30},{"not_picked":["Phantasmal Killer","Storm of Steel"],"picked":"Corpse Explosion","floor":33},{"not_picked":["Dagger Spray","Predator"],"picked":"Noxious Fumes","floor":47},{"not_picked":["Poisoned Stab","Outmaneuver"],"picked":"Burst","floor":48}],"player_experience":496195,"potions_floor_usage":[7,8,50],"damage_taken":[{"damage":0,"enemies":"Cultist","floor":1,"turns":4},{"damage":0,"enemies":"Small Slimes","floor":2,"turns":3},{"damage":4,"enemies":"Jaw Worm","floor":3,"turns":5},{"damage":6,"enemies":"2 Fungi Beasts","floor":4,"turns":5},{"damage":3,"enemies":"Lagavulin","floor":7,"turns":5},{"damage":5,"enemies":"Exordium Thugs","floor":8,"turns":3},{"damage":0,"enemies":"Large Slime","floor":10,"turns":3},{"damage":0,"enemies":"Blue Slaver","floor":12,"turns":3},{"damage":24,"enemies":"Hexaghost","floor":16,"turns":7},{"damage":0,"enemies":"Chosen","floor":18,"turns":3},{"damage":12,"enemies":"3 Byrds","floor":21,"turns":5},{"damage":13,"enemies":"Gremlin Leader","floor":23,"turns":5},{"damage":18,"enemies":"Slavers","floor":28,"turns":5},{"damage":2,"enemies":"Slaver and Parasite","floor":30,"turns":5},{"damage":17,"enemies":"Collector","floor":33,"turns":6},{"damage":10,"enemies":"3 Darklings","floor":35,"turns":5},{"damage":0,"enemies":"Orb Walker","floor":41,"turns":3},{"damage":0,"enemies":"Sphere and 2 Shapes","floor":45,"turns":6},{"damage":0,"enemies":"4 Shapes","floor":47,"turns":5},{"damage":30,"enemies":"3 Darklings","floor":48,"turns":4},{"damage":69,"enemies":"Time Eater","floor":50,"turns":6}],"event_choices":[{"event_name":"Bonfire Elementals","player_choice":"BASIC","floor":5,"damage_taken":0},{"event_name":"Liars Game","player_choice":"disagreed","floor":14,"damage_taken":0},{"event_name":"Drug Dealer","player_choice":"Ignored","floor":19,"damage_taken":0},{"event_name":"The Library","player_choice":"Read","floor":22,"damage_taken":0},{"event_name":"Cursed Tome","player_choice":"Obtained Book","floor":25,"damage_taken":0},{"event_name":"Winding Halls","player_choice":"Embrace Madness","floor":36,"damage_taken":0},{"event_name":"Tomb of Lord Red Mask","player_choice":"Ignored","floor":37,"damage_taken":0},{"event_name":"Duplicator","player_choice":"One dupe","floor":39,"damage_taken":0}],"boss_relics":[{"not_picked":["Philosopher\u0027s Stone","Lizard Tail"],"picked":"Sozu"},{"not_picked":["Black Star","Velvet Choker"],"picked":"Cursed Key"}],"potions_floor_spawned":[3,4,7,21,28,30,45,48],"seed_played":"-772781086098833679","killed_by":"Time Eater","ascension_level":0,"is_trial":false}