{"path_per_floor":["M","?","?","?","M","R","E","R","T","$","M","$","T","M","R","B",null,"M","?","?","M","$","R","M","M","T","M","E","?","M","M","R"],"character_chosen":"IRONCLAD","items_purchased":["Molten Egg 2","Uppercut"],"gold_per_floor":[119,119,219,294,310,310,335,335,335,17,32,32,55,69,69,174,204,223,223,223,237,162,162,178,197,197,212,242,242,260,271,271],"floor_reached":33,"campfire_rested":1,"playtime":1151,"current_hp_per_floor":[80,80,80,69,74,74,68,68,68,68,74,74,74,76,76,45,85,70,70,70,65,65,65,61,33,33,19,19,19,23,25,42],"items_purged":["Defend_R"],"gold":271,"score":306,"play_id":"b48d6964-f851-4032-86b8-f014bf68510e","is_prod":false,"is_daily":false,"is_ascension_mode":true,"campfire_upgraded":4,"path_taken":["M","?","?","?","M","R","E","R","T","$","M","$","?","M","R","BOSS","M","?","?","M","?","R","M","?","T","M","E","?","M","M","R","BOSS"],"build_version":"2018-02-15-PROD1","purchased_purges":2,"victory":false,"master_deck":["Defend_R","Defend_R","Bash+1","Offering+1","Reckless Charge+1","Uppercut+1","Clash+1","Demon Form+1","Flex+1","Clash+1","Bite+1","Bite+1","Bite+1","Bite+1","Bite+1"],"max_hp_per_floor":[80,80,80,80,80,80,80,80,80,80,80,80,80,80,80,80,85,85,85,85,85,85,85,85,85,85,85,85,59,59,59,59],"relics":["Burning Blood","Ancient Tea Set","Paper Frog","Happy Flower","Molten Egg 2","Prayer Wheel","Tiny House","Bag of Marbles","Anchor"],"card_choices":[{"not_picked":["Hemokinesis","Havoc"],"picked":"Offering"},{"not_picked":["Wild Strike","Intimidate"],"picked":"Clash"},{"not_picked":["Exhume","Dark Embrace"],"picked":"Demon Form"},{"not_picked":["Headbutt","Heavy Blade"],"picked":"Flex"},{"not_picked":["Twin Strike","Perfected Strike"],"picked":"Clash"}],"player_experience":103093,"potions_floor_usage":[7,18,24,25,28,28,33,33],"damage_taken":[{"damage":0,"enemies":"2 Louse","floor":1,"turns":3},{"damage":1,"enemies":"Cultist","floor":5,"turns":3},{"damage":12,"enemies":"Gremlin Nob","floor":7,"turns":3},{"damage":0,"enemies":"Small Slimes","floor":11,"turns":2},{"damage":4,"enemies":"Blue Slaver","floor":14,"turns":1},{"damage":37,"enemies":"Hexaghost","floor":16,"turns":6},{"damage":21,"enemies":"2 Thieves","floor":18,"turns":2},{"damage":11,"enemies":"Shell Parasite","floor":21,"turns":2},{"damage":10,"enemies":"3 Cultists","floor":24,"turns":4},{"damage":34,"enemies":"Centurion and Healer","floor":25,"turns":4},{"damage":20,"enemies":"Snake Plant","floor":27,"turns":2},{"damage":6,"enemies":"Slavers","floor":28,"turns":3},{"damage":14,"enemies":"Sentry and Sphere","floor":30,"turns":3},{"damage":16,"enemies":"Centurion and Healer","floor":31,"turns":3},{"damage":58,"enemies":"Automaton","floor":33,"turns":4}],"event_choices":[{"event_name":"Transmorgrifier","player_choice":"Transform","floor":2,"damage_taken":0},{"event_name":"Golden Shrine","player_choice":"Pray","floor":3,"damage_taken":0},{"event_name":"World of Goop","player_choice":"Gather Gold","floor":4,"damage_taken":0},{"event_name":"Drug Dealer","player_choice":"Ignored","floor":19,"damage_taken":0},{"event_name":"Upgrade Shrine","player_choice":"Upgraded","floor":20,"damage_taken":0},{"event_name":"Vampires","player_choice":"Became a vampire","floor":29,"damage_taken":0}],"boss_relics":[{"not_picked":["Calling Bell","Runic Dome"],"picked":"Tiny House"}],"potions_floor_spawned":[1,7,11,18,25,30,31],"seed_played":"947818072892372838","killed_by":"Automaton","ascension_level":1,"is_trial":false}