{"gold_per_floor":[119,135,30,48,59,87,4,19,71,71,20,20,45,68,68,164,164,185,58,58,5,5,5,5,5,53,67,81,122,142,49,49,49],"floor_reached":33,"playtime":787,"items_purged":[],"score":467,"play_id":"f66f19f5-3e69-4f15-9ff1-82376a68641b","local_time":"20180708212341","daily_mods":["Binary"],"is_ascension_mode":true,"campfire_choices":[{"data":"Metallicize","floor":10,"key":"SMITH"},{"data":"True Grit","floor":15,"key":"SMITH"},{"data":"Heavy Blade","floor":23,"key":"SMITH"},{"data":"1","floor":25,"key":"LIFT"},{"floor":32,"key":"REST"}],"neow_cost":"","seed_source_timestamp":0,"circlet_count":0,"master_deck":["Strike_R+1","Strike_R+1","Strike_R+1","Strike_R+1","Strike_R+1","Defend_R+1","Defend_R+1","Defend_R+1","Defend_R+1","Bash+1","AscendersBane","Carnage","Metallicize+1","Inflame","Clash","True Grit+1","Inflame","Shrug It Off","Heavy Blade+1","Disarm","True Grit","Feel No Pain"],"relics":["Burning Blood","Busted Crown","Strawberry","Whetstone","Golden Idol","Sozu","Girya","Omamori","Pear"],"potions_floor_usage":[8,18,33],"damage_taken":[{"damage":0,"enemies":"Cultist","floor":1,"turns":3},{"damage":3,"enemies":"Jaw Worm","floor":2,"turns":4},{"damage":0,"enemies":"Small Slimes","floor":4,"turns":3},{"damage":5,"enemies":"Exordium Wildlife","floor":5,"turns":4},{"damage":9,"enemies":"3 Sentries","floor":6,"turns":8},{"damage":0,"enemies":"Exordium Thugs","floor":8,"turns":3},{"damage":0,"enemies":"Large Slime","floor":13,"turns":5},{"damage":9,"enemies":"3 Louse","floor":14,"turns":2},{"damage":31,"enemies":"The Guardian","floor":16,"turns":9},{"damage":15,"enemies":"Shell Parasite","floor":18,"turns":4},{"damage":0,"enemies":"Chosen","floor":27,"turns":3},{"damage":18,"enemies":"Snake Plant","floor":28,"turns":4},{"damage":28,"enemies":"Book of Stabbing","floor":29,"turns":5},{"damage":16,"enemies":"Chosen and Byrds","floor":30,"turns":7},{"damage":58,"enemies":"Champ","floor":33,"turns":10}],"seed_played":"7387585876522815485","potions_obtained":[{"floor":2,"key":"Swift Potion"},{"floor":5,"key":"Weak Potion"},{"floor":6,"key":"Fire Potion"},{"floor":8,"key":"PowerPotion"},{"floor":14,"key":"Fire Potion"}],"is_trial":true,"path_per_floor":["M","M","$","M","M","E","$","M","T","R","$","?","M","M","R","B",null,"M","$","?","$","?","R","T","R","T","M","M","E","M","$","R"],"character_chosen":"IRONCLAD","items_purchased":["Carnage","Metallicize","Inflame","Clash","True Grit","Inflame","Shrug It Off","Heavy Blade","True Grit","Feel No Pain"],"campfire_rested":1,"item_purchase_floors":[3,3,7,7,11,19,19,21,31,31],"current_hp_per_floor":[74,75,75,75,75,79,79,82,82,82,82,74,74,71,71,46,67,58,58,58,58,58,58,58,58,58,64,52,40,30,30,55,0],"gold":49,"neow_bonus":"","is_prod":false,"is_daily":false,"chose_seed":false,"campfire_upgraded":3,"win_rate":0,"timestamp":1531110221,"path_taken":["M","M","$","?","M","E","$","?","T","R","$","?","M","M","R","BOSS","M","$","?","$","?","R","?","R","T","M","?","E","M","?","R","BOSS"],"build_version":"2018-07-05","purchased_purges":0,"victory":false,"max_hp_per_floor":[75,75,75,75,75,82,82,82,82,82,82,74,74,74,74,74,74,74,74,74,74,74,74,74,74,74,74,74,84,84,84,84,84],"card_choices":[],"player_experience":523795,"relics_obtained":[{"floor":6,"key":"Strawberry"},{"floor":9,"key":"Whetstone"},{"floor":24,"key":"Girya"},{"floor":26,"key":"Omamori"},{"floor":29,"key":"Pear"}],"event_choices":[{"event_name":"Golden Idol","player_choice":"Lose Max HP","floor":12,"damage_taken":0},{"event_name":"Back to Basics","player_choice":"Simplicity","floor":20,"damage_taken":0},{"event_name":"The Library","player_choice":"Read","floor":22,"damage_taken":0}],"boss_relics":[{"not_picked":["White Beast Statue","Ectoplasm"],"picked":"Sozu"}],"items_purged_floors":[],"is_endless":false,"potions_floor_spawned":[2,5,6,8,14,29],"killed_by":"Champ","ascension_level":15}