{"gold_per_floor":[364,32,207,2,19,38,71,71,96,96,112,131,191,206,206,307,307,321,334,51,51,62,89,105,121,121,121,141,166,81,81,81,183,183,202,202,0,51,70,101,101,101,178,178,508,808,828,861,861,861],"floor_reached":51,"playtime":5441,"items_purged":["Pain","Regret"],"score":935,"play_id":"90ba3b29-231c-4c23-af21-b31bbfb92016","local_time":"20180715145222","is_ascension_mode":false,"campfire_choices":[{"data":"Footwork","floor":10.0,"key":"SMITH"},{"floor":15.0,"key":"REST"},{"data":"Apotheosis","floor":27.0,"key":"SMITH"},{"floor":32,"key":"REST"},{"floor":44,"key":"REST"},{"data":"After Image","floor":49,"key":"SMITH"}],"neow_cost":"TEN_PERCENT_HP_LOSS","seed_source_timestamp":0,"circlet_count":0,"master_deck":["Defend_G","Defend_G","Defend_G","Defend_G","Defend_G","Strike_G","Strike_G","Strike_G","Strike_G","Strike_G","Survivor","Neutralize","Distraction","Footwork+1","Doubt","Dagger Spray","Skewer","Dodge and Roll","Tools of the Trade","Dagger Spray","Leg Sweep","Dodge and Roll","Die Die Die","Clumsy","Acrobatics+1","Distraction","Apotheosis+1","Blur","Dagger Throw","Adrenaline","Crippling Poison+1","Cloak And Dagger","Backflip+1","A Thousand Cuts","Backflip+1","Madness","Madness","Cloak And Dagger","Footwork","Flying Knee","Backstab","Cloak And Dagger+1","Neutralize","Deadly Poison+1","Outmaneuver+1","After Image+1"],"special_seed":0,"relics":["Ring of the Snake","Kunai","Toolbox","Juzu Bracelet","Boot","Tiny Chest","Calling Bell","Orichalcum","Mercury Hourglass","Tough Bandages","Calipers","Gambling Chip","Singing Bowl","Pantograph","Snake Skull","Bottled Lightning","Runic Dome","Unceasing Top","Oddly Smooth Stone","Question Card","Old Coin","Potion Belt"],"potions_floor_usage":[29,38,50,50],"damage_taken":[{"damage":0.0,"enemies":"Small Slimes","floor":1.0,"turns":4.0},{"damage":7.0,"enemies":"2 Louse","floor":5.0,"turns":4.0},{"damage":6.0,"enemies":"Cultist","floor":6.0,"turns":6.0},{"damage":33.0,"enemies":"Gremlin Nob","floor":7.0,"turns":7.0},{"damage":1.0,"enemies":"Looter","floor":11.0,"turns":4.0},{"damage":13.0,"enemies":"Blue Slaver","floor":12.0,"turns":4.0},{"damage":10.0,"enemies":"3 Sentries","floor":13.0,"turns":4.0},{"damage":8.0,"enemies":"Red Slaver","floor":14.0,"turns":6.0},{"damage":2.0,"enemies":"The Guardian","floor":16.0,"turns":23.0},{"damage":17.0,"enemies":"2 Thieves","floor":18.0,"turns":4.0},{"damage":8.0,"enemies":"3 Byrds","floor":19.0,"turns":4.0},{"damage":4.0,"enemies":"3 Cultists","floor":22.0,"turns":3.0},{"damage":1.0,"enemies":"Book of Stabbing","floor":23.0,"turns":9.0},{"damage":0.0,"enemies":"Cultist and Chosen","floor":24.0,"turns":8.0},{"damage":1.0,"enemies":"Centurion and Healer","floor":25.0,"turns":8.0},{"damage":0.0,"enemies":"Snake Plant","floor":28.0,"turns":4.0},{"damage":0,"enemies":"Slavers","floor":29,"turns":1},{"damage":1,"enemies":"Collector","floor":33,"turns":14},{"damage":0,"enemies":"Flame Bruiser 1 Orb","floor":35,"turns":5},{"damage":0,"floor":38,"turns":2},{"damage":0,"enemies":"Orb Walker","floor":39,"turns":3},{"damage":0,"enemies":"Nemesis","floor":40,"turns":5},{"damage":0,"enemies":"2 Orb Walkers","floor":45,"turns":4},{"damage":0,"enemies":"Flame Bruiser 2 Orb","floor":47,"turns":6},{"damage":0,"enemies":"Nemesis","floor":48,"turns":6},{"damage":10,"enemies":"Time Eater","floor":50,"turns":15}],"seed_played":"-3953642497656309041","potions_obtained":[{"floor":5.0,"key":"GhostInAJar"},{"floor":7.0,"key":"Fruit Juice"},{"floor":11.0,"key":"Explosive Potion"},{"floor":16.0,"key":"SteroidPotion"},{"floor":18.0,"key":"GhostInAJar"},{"floor":23.0,"key":"Block Potion"},{"floor":25.0,"key":"Ancient Potion"},{"floor":29,"key":"SkillPotion"},{"floor":39,"key":"Strength Potion"}],"is_trial":false,"path_per_floor":["M","$","?","$","M","M","E","?","T","R","M","M","E","M","R","B",null,"M","M","$","T","M","E","M","M","T","R","M","E","?","T","R","B",null,"M","?","$","?","M","E","$","?","T","R","E","?","M","E","R","B"],"character_chosen":"THE_SILENT","items_purchased":["Kunai","Footwork","Toolbox","Apotheosis","Cloak And Dagger","Footwork"],"campfire_rested":3,"item_purchase_floors":[2,2,4,20,37,37],"current_hp_per_floor":[63,63,63,63,56,50,17,38,38,38,37,29,19,11,31,29,68,51,43,43,43,39,38,38,37,37,37,37,37,37,37,57,67,68,68,59,59,59,59,59,59,59,59,68,68,68,68,68,68,58],"gold":861,"neow_bonus":"TWO_FIFTY_GOLD","is_prod":false,"is_daily":false,"chose_seed":false,"campfire_upgraded":3,"win_rate":0,"timestamp":1531659142,"path_taken":["M","$","?","$","M","?","E","?","T","R","M","M","E","M","R","BOSS","M","M","$","?","M","E","M","M","T","R","M","E","?","?","R","BOSS","M","?","$","?","M","E","?","?","T","R","E","?","M","E","R","BOSS"],"build_version":"2018-07-12","purchased_purges":2,"victory":true,"max_hp_per_floor":[63,63,63,63,63,63,63,63,63,63,63,68,68,68,68,68,68,68,68,68,68,68,68,68,68,68,68,68,68,68,68,68,68,68,68,68,68,68,68,68,68,68,68,68,68,68,68,68,68,68],"card_choices":[{"not_picked":["Backflip","Calculated Gamble"],"picked":"Distraction","floor":1.0},{"not_picked":["Sucker Punch","Prepared"],"picked":"Dagger Spray","floor":5.0},{"not_picked":["Deadly Poison","Quick Slash"],"picked":"Skewer","floor":6.0},{"not_picked":["Acrobatics","Sucker Punch"],"picked":"Dodge and Roll","floor":7.0},{"not_picked":["Poisoned Stab","Caltrops"],"picked":"Tools of the Trade","floor":11.0},{"not_picked":["Eviscerate","Deflect"],"picked":"Dagger Spray","floor":12.0},{"not_picked":["Infinite Blades","Cloak And Dagger"],"picked":"Leg Sweep","floor":13.0},{"not_picked":["All Out Attack","Flying Knee"],"picked":"Dodge and Roll","floor":14.0},{"not_picked":["Bullet Time","Storm of Steel"],"picked":"Die Die Die","floor":16.0},{"not_picked":["Quick Slash","Endless Agony+1"],"picked":"Acrobatics+1","floor":18.0},{"not_picked":["Dodge and Roll","Slice+1"],"picked":"Distraction","floor":19.0},{"not_picked":["Quick Slash","PiercingWail"],"picked":"Blur","floor":22.0},{"not_picked":["Slice","Deflect+1"],"picked":"Dagger Throw","floor":23.0},{"not_picked":["Acrobatics","Prepared"],"picked":"Adrenaline","floor":24.0},{"not_picked":["Slice","Leg Sweep"],"picked":"Crippling Poison+1","floor":25.0},{"not_picked":["Infinite Blades+1","Dagger Spray"],"picked":"Cloak And Dagger","floor":28.0},{"not_picked":["Dagger Throw","Concentrate+1"],"picked":"Backflip+1","floor":29},{"not_picked":["Venomology","Corpse Explosion"],"picked":"A Thousand Cuts","floor":33},{"not_picked":["Flying Knee","Deflect+1"],"picked":"Backflip+1","floor":35},{"not_picked":["Choke","PiercingWail"],"picked":"Flying Knee","floor":38},{"not_picked":["Dagger Throw","Poisoned Stab+1"],"picked":"Backstab","floor":39},{"not_picked":["Concentrate+1","Infinite Blades+1"],"picked":"Cloak And Dagger+1","floor":40},{"not_picked":["Well Laid Plans+1","Masterful Stab+1","Night Terror"],"picked":"Deadly Poison+1","floor":45},{"not_picked":["Slice+1","Poisoned Stab","Setup"],"picked":"Outmaneuver+1","floor":47},{"not_picked":["Catalyst+1","Dodge and Roll","Dagger Spray"],"picked":"After Image","floor":48}],"player_experience":818068,"relics_obtained":[{"floor":7.0,"key":"Juzu Bracelet"},{"floor":9.0,"key":"Boot"},{"floor":13.0,"key":"Tiny Chest"},{"floor":17.0,"key":"Orichalcum"},{"floor":17.0,"key":"Mercury Hourglass"},{"floor":17.0,"key":"Tough Bandages"},{"floor":21.0,"key":"Calipers"},{"floor":23.0,"key":"Gambling Chip"},{"floor":26.0,"key":"Singing Bowl"},{"floor":29,"key":"Pantograph"},{"floor":31,"key":"Bottled Lightning"},{"floor":38,"key":"Unceasing Top"},{"floor":40,"key":"Oddly Smooth Stone"},{"floor":43,"key":"Question Card"},{"floor":45,"key":"Old Coin"},{"floor":48,"key":"Potion Belt"}],"event_choices":[{"event_name":"Liars Game","player_choice":"agreed","floor":3.0,"damage_taken":0.0},{"event_name":"Big Fish","player_choice":"Banana","floor":8.0,"damage_taken":0.0},{"event_name":"Addict","player_choice":"Obtained Relic","floor":30,"damage_taken":0},{"event_name":"Winding Halls","player_choice":"Embrace Madness","floor":36,"damage_taken":0},{"event_name":"Mysterious Sphere","player_choice":"Fight","floor":38,"damage_taken":0},{"event_name":"Match and Keep!","player_choice":"1 cards matched","floor":42,"damage_taken":0},{"event_name":"Wheel of Change","player_choice":"Gold","floor":46,"damage_taken":0}],"boss_relics":[{"not_picked":["Fusion Hammer","Tiny House"],"picked":"Calling Bell"},{"not_picked":["Black Star","Velvet Choker"],"picked":"Runic Dome"}],"items_purged_floors":[20,37],"is_endless":false,"potions_floor_spawned":[5,7,11,16,18,23,25,29,39,40,45],"ascension_level":0}