{"path_per_floor":["M","?","?","$","T","R","$","M","T","$","R","?","M","?","R","B",null,"M","M","?","?","M","R","$","M","T","M","M","M","R","M","R","B",null,"M","M","$","M","?","R","M","R","T","R","M","$","E","M","R"],"character_chosen":"THE_SILENT","items_purchased":["Deadly Poison","Noxious Fumes","Gremlin Horn"],"gold_per_floor":[112,62,162,87,87,87,87,105,105,52,52,127,143,143,143,244,244,254,269,194,194,208,208,108,119,143,154,166,186,186,199,199,301,301,313,329,3,18,18,18,32,32,32,32,49,49,78,98,98,98],"floor_reached":50,"campfire_rested":2,"playtime":1798,"current_hp_per_floor":[69,69,69,69,69,69,69,69,69,69,69,58,58,58,58,41,70,66,61,61,61,61,61,61,55,55,54,53,53,53,59,59,28,70,59,59,59,59,50,50,49,49,49,70,37,37,24,24,60,0],"items_purged":["Strike_G","Strike_G"],"gold":98,"score":464,"play_id":"3cd6b0ea-72a2-46ce-970f-8d4d20342157","local_time":"20180403110221","is_prod":false,"is_daily":false,"is_ascension_mode":false,"campfire_upgraded":7,"timestamp":1522746141,"path_taken":["M","?","?","$","?","R","$","M","T","$","R","?","?","?","R","BOSS","M","M","?","?","M","R","$","M","T","M","M","?","R","M","R","BOSS","M","M","$","M","?","R","M","R","T","R","?","$","E","?","R","BOSS"],"build_version":"2018-03-29v2","purchased_purges":2,"victory":false,"master_deck":["Defend_G+1","Defend_G+1","Defend_G+1","Strike_G+1","Survivor","Neutralize","Slice","Terror+1","Escape Plan","Deadly Poison+1","Adrenaline","Deflect","Deadly Poison+1","Noxious Fumes+1","Footwork+1","Flechettes+1","Backflip+1","Leg Sweep+1","Adrenaline","Noxious Fumes+1","Dash+1","Madness","Madness","Deflect","Bane+1","Deadly Poison"],"max_hp_per_floor":[70,70,70,70,70,70,70,70,70,70,70,70,70,70,70,70,70,70,70,70,70,70,70,70,70,70,70,70,70,70,70,70,70,70,70,70,70,70,70,70,70,70,70,70,70,70,70,70,70,70],"relics":["Ring of the Snake","Snake Skull","Girya","The Specimen","Regal Pillow","Sozu","Gremlin Horn","Ice Cream","Bag of Preparation"],"card_choices":[{"not_picked":["Underhanded Strike","Reflex"],"picked":"Terror","floor":1},{"not_picked":["Flying Knee","Acrobatics"],"picked":"Escape Plan","floor":8},{"not_picked":["Wraith Form","Night Terror"],"picked":"Adrenaline","floor":16},{"not_picked":["Dagger Throw","Caltrops"],"picked":"Deflect","floor":18},{"not_picked":["Backflip","Deflect"],"picked":"Deadly Poison","floor":19},{"not_picked":["Escape Plan","Malaise"],"picked":"Noxious Fumes","floor":22},{"not_picked":["Dodge and Roll","Quick Slash"],"picked":"Footwork","floor":25},{"not_picked":["Deadly Poison","Dagger Throw"],"picked":"Flechettes","floor":27},{"not_picked":["Skewer","PiercingWail"],"picked":"Backflip","floor":29},{"not_picked":["Acrobatics","Sucker Punch"],"picked":"Leg Sweep","floor":31},{"not_picked":["Tactician","A Thousand Cuts"],"picked":"Adrenaline","floor":33},{"not_picked":["Acrobatics","Backflip"],"picked":"Dash","floor":38},{"not_picked":["Prepared","Endless Agony"],"picked":"Deflect","floor":41},{"not_picked":["Footwork","Backstab"],"picked":"Bane","floor":45},{"not_picked":["Outmaneuver","Riddle With Holes"],"picked":"Deadly Poison","floor":47}],"player_experience":282813,"potions_floor_usage":[19,27,28,31,33,47],"damage_taken":[{"damage":1,"enemies":"Jaw Worm","floor":1,"turns":4},{"damage":0,"enemies":"2 Louse","floor":8,"turns":2},{"damage":0,"enemies":"Small Slimes","floor":13,"turns":2},{"damage":17,"enemies":"The Guardian","floor":16,"turns":9},{"damage":4,"enemies":"Shell Parasite","floor":18,"turns":6},{"damage":5,"enemies":"Chosen","floor":19,"turns":5},{"damage":0,"enemies":"Snake Plant","floor":22,"turns":3},{"damage":6,"enemies":"Centurion and Healer","floor":25,"turns":4},{"damage":1,"enemies":"Sentry and Sphere","floor":27,"turns":3},{"damage":1,"enemies":"Slaver and Parasite","floor":28,"turns":4},{"damage":0,"enemies":"Centurion and Healer","floor":29,"turns":4},{"damage":6,"enemies":"Sentry and Sphere","floor":31,"turns":5},{"damage":31,"enemies":"Collector","floor":33,"turns":7},{"damage":11,"enemies":"3 Darklings","floor":35,"turns":4},{"damage":0,"enemies":"Orb Walker","floor":36,"turns":2},{"damage":0,"enemies":"Maw","floor":38,"turns":6},{"damage":1,"enemies":"Sphere and 2 Shapes","floor":41,"turns":5},{"damage":33,"enemies":"3 Darklings","floor":45,"turns":4},{"damage":13,"enemies":"Nemesis","floor":47,"turns":7},{"damage":0,"enemies":"Maw","floor":48,"turns":6},{"damage":67,"enemies":"Donu and Deca","floor":50,"turns":8}],"event_choices":[{"event_name":"The Cleric","player_choice":"Card Removal","floor":2,"damage_taken":0},{"event_name":"Wheel of Change","player_choice":"Gold","floor":3,"damage_taken":0},{"event_name":"World of Goop","player_choice":"Gather Gold","floor":12,"damage_taken":0},{"event_name":"Purifier","player_choice":"One Purge","floor":14,"damage_taken":0},{"event_name":"Beggar","player_choice":"Gave Gold","floor":20,"damage_taken":0},{"event_name":"Back to Basics","player_choice":"Simplicity","floor":21,"damage_taken":0},{"event_name":"Winding Halls","player_choice":"Embrace Madness","floor":39,"damage_taken":0}],"boss_relics":[{"not_picked":["Pandora\u0027s Box","Runic Dome"],"picked":"The Specimen"},{"not_picked":["Velvet Choker","Eternal Feather"],"picked":"Sozu"}],"potions_floor_spawned":[1,13,16,22,27,28,29,38,41],"seed_played":"2814046385514197837","killed_by":"Donu and Deca","ascension_level":0,"is_trial":false}