{"path_per_floor":["M","?","M","M","M","E","?","$","T","R","M","M","?","M","R"],"character_chosen":"THE_SILENT","items_purchased":["Dagger Throw"],"gold_per_floor":[109,109,124,144,159,192,162,62,137,137,156,128,128,144,144],"floor_reached":16,"campfire_rested":2,"playtime":6335,"current_hp_per_floor":[70,70,70,70,42,3,3,3,3,24,19,17,17,17,38],"items_purged":["Normality"],"gold":144,"score":104,"play_id":"36e4f9e0-aa65-44e6-9c2f-eac2cb13ad82","local_time":"20180320115143","is_prod":false,"is_daily":false,"is_ascension_mode":false,"campfire_upgraded":0,"timestamp":1521543103,"path_taken":["M","?","M","M","?","E","?","$","T","R","M","?","?","M","R","BOSS"],"build_version":"2018-03-15v3","purchased_purges":1,"victory":false,"master_deck":["Defend_G","Defend_G","Defend_G","Defend_G","Defend_G","Strike_G","Strike_G","Strike_G","Strike_G","Strike_G","Survivor","Neutralize","Slice","Sucker Punch","Backflip","Adrenaline","Bane","Dagger Throw","Blur","PiercingWail","Escape Plan"],"max_hp_per_floor":[70,70,70,70,70,70,70,70,70,70,70,70,70,70,70],"relics":["Ring of the Snake","Shuriken","Dodecahedron","Molten Egg 2"],"card_choices":[{"not_picked":["Bane","Deflect"],"picked":"Slice"},{"not_picked":["Skewer","Masterful Stab"],"picked":"Sucker Punch"},{"not_picked":["Poisoned Stab","Prepared"],"picked":"Backflip"},{"not_picked":["Outmaneuver","Slice"],"picked":"Adrenaline"},{"not_picked":["Night Terror","Masterful Stab"],"picked":"Bane"},{"not_picked":["Dodge and Roll","Setup"],"picked":"Blur"},{"not_picked":["Predator","Blur"],"picked":"PiercingWail"},{"not_picked":["Prepared","Masterful Stab"],"picked":"Escape Plan"}],"player_experience":201715,"potions_floor_usage":[12,16],"damage_taken":[{"damage":0,"enemies":"2 Louse","floor":1,"turns":4},{"damage":0,"enemies":"Cultist","floor":3,"turns":3},{"damage":0,"enemies":"Jaw Worm","floor":4,"turns":6},{"damage":28,"enemies":"Gremlin Gang","floor":5,"turns":9},{"damage":39,"enemies":"Lagavulin","floor":6,"turns":12},{"damage":5,"enemies":"Looter","floor":11,"turns":3},{"damage":2,"enemies":"Exordium Thugs","floor":12,"turns":5},{"damage":0,"enemies":"Exordium Wildlife","floor":14,"turns":4},{"damage":39,"enemies":"Hexaghost","floor":16,"turns":14}],"event_choices":[{"event_name":"Accursed Blacksmith","player_choice":"Rummage","floor":2,"damage_taken":0},{"event_name":"The Woman in Blue","player_choice":"Bought 2 Potions","floor":7,"damage_taken":0},{"event_name":"The Lab","player_choice":"Got Potions","floor":13,"damage_taken":0}],"boss_relics":[],"potions_floor_spawned":[3,11,12],"seed_played":"-8015661269784676329","killed_by":"Hexaghost","ascension_level":0,"is_trial":false}