{"path_per_floor":["M","?","?","M","M","E","R","?","T","M","E","R","?","M","R","B",null,"M","?","$","?","$","R","M","R","T","$"],"character_chosen":"IRONCLAD","items_purchased":["Shrug It Off","Membership Card","Trip","Oddly Smooth Stone","Dexterity Potion"],"gold_per_floor":[115,115,115,134,144,176,176,176,257,267,299,299,299,313,313,417,447,462,462,14,14,14,14,31,31,55,16],"floor_reached":28,"campfire_rested":1,"playtime":1193,"current_hp_per_floor":[80,64,64,70,76,62,62,80,80,79,63,63,63,69,69,29,82,62,62,62,62,62,62,44,68,68,68],"items_purged":[],"gold":16,"score":245,"play_id":"95535e0e-1b25-48df-9b55-fffdc52f3e65","local_time":"20180309083854","is_prod":false,"is_daily":false,"is_ascension_mode":true,"campfire_upgraded":4,"timestamp":1520581134,"path_taken":["M","?","?","M","M","E","R","?","T","?","E","R","?","M","R","BOSS","M","?","$","?","?","R","M","R","T","?","M"],"build_version":"2018-03-01-PROD1","purchased_purges":0,"victory":false,"master_deck":["Strike_R","Strike_R+1","Strike_R","Strike_R","Defend_R+1","Defend_R","Defend_R","Defend_R+1","Bash+1","Whirlwind","Limit Break+1","Armaments","Heavy Blade+1","Heavy Blade","Flex+1","Double Tap","Headbutt","Offering","Flex+1","Flex","Shrug It Off","Trip","Inflame"],"max_hp_per_floor":[80,80,80,80,80,80,80,80,80,80,80,80,77,77,77,77,82,82,82,82,82,82,82,82,82,82,82],"relics":["Burning Blood","Bronze Scales","Bottled Flame","Mummified Hand","Spirit Poop","Nloth\u0027s Gift","Membership Card","Oddly Smooth Stone","Dream Catcher"],"card_choices":[{"not_picked":["Cleave","Uppercut"],"picked":"Whirlwind"},{"not_picked":["Perfected Strike","Anger"],"picked":"Armaments"},{"not_picked":["True Grit","Rupture"],"picked":"Heavy Blade"},{"not_picked":["Intimidate","Body Slam"],"picked":"Heavy Blade"},{"not_picked":["True Grit","Havoc"],"picked":"Flex"},{"not_picked":["Heavy Blade","Armaments"],"picked":"Double Tap"},{"not_picked":["Sentinel","Evolve"],"picked":"Headbutt"},{"not_picked":["Bludgeon","Reaper"],"picked":"Offering"},{"not_picked":["Body Slam","Searing Blow"],"picked":"Flex"},{"not_picked":["Intimidate","Infernal Blade"],"picked":"Flex"},{"not_picked":["Flame Barrier","Wild Strike"],"picked":"Inflame"}],"player_experience":162218,"potions_floor_usage":[6,14,18],"damage_taken":[{"damage":0,"enemies":"Small Slimes","floor":1,"turns":3},{"damage":0,"enemies":"Jaw Worm","floor":4,"turns":3},{"damage":0,"enemies":"Cultist","floor":5,"turns":4},{"damage":20,"enemies":"Gremlin Nob","floor":6,"turns":4},{"damage":7,"enemies":"Large Slime","floor":10,"turns":8},{"damage":22,"enemies":"3 Sentries","floor":11,"turns":5},{"damage":0,"enemies":"Looter","floor":14,"turns":1},{"damage":46,"enemies":"Slime Boss","floor":16,"turns":10},{"damage":26,"enemies":"Shell Parasite","floor":18,"turns":3},{"damage":24,"enemies":"Spheric Guardian","floor":24,"turns":4},{"damage":71,"enemies":"3 Cultists","floor":28,"turns":6}],"event_choices":[{"event_name":"Shining Light","player_choice":"Entered Light","floor":2,"damage_taken":0},{"event_name":"Living Wall","player_choice":"Change","floor":3,"damage_taken":0},{"event_name":"Mushrooms","player_choice":"Healed and dodged fight","floor":8,"damage_taken":0},{"event_name":"Bonfire Elementals","player_choice":"CURSE","floor":13,"damage_taken":0},{"event_name":"N\u0027loth","player_choice":"Traded a Tiny House","floor":19,"damage_taken":0},{"event_name":"Addict","player_choice":"Ignored","floor":21,"damage_taken":0}],"boss_relics":[{"not_picked":["Eternal Feather","Cursed Key"],"picked":"Tiny House"}],"potions_floor_spawned":[4,6,11],"seed_played":"83295071657588857","killed_by":"3 Cultists","ascension_level":2,"is_trial":false}