{"gold_per_floor":[213,288,299,249,249,249,260,271,297,359,359,377,377,552,552,673,673,698,236,254,254,277,277,277],"floor_reached":24,"playtime":694,"items_purged":["Doubt"],"score":186,"play_id":"a266e66e-79e1-40e0-b847-61086108d083","local_time":"20190201000411","is_ascension_mode":false,"campfire_choices":[{"data":"Neutralize","floor":6,"key":"SMITH"},{"data":"A Thousand Cuts","floor":11,"key":"SMITH"},{"floor":15,"key":"REST"},{"data":"Discovery","floor":23,"key":"SMITH"}],"neow_cost":"NONE","seed_source_timestamp":10247226921617,"circlet_count":0,"master_deck":["Defend_G","Defend_G","Defend_G","Defend_G","Defend_G","Strike_G","Strike_G+1","Strike_G","Strike_G","Survivor","Neutralize+1","Backstab","Skewer+1","Dodge and Roll","Dagger Spray","A Thousand Cuts+1","Dodge and Roll","Burst","Dash","Discovery+1","Deflect","Escape Plan+1"],"relics":["Ring of the Snake","Pen Nib","Oddly Smooth Stone","Bag of Preparation","Golden Idol","WristBlade","Membership Card","Whetstone","Blood Vial","PreservedInsect"],"potions_floor_usage":[10,16,20],"damage_taken":[{"damage":0,"enemies":"Cultist","floor":1,"turns":5},{"damage":0,"enemies":"2 Louse","floor":3,"turns":2},{"damage":3,"enemies":"Small Slimes","floor":7,"turns":4},{"damage":0,"enemies":"Exordium Wildlife","floor":8,"turns":5},{"damage":24,"enemies":"Gremlin Nob","floor":10,"turns":4},{"damage":0,"enemies":"Blue Slaver","floor":12,"turns":4},{"damage":1,"enemies":"Slime Boss","floor":16,"turns":9},{"damage":18,"enemies":"Spheric Guardian","floor":18,"turns":6},{"damage":9,"enemies":"Chosen","floor":20,"turns":7},{"damage":4,"enemies":"Centurion and Healer","floor":22,"turns":7},{"damage":46,"enemies":"Sentry and Sphere","floor":24,"turns":5}],"seed_played":"4952354720853185493","potions_obtained":[{"floor":3,"key":"Weak Potion"},{"floor":7,"key":"PowerPotion"},{"floor":18,"key":"SkillPotion"},{"floor":20,"key":"LiquidBronze"}],"is_trial":false,"path_per_floor":["M","?","M","?","?","R","M","M","T","?","R","M","?","?","R","B",null,"M","$","M","?","M","R","M"],"character_chosen":"THE_SILENT","items_purchased":["Membership Card","Discovery","Whetstone","Deflect","Blood Vial"],"campfire_rested":1,"item_purchase_floors":[19,19,19,19,19],"current_hp_per_floor":[70,59,59,59,47,47,44,44,44,20,20,20,20,20,39,38,65,47,47,40,40,38,38,0],"gold":277,"neow_bonus":"HUNDRED_GOLD","is_prod":false,"is_daily":false,"chose_seed":false,"campfire_upgraded":3,"win_rate":0,"timestamp":1549001051,"path_taken":["M","?","M","?","?","R","M","?","T","?","R","M","?","?","R","BOSS","M","$","M","?","M","R","M"],"build_version":"2019-01-23","purchased_purges":1,"victory":false,"max_hp_per_floor":[70,70,70,70,70,70,70,70,70,70,70,70,65,65,65,65,65,65,65,65,65,65,65,65],"card_choices":[{"not_picked":["Quick Slash","Caltrops"],"picked":"Backstab","floor":1},{"not_picked":["Distraction","Deflect"],"picked":"Skewer","floor":3},{"not_picked":["Bane","Dagger Throw"],"picked":"Dodge and Roll","floor":7},{"not_picked":["Riddle With Holes","Dagger Spray","Tactician"],"picked":"SKIP","floor":8},{"not_picked":["Riddle With Holes","Tactician"],"picked":"Dagger Spray","floor":8},{"not_picked":["Accuracy","Deadly Poison"],"picked":"A Thousand Cuts","floor":10},{"not_picked":["Deflect","Deadly Poison"],"picked":"Dodge and Roll","floor":12},{"not_picked":["Wraith Form v2","Envenom"],"picked":"Burst","floor":16},{"not_picked":["Dash","Bane","Quick Slash"],"picked":"SKIP","floor":18},{"not_picked":["Bane","Quick Slash"],"picked":"Dash","floor":18},{"not_picked":["Underhanded Strike+1","Flying Knee","Acrobatics"],"picked":"SKIP","floor":20},{"not_picked":["Cloak And Dagger","Underhanded Strike"],"picked":"Escape Plan+1","floor":22}],"player_experience":687744,"relics_obtained":[{"floor":9,"key":"Oddly Smooth Stone"},{"floor":10,"key":"Bag of Preparation"}],"event_choices":[{"damage_healed":0,"gold_gain":75,"player_choice":"Gather Gold","damage_taken":11,"max_hp_gain":0,"max_hp_loss":0,"event_name":"World of Goop","floor":2,"gold_loss":0},{"cards_removed":["Strike_G"],"damage_healed":0,"gold_gain":0,"player_choice":"Card Removal","damage_taken":0,"max_hp_gain":0,"max_hp_loss":0,"event_name":"The Cleric","floor":4,"gold_loss":50},{"damage_healed":0,"gold_gain":0,"player_choice":"Success","damage_taken":12,"relics_obtained":["Pen Nib"],"max_hp_gain":0,"max_hp_loss":0,"event_name":"Scrap Ooze","floor":5,"gold_loss":0},{"damage_healed":0,"gold_gain":30,"player_choice":"Searched \u00273\u0027 times","damage_taken":0,"max_hp_gain":0,"max_hp_loss":0,"event_name":"Dead Adventurer","floor":10,"gold_loss":0},{"damage_healed":0,"gold_gain":0,"player_choice":"Lose Max HP","damage_taken":0,"relics_obtained":["Golden Idol"],"max_hp_gain":0,"max_hp_loss":5,"event_name":"Golden Idol","floor":13,"gold_loss":0},{"damage_healed":0,"gold_gain":175,"player_choice":"AGREE","damage_taken":0,"max_hp_gain":0,"max_hp_loss":0,"event_name":"Liars Game","floor":14,"gold_loss":0,"cards_obtained":["Doubt"]},{"damage_healed":0,"gold_gain":0,"player_choice":"Gave Potion","damage_taken":0,"relics_obtained":["PreservedInsect"],"max_hp_gain":0,"max_hp_loss":0,"event_name":"WeMeetAgain","floor":21,"gold_loss":0}],"is_beta":false,"boss_relics":[{"not_picked":["Runic Pyramid","Lizard Tail"],"picked":"WristBlade"}],"items_purged_floors":[19],"is_endless":false,"potions_floor_spawned":[3,7,18,20],"killed_by":"Sentry and Sphere","ascension_level":0}