{"gold_per_floor":[110,120,136,154,28,28,44,54,54,54,69,88,88,117,117,188,188,201,201,215,215,215,215,229,229],"floor_reached":25,"playtime":488,"items_purged":["Defend_R"],"score":406,"play_id":"309ddcea-6a17-4237-a005-ddec520db9b8","local_time":"20180703162218","is_ascension_mode":true,"campfire_choices":[{"data":"Whirlwind","floor":10,"key":"SMITH"},{"data":"Flex","floor":13,"key":"SMITH"},{"data":"Seeing Red","floor":15,"key":"SMITH"},{"data":"Limit Break","floor":23,"key":"SMITH"}],"neow_cost":"","seed_source_timestamp":67873710664578,"circlet_count":0,"master_deck":["Strike_R","Strike_R","Strike_R","Strike_R","Strike_R","Defend_R","Defend_R","Defend_R","Bash","AscendersBane","Flame Barrier","Whirlwind+1","Flex+1","Seeing Red+1","Thunderclap","Limit Break+1"],"relics":["Burning Blood","Bronze Scales","Meat on the Bone","Runic Dome"],"potions_floor_usage":[16,16],"damage_taken":[{"damage":6,"enemies":"Cultist","floor":1,"turns":3},{"damage":7,"enemies":"Jaw Worm","floor":2,"turns":4},{"damage":3,"enemies":"2 Louse","floor":3,"turns":3},{"damage":12,"enemies":"2 Fungi Beasts","floor":4,"turns":3},{"damage":16,"enemies":"Exordium Thugs","floor":7,"turns":6},{"damage":3,"enemies":"3 Louse","floor":8,"turns":3},{"damage":10,"enemies":"Looter","floor":11,"turns":4},{"damage":6,"enemies":"Exordium Wildlife","floor":12,"turns":1},{"damage":0,"enemies":"3 Sentries","floor":14,"turns":2},{"damage":55,"enemies":"The Guardian","floor":16,"turns":8},{"damage":0,"enemies":"3 Byrds","floor":18,"turns":2},{"damage":22,"enemies":"2 Thieves","floor":20,"turns":3},{"damage":9,"enemies":"Centurion and Healer","floor":24,"turns":3},{"damage":54,"enemies":"Gremlin Leader","floor":25,"turns":5}],"seed_played":"2002519715444052703","potions_obtained":[{"floor":1,"key":"Explosive Potion"},{"floor":4,"key":"Energy Potion"},{"floor":14,"key":"Energy Potion"},{"floor":20,"key":"EssenceOfSteel"}],"is_trial":false,"path_per_floor":["M","M","M","M","$","?","M","M","T","R","M","M","R","E","R","B",null,"M","?","M","?","?","R","M"],"character_chosen":"IRONCLAD","items_purchased":["Flex"],"campfire_rested":0,"item_purchase_floors":[5],"current_hp_per_floor":[68,67,70,64,64,64,54,57,57,57,53,53,53,59,59,22,62,68,47,43,43,43,43,52,0],"gold":229,"neow_bonus":"","is_prod":false,"is_daily":false,"chose_seed":false,"campfire_upgraded":4,"win_rate":0,"timestamp":1530660138,"path_taken":["M","M","M","?","$","?","M","M","T","R","M","M","R","E","R","BOSS","M","?","M","?","?","R","M","E"],"build_version":"2018-07-02","purchased_purges":1,"victory":false,"max_hp_per_floor":[75,75,75,75,75,75,75,75,75,75,75,75,75,75,75,75,75,75,80,80,80,80,80,80,80],"card_choices":[{"not_picked":["Pummel","Armaments"],"picked":"Flame Barrier","floor":1},{"not_picked":["Burning Pact","Spot Weakness"],"picked":"Whirlwind","floor":3},{"not_picked":["Shrug It Off","Exhume"],"picked":"Seeing Red","floor":11},{"not_picked":["Perfected Strike","Flame Barrier"],"picked":"Thunderclap","floor":14},{"not_picked":["Demon Form","Immolate"],"picked":"Limit Break","floor":16}],"player_experience":473874,"relics_obtained":[{"floor":9,"key":"Bronze Scales"},{"floor":14,"key":"Meat on the Bone"}],"event_choices":[{"event_name":"The Cleric","player_choice":"Leave","floor":6,"damage_taken":0},{"event_name":"Forgotten Altar","player_choice":"Shed Blood","floor":19,"damage_taken":0},{"event_name":"The Mausoleum","player_choice":"No","floor":21,"damage_taken":0},{"event_name":"Vampires","player_choice":"Ignored","floor":22,"damage_taken":0}],"boss_relics":[{"not_picked":["Runic Cube","Calling Bell"],"picked":"Runic Dome"}],"items_purged_floors":[5],"is_endless":false,"potions_floor_spawned":[1,4,7,14,20],"killed_by":"Gremlin Leader","ascension_level":15}