{"gold_per_floor":[114,189,200,14,14,48,48,48,75,109,126,126,160,179,179,274,274,291,301,301,301,320,320,346,346,346,346,378,404,417,434,434,537,537,554,654,667,46,268,268,268],"floor_reached":41,"playtime":2946,"items_purged":["Regret"],"score":537,"play_id":"93e03864-d4d9-48eb-b831-fb35df8262c6","local_time":"20190131182419","is_ascension_mode":true,"campfire_choices":[{"floor":12,"key":"REST"},{"data":"Apotheosis","floor":15,"key":"SMITH"},{"data":"True Grit","floor":23,"key":"SMITH"},{"data":"Metallicize","floor":25,"key":"SMITH"},{"floor":32,"key":"REST"},{"floor":40,"key":"REST"}],"neow_cost":"NONE","seed_source_timestamp":1204520195745488,"circlet_count":0,"master_deck":["Strike_R","Defend_R+1","Defend_R","Defend_R","Defend_R","Bash","Intimidate","Body Slam+1","Apotheosis+1","Metallicize","Whirlwind","Juggernaut","True Grit+1","Combust+1","Flex+1","Feed+1","Dual Wield+1","Writhe","Metallicize+1","Inflame+1","RitualDagger","Infernal Blade+1","Limit Break","Battle Trance+1","Body Slam","Enlightenment","Spot Weakness","Feel No Pain"],"relics":["Burning Blood","Juzu Bracelet","Happy Flower","Smiling Mask","Ancient Tea Set","Centennial Puzzle","Astrolabe","Self Forming Clay","Bag of Preparation","Champion Belt","Red Mask","Vajra","Philosopher\u0027s Stone","Dead Branch","Oddly Smooth Stone","Bag of Marbles"],"potions_floor_usage":[33,36,37,37,37,41,41],"damage_taken":[{"damage":9,"enemies":"Jaw Worm","floor":1,"turns":5},{"damage":5,"enemies":"2 Louse","floor":3,"turns":3},{"damage":11,"enemies":"Lagavulin","floor":6,"turns":7},{"damage":17,"enemies":"Gremlin Nob","floor":10,"turns":4},{"damage":1,"enemies":"Small Slimes","floor":11,"turns":4},{"damage":20,"enemies":"3 Sentries","floor":13,"turns":4},{"damage":6,"enemies":"2 Fungi Beasts","floor":14,"turns":4},{"damage":31,"enemies":"Hexaghost","floor":16,"turns":10},{"damage":6,"enemies":"3 Byrds","floor":18,"turns":5},{"damage":8,"enemies":"Spheric Guardian","floor":19,"turns":4},{"damage":17,"enemies":"Snecko","floor":22,"turns":5},{"damage":32,"enemies":"Gremlin Leader","floor":24,"turns":6},{"damage":0,"enemies":"Masked Bandits","floor":28,"turns":3},{"damage":19,"enemies":"Snake Plant","floor":30,"turns":5},{"damage":30,"enemies":"Cultist and Chosen","floor":31,"turns":7},{"damage":41,"enemies":"Collector","floor":33,"turns":7},{"damage":17,"enemies":"Orb Walker","floor":35,"turns":4},{"damage":34,"enemies":"Mind Bloom Boss Battle","floor":36,"turns":6},{"damage":44,"enemies":"3 Darklings","floor":37,"turns":5},{"damage":65,"enemies":"Reptomancer","floor":41,"turns":3}],"seed_played":"-7070463631172683232","potions_obtained":[{"floor":1,"key":"Regen Potion"},{"floor":3,"key":"Swift Potion"},{"floor":11,"key":"Energy Potion"},{"floor":33,"key":"PowerPotion"},{"floor":36,"key":"AttackPotion"},{"floor":37,"key":"Energy Potion"}],"is_trial":false,"path_per_floor":["M","?","M","$","?","E","?","?","T","E","M","R","E","M","R","B",null,"M","M","?","?","M","R","E","R","T","?","?","T","M","M","R","B",null,"M","?","M","$","?","R","E"],"character_chosen":"IRONCLAD","items_purchased":["Apotheosis","Oddly Smooth Stone","Bag of Marbles","Enlightenment","Spot Weakness","Feel No Pain","SkillPotion"],"campfire_rested":3,"item_purchase_floors":[4,38,38,38,38,38,38],"current_hp_per_floor":[85,74,75,75,68,63,45,45,45,34,39,65,51,51,51,26,88,92,90,90,90,83,83,57,57,57,51,57,57,44,24,54,19,100,89,61,28,28,28,58,0],"gold":268,"neow_bonus":"TEN_PERCENT_HP_BONUS","is_prod":false,"is_daily":false,"chose_seed":false,"campfire_upgraded":3,"win_rate":0,"timestamp":1548955459,"path_taken":["M","?","M","$","?","E","?","?","T","E","M","R","E","M","R","BOSS","M","M","?","?","M","R","E","R","T","?","?","?","M","M","R","BOSS","M","?","M","$","?","R","E"],"build_version":"2019-01-23","purchased_purges":1,"victory":false,"max_hp_per_floor":[88,88,88,88,88,88,88,88,88,88,88,88,88,88,88,88,88,92,92,92,92,96,96,96,96,96,96,96,96,96,100,100,100,100,100,100,100,100,100,100,100],"card_choices":[{"not_picked":["Rupture","Blood for Blood"],"picked":"Intimidate","floor":1},{"not_picked":["Armaments","Clash"],"picked":"Body Slam","floor":3},{"not_picked":["Entrench","Heavy Blade"],"picked":"Metallicize","floor":6},{"not_picked":["Burning Pact","Rampage"],"picked":"Whirlwind","floor":10},{"not_picked":["Cleave","Seeing Red"],"picked":"Juggernaut","floor":11},{"not_picked":["Iron Wave","Searing Blow","Blood for Blood"],"picked":"SKIP","floor":13},{"not_picked":["Headbutt","Bloodletting"],"picked":"True Grit","floor":14},{"not_picked":["Reckless Charge+1","Iron Wave","Intimidate+1"],"picked":"SKIP","floor":18},{"not_picked":["Fire Breathing","Burning Pact+1"],"picked":"Dual Wield+1","floor":19},{"not_picked":["Sword Boomerang","Carnage"],"picked":"Inflame+1","floor":22},{"not_picked":["Combust","Armaments+1","Havoc"],"picked":"SKIP","floor":24},{"not_picked":["Reckless Charge","Thunderclap","Pommel Strike"],"picked":"SKIP","floor":30},{"not_picked":["Fire Breathing","Pommel Strike"],"picked":"Infernal Blade+1","floor":31},{"not_picked":["Juggernaut","Reaper"],"picked":"Limit Break","floor":33},{"not_picked":["Intimidate","Wild Strike"],"picked":"Battle Trance+1","floor":35},{"not_picked":["Reckless Charge","Perfected Strike+1"],"picked":"Body Slam","floor":36},{"not_picked":["Rage","Seeing Red","Thunderclap+1"],"picked":"SKIP","floor":37}],"player_experience":466243,"relics_obtained":[{"floor":6,"key":"Juzu Bracelet"},{"floor":9,"key":"Smiling Mask"},{"floor":10,"key":"Ancient Tea Set"},{"floor":13,"key":"Centennial Puzzle"},{"floor":24,"key":"Bag of Preparation"},{"floor":26,"key":"Champion Belt"},{"floor":28,"key":"Red Mask"},{"floor":29,"key":"Vajra"},{"floor":36,"key":"Dead Branch"}],"event_choices":[{"damage_healed":0,"gold_gain":75,"player_choice":"Gather Gold","damage_taken":11,"max_hp_gain":0,"max_hp_loss":0,"event_name":"World of Goop","floor":2,"gold_loss":0},{"cards_removed":["Strike_R"],"damage_healed":0,"gold_gain":0,"player_choice":"Card Removal","damage_taken":7,"max_hp_gain":0,"max_hp_loss":0,"event_name":"Golden Wing","floor":5,"gold_loss":0},{"damage_healed":0,"gold_gain":0,"player_choice":"Entered Light","damage_taken":18,"max_hp_gain":0,"max_hp_loss":0,"event_name":"Shining Light","floor":7,"gold_loss":0,"cards_upgraded":["Body Slam","Defend_R"]},{"damage_healed":0,"gold_gain":0,"player_choice":"Box","damage_taken":0,"relics_obtained":["Happy Flower"],"max_hp_gain":0,"max_hp_loss":0,"event_name":"Big Fish","floor":8,"gold_loss":0,"cards_obtained":["Regret"]},{"damage_healed":0,"gold_gain":0,"player_choice":"Opened","damage_taken":0,"relics_obtained":["Self Forming Clay"],"max_hp_gain":0,"max_hp_loss":0,"event_name":"The Mausoleum","floor":20,"gold_loss":0,"cards_obtained":["Writhe"]},{"damage_healed":0,"gold_gain":0,"player_choice":"Read","damage_taken":0,"max_hp_gain":0,"max_hp_loss":0,"event_name":"The Library","floor":21,"gold_loss":0,"cards_obtained":["Metallicize"]},{"damage_healed":0,"gold_gain":0,"player_choice":"Joined the Cult","damage_taken":6,"max_hp_gain":0,"max_hp_loss":0,"event_name":"Nest","floor":27,"gold_loss":0,"cards_obtained":["RitualDagger"]},{"damage_healed":0,"gold_gain":0,"player_choice":"Fought Bandits","damage_taken":0,"max_hp_gain":0,"max_hp_loss":0,"event_name":"Masked Bandits","floor":28,"gold_loss":0},{"damage_healed":0,"gold_gain":0,"player_choice":"Fight","damage_taken":0,"max_hp_gain":0,"max_hp_loss":0,"event_name":"MindBloom","floor":36,"gold_loss":0},{"damage_healed":0,"gold_gain":222,"player_choice":"Wore Mask","damage_taken":0,"max_hp_gain":0,"max_hp_loss":0,"event_name":"Tomb of Lord Red Mask","floor":39,"gold_loss":0}],"is_beta":false,"boss_relics":[{"not_picked":["Runic Dome","Empty Cage"],"picked":"Astrolabe"},{"not_picked":["Tiny House","Lizard Tail"],"picked":"Philosopher\u0027s Stone"}],"items_purged_floors":[38],"is_endless":false,"potions_floor_spawned":[1,3,11,16,22,28,30,33,36,37],"killed_by":"Reptomancer","ascension_level":4}