{"gold_per_floor":[119,119,133,133,147,147,162,188,188,188,188,188,206,224,224,224],"floor_reached":16,"playtime":639,"items_purged":[],"score":92,"play_id":"559e0807-cef9-4928-aaf4-55515e27e23a","local_time":"20181207192314","is_ascension_mode":false,"campfire_choices":[{"data":"Neutralize","floor":6,"key":"SMITH"},{"data":"Survivor","floor":10,"key":"SMITH"},{"data":"Distraction","floor":15,"key":"SMITH"}],"neow_cost":"NONE","seed_source_timestamp":1548718934629,"circlet_count":0,"master_deck":["Defend_G","Defend_G","Defend_G","Defend_G","Defend_G","Strike_G","Strike_G","Strike_G","Strike_G","Strike_G","Survivor+1","Neutralize+1","Backflip+1","Deadly Poison","Flying Knee","Flechettes","Regret","Blur","Distraction+1"],"relics":["Ring of the Snake","NeowsBlessing","Question Card","Juzu Bracelet","Ninja Scroll","Bronze Scales","Ornamental Fan"],"potions_floor_usage":[13,16],"damage_taken":[{"damage":0,"enemies":"Jaw Worm","floor":1,"turns":1},{"damage":0,"enemies":"Cultist","floor":3,"turns":1},{"damage":0,"enemies":"2 Louse","floor":5,"turns":1},{"damage":2,"enemies":"Looter","floor":7,"turns":3},{"damage":0,"enemies":"Exordium Thugs","floor":13,"turns":5},{"damage":7,"enemies":"Blue Slaver","floor":14,"turns":3},{"damage":54,"enemies":"Slime Boss","floor":16,"turns":12}],"seed_played":"8658347765490345630","potions_obtained":[{"floor":3,"key":"SkillPotion"},{"floor":7,"key":"Strength Potion"}],"is_trial":false,"path_per_floor":["M","?","M","T","M","R","M","T","T","R","?","T","M","M","R","B"],"character_chosen":"THE_SILENT","items_purchased":[],"campfire_rested":0,"item_purchase_floors":[],"current_hp_per_floor":[70,70,70,70,70,70,68,68,68,68,68,68,68,61,61,7],"gold":224,"neow_bonus":"THREE_ENEMY_KILL","is_prod":false,"is_daily":false,"chose_seed":false,"campfire_upgraded":3,"win_rate":0.0,"timestamp":1544163794,"path_taken":["M","?","?","?","M","R","M","?","T","R","?","?","M","M","R","BOSS"],"build_version":"2018-12-06","purchased_purges":0,"victory":false,"max_hp_per_floor":[70,70,70,70,70,70,70,70,70,70,70,70,70,70,70,70],"card_choices":[{"not_picked":["PiercingWail","Dodge and Roll"],"picked":"Backflip","floor":1},{"not_picked":["Blade Dance","Deflect"],"picked":"Deadly Poison","floor":3},{"not_picked":["Masterful Stab","Footwork","Prepared"],"picked":"Flying Knee","floor":5},{"not_picked":["All Out Attack","Escape Plan","Sucker Punch"],"picked":"Flechettes","floor":7},{"not_picked":["Flying Knee","Concentrate","Acrobatics"],"picked":"Blur","floor":13},{"not_picked":["Acrobatics","Bane","Adrenaline"],"picked":"Distraction","floor":14}],"player_experience":419633,"relics_obtained":[{"floor":4,"key":"Question Card"},{"floor":8,"key":"Juzu Bracelet"},{"floor":9,"key":"Ninja Scroll"},{"floor":12,"key":"Ornamental Fan"}],"event_choices":[{"damage_healed":0,"gold_gain":0,"player_choice":"Upgraded","damage_taken":0,"max_hp_gain":0,"max_hp_loss":0,"event_name":"Upgrade Shrine","floor":2,"gold_loss":0,"cards_upgraded":["Backflip"]},{"damage_healed":0,"gold_gain":0,"player_choice":"Box","damage_taken":0,"relics_obtained":["Bronze Scales"],"max_hp_gain":0,"max_hp_loss":0,"event_name":"Big Fish","floor":11,"gold_loss":0,"cards_obtained":["Regret"]}],"is_beta":false,"boss_relics":[],"items_purged_floors":[],"is_endless":false,"potions_floor_spawned":[3,7],"killed_by":"Slime Boss","ascension_level":0}