{"gold_per_floor":[115,133,133,65,92,92,122,135,135,164,164,496,507,557,557,634,634,634,549,549,549,377,377,377,377,377,95,95,95,95,31,31,31,31,31],"floor_reached":35,"playtime":905,"items_purged":["Strike_R","Strike_R+1"],"score":812,"play_id":"fa65f2b9-221e-4306-95ca-9745e66bb4cf","local_time":"20190114011814","is_ascension_mode":true,"campfire_choices":[{"data":"Whirlwind","floor":6,"key":"SMITH"},{"data":"1","floor":11,"key":"LIFT"},{"data":"2","floor":15,"key":"LIFT"},{"data":"3","floor":28,"key":"LIFT"},{"data":"Armaments","floor":30,"key":"SMITH"},{"data":"Demon Form","floor":32,"key":"SMITH"}],"neow_cost":"NONE","seed_source_timestamp":38048381528045,"circlet_count":0,"master_deck":["AscendersBane","Strike_R+1","Strike_R+1","Defend_R+1","Defend_R+1","Defend_R+1","Defend_R+1","Bash","Whirlwind+1","Pummel","Spot Weakness","Dropkick","Reaper","Feel No Pain","Shrug It Off","Dark Embrace","Evolve","RitualDagger","Armaments+1","Reckless Charge","Wild Strike","Inflame","Heavy Blade","Demon Form+1","Fiend Fire"],"special_seed":0,"relics":["Burning Blood","NeowsBlessing","Ancient Tea Set","The Courier","Girya","Pantograph","Old Coin","Vajra","Ectoplasm","Letter Opener","Mummified Hand","Pear","Mark of Pain"],"potions_floor_usage":[23],"damage_taken":[{"damage":0.0,"enemies":"Jaw Worm","floor":1.0,"turns":1.0},{"damage":0.0,"enemies":"Cultist","floor":2.0,"turns":1.0},{"damage":0,"enemies":"Lagavulin","floor":7,"turns":1},{"damage":4,"enemies":"Small Slimes","floor":8,"turns":3},{"damage":20,"enemies":"3 Sentries","floor":10,"turns":5},{"damage":18,"enemies":"Gremlin Nob","floor":12,"turns":3},{"damage":12,"enemies":"Looter","floor":13,"turns":3},{"damage":0,"enemies":"Slime Boss","floor":16,"turns":6},{"damage":0,"enemies":"Chosen","floor":18,"turns":4},{"damage":46,"enemies":"Slavers","floor":23,"turns":4},{"damage":8,"enemies":"3 Byrds","floor":25,"turns":4},{"damage":27,"enemies":"Snake Plant","floor":29,"turns":5},{"damage":54,"enemies":"Collector","floor":33,"turns":8},{"damage":0,"enemies":"Orb Walker","floor":35,"turns":1}],"seed_played":"-1226142872053969793","potions_obtained":[{"floor":1.0,"key":"FearPotion"},{"floor":7,"key":"BloodPotion"},{"floor":13,"key":"Ancient Potion"},{"floor":25,"key":"Energy Potion"},{"floor":33,"key":"Block Potion"}],"is_trial":false,"path_per_floor":["M","M","?","$","T","R","E","M","T","E","R","E","M","T","R","B",null,"M","?","?","?","$","E","?","M","T","$","R","M","R","$","R","B",null,"M"],"character_chosen":"IRONCLAD","items_purchased":["Spot Weakness","Armaments","Reckless Charge","Wild Strike","Pear","Demon Form"],"campfire_rested":0,"item_purchase_floors":[4,22,22,22,27,31],"current_hp_per_floor":[74,75,75,75,75,75,75,75,75,75,75,75,69,69,69,75,75,75,75,75,69,69,29,29,42,42,52,52,39,39,39,39,16,68,68],"gold":31,"neow_bonus":"THREE_ENEMY_KILL","is_prod":false,"is_daily":false,"chose_seed":false,"campfire_upgraded":3,"win_rate":0,"timestamp":1547396294,"path_taken":["M","M","?","$","?","R","E","M","T","E","R","E","?","?","R","BOSS","M","?","?","?","$","E","?","M","T","$","R","M","R","?","R","BOSS","M"],"build_version":"2019-01-10","purchased_purges":2,"victory":false,"max_hp_per_floor":[75,75,75,75,75,75,75,75,75,75,75,75,75,75,75,75,75,75,75,75,75,75,75,75,75,75,85,85,85,85,85,85,85,85,85],"card_choices":[{"not_picked":["Pummel","Body Slam"],"picked":"Whirlwind","floor":1.0},{"not_picked":["Havoc","Rupture"],"picked":"Pummel","floor":2.0},{"not_picked":["Perfected Strike","Warcry"],"picked":"Dropkick","floor":7},{"not_picked":["Metallicize","Wild Strike"],"picked":"Reaper","floor":8},{"not_picked":["Exhume","Warcry"],"picked":"Feel No Pain","floor":10},{"not_picked":["Thunderclap","Twin Strike","Cleave"],"picked":"SKIP","floor":12},{"not_picked":["Perfected Strike","Rampage"],"picked":"Shrug It Off","floor":13},{"not_picked":["Juggernaut","Bludgeon"],"picked":"Dark Embrace","floor":16},{"not_picked":["Iron Wave","Warcry"],"picked":"Evolve","floor":18},{"not_picked":["Corruption","Sentinel","Clash"],"picked":"SKIP","floor":23},{"not_picked":["Inflame","Entrench","Twin Strike"],"picked":"SKIP","floor":25},{"not_picked":["Entrench","Twin Strike"],"picked":"Inflame","floor":25},{"not_picked":["Clothesline+1","Iron Wave"],"picked":"Heavy Blade","floor":29},{"not_picked":["Barricade","Immolate"],"picked":"Fiend Fire","floor":33}],"player_experience":923457,"relics_obtained":[{"floor":5,"key":"Ancient Tea Set"},{"floor":7,"key":"The Courier"},{"floor":9,"key":"Girya"},{"floor":10,"key":"Pantograph"},{"floor":12,"key":"Old Coin"},{"floor":14,"key":"Vajra"},{"floor":23,"key":"Mummified Hand"}],"event_choices":[{"cards_removed":["Strike_R"],"damage_healed":0,"gold_gain":0,"player_choice":"Purged","damage_taken":0,"max_hp_gain":0,"max_hp_loss":0,"event_name":"Purifier","floor":3,"gold_loss":0},{"damage_healed":0,"gold_gain":0,"player_choice":"Obtained Relic","damage_taken":0,"relics_obtained":["Letter Opener"],"max_hp_gain":0,"max_hp_loss":0,"event_name":"Addict","floor":19,"gold_loss":85},{"damage_healed":0,"gold_gain":0,"player_choice":"Ignored","damage_taken":0,"max_hp_gain":0,"max_hp_loss":0,"event_name":"Ghosts","floor":20,"gold_loss":0},{"damage_healed":0,"gold_gain":0,"player_choice":"Joined the Cult","damage_taken":6,"max_hp_gain":0,"max_hp_loss":0,"event_name":"Nest","floor":21,"gold_loss":0,"cards_obtained":["RitualDagger"]},{"damage_healed":0,"gold_gain":0,"player_choice":"Simplicity","damage_taken":0,"max_hp_gain":0,"max_hp_loss":0,"event_name":"Back to Basics","floor":24,"gold_loss":0,"cards_upgraded":["Strike_R","Strike_R","Strike_R","Defend_R","Defend_R","Defend_R","Defend_R"]}],"is_beta":false,"boss_relics":[{"not_picked":["White Beast Statue","Black Blood"],"picked":"Ectoplasm"},{"not_picked":["Philosopher\u0027s Stone","Tiny House"],"picked":"Mark of Pain"}],"items_purged_floors":[22,27],"is_endless":false,"potions_floor_spawned":[1,7,8,13,25,33],"killed_by":"Orb Walker","ascension_level":15}