{"gold_per_floor":[111,111,111,122,141,141,172,172,172,172,205,205,223,240,240,340,340,355,19,19,36,306,306,306,322,346,375,6,20,35,49,49,151,151,164,178,190,201,1,1,12,29,75,75,88,116,32,51,51,51,51,51,1,36,36],"floor_reached":55,"playtime":16936,"items_purged":["Strike_R","Strike_R","Strike_R","Strike_R","Defend_R"],"score":708,"play_id":"c1ab1419-6b76-49c3-bbcc-498d8a55caa5","local_time":"20190129163357","is_ascension_mode":false,"campfire_choices":[{"data":"True Grit","floor":6.0,"key":"SMITH"},{"data":"Warcry","floor":8.0,"key":"SMITH"},{"data":"Bash","floor":10.0,"key":"SMITH"},{"data":"Limit Break","floor":12.0,"key":"SMITH"},{"data":"Armaments","floor":15.0,"key":"SMITH"},{"data":"Seeing Red","floor":23.0,"key":"SMITH"},{"data":"Flex","floor":24.0,"key":"SMITH"},{"floor":32.0,"key":"REST"},{"floor":40.0,"key":"RECALL"},{"data":"Secret Technique","floor":44.0,"key":"SMITH"},{"floor":49.0,"key":"REST"},{"data":"Impervious","floor":52.0,"key":"SMITH"}],"neow_cost":"NONE","seed_source_timestamp":0,"circlet_count":0,"master_deck":["Strike_R+1","Defend_R","Defend_R","Defend_R","Bash+1","Dramatic Entrance","Flame Barrier+1","True Grit+1","Shrug It Off","Warcry+1","Limit Break+1","Disarm","Armaments+1","Impervious+1","Flex+1","Spot Weakness","Sword Boomerang","Heavy Blade","Metallicize","Battle Trance","Feel No Pain","Seeing Red+1","Headbutt","Limit Break","Sword Boomerang","Secret Technique+1","Shrug It Off+1","Exhume","Dark Embrace","Parasite","Reaper","Metallicize","Double Tap"],"special_seed":0,"relics":["Burning Blood","WingedGreaves","Boot","Orrery","Nloth\u0027s Gift","Smiling Mask","Meat on the Bone","Bag of Marbles","Busted Crown","Regal Pillow","PreservedInsect","Red Skull","Ornamental Fan"],"potions_floor_usage":[55],"damage_taken":[{"damage":0.0,"enemies":"2 Louse","floor":1.0,"turns":2.0},{"damage":5.0,"enemies":"Small Slimes","floor":4.0,"turns":3.0},{"damage":0.0,"enemies":"Jaw Worm","floor":5.0,"turns":3.0},{"damage":27.0,"enemies":"3 Sentries","floor":7.0,"turns":23.0},{"damage":30.0,"enemies":"Lagavulin","floor":11.0,"turns":7.0},{"damage":0.0,"enemies":"Lots of Slimes","floor":13.0,"turns":2.0},{"damage":4.0,"enemies":"3 Louse","floor":14.0,"turns":2.0},{"damage":14.0,"enemies":"Slime Boss","floor":16.0,"turns":7.0},{"damage":18.0,"enemies":"Chosen","floor":18.0,"turns":7.0},{"damage":8.0,"enemies":"Shell Parasite","floor":21.0,"turns":8.0},{"damage":8.0,"enemies":"Shelled Parasite and Fungi","floor":25.0,"turns":9.0},{"damage":18.0,"enemies":"Gremlin Leader","floor":27.0,"turns":7.0},{"damage":1.0,"enemies":"Cultist and Chosen","floor":29.0,"turns":3.0},{"damage":3.0,"enemies":"Centurion and Healer","floor":30.0,"turns":6.0},{"damage":1.0,"enemies":"Chosen and Byrds","floor":31.0,"turns":8.0},{"damage":72.0,"enemies":"Collector","floor":33.0,"turns":12.0},{"damage":7.0,"enemies":"Orb Walker","floor":35.0,"turns":4.0},{"damage":10.0,"enemies":"3 Darklings","floor":36.0,"turns":8.0},{"damage":18.0,"enemies":"Sphere and 2 Shapes","floor":37.0,"turns":6.0},{"damage":18.0,"enemies":"Writhing Mass","floor":38.0,"turns":9.0},{"damage":21.0,"enemies":"3 Darklings","floor":41.0,"turns":7.0},{"damage":10.0,"enemies":"Spire Growth","floor":42.0,"turns":6.0},{"damage":18.0,"enemies":"Transient","floor":45.0,"turns":5.0},{"damage":29.0,"enemies":"Nemesis","floor":46.0,"turns":11.0},{"damage":28.0,"enemies":"Jaw Worm Horde","floor":48.0,"turns":8.0},{"damage":87.0,"enemies":"Time Eater","floor":50.0,"turns":13.0},{"damage":68,"enemies":"Shield and Spear","floor":54,"turns":5},{"damage":57,"enemies":"The Heart","floor":55,"turns":2}],"seed_played":"-6138722513582344028","potions_obtained":[{"floor":1.0,"key":"PowerPotion"},{"floor":4.0,"key":"GamblersBrew"},{"floor":13.0,"key":"Strength Potion"},{"floor":14.0,"key":"Weak Potion"},{"floor":25.0,"key":"LiquidBronze"},{"floor":29.0,"key":"Strength Potion"},{"floor":30.0,"key":"Explosive Potion"},{"floor":31.0,"key":"SpeedPotion"},{"floor":35.0,"key":"Explosive Potion"},{"floor":36.0,"key":"Energy Potion"},{"floor":41.0,"key":"Regen Potion"},{"floor":42.0,"key":"FearPotion"},{"floor":45.0,"key":"SkillPotion"},{"floor":54,"key":"GamblersBrew"}],"is_trial":false,"path_per_floor":["M","?","?","M","M","R","E","R","T","R","E","R","M","M","R","B",null,"M","$","?","M","?","R","R","M","T","E","$","M","M","M","R","B",null,"M","M","M","M","$","R","M","M","T","R","M","E","$","M","R","B",null,"R","$","E","B"],"character_chosen":"IRONCLAD","items_purchased":["Feel No Pain","Anchor","Seeing Red","Secret Technique","Bag of Marbles","Regal Pillow","Metallicize"],"campfire_rested":2,"item_purchase_floors":[19,19,19,28,28,39,47],"current_hp_per_floor":[80,64,64,65,71,71,50,50,50,50,26,26,32,34,34,26,80,68,68,68,66,34,34,34,32,32,20,20,37,52,57,80,26,80,79,75,63,51,51,51,48,56,56,56,56,45,45,50,80,26,80,80,80,30,0],"gold":36,"neow_bonus":"RANDOM_COLORLESS","is_prod":false,"is_daily":false,"chose_seed":false,"campfire_upgraded":9,"win_rate":0,"timestamp":1548779637,"path_taken":["M","?","?","M","M","R","E","R","T","R","E","R","M","M","R","BOSS","M","$","?","?","?","R","R","M","T","E","$","M","M","M","R","BOSS","M","M","?","M","$","R","M","M","T","R","M","E","$","M","R","BOSS","R","$","E","BOSS"],"build_version":"2019-01-23","purchased_purges":5,"victory":false,"max_hp_per_floor":[80,80,80,80,80,80,80,80,80,80,80,80,80,80,80,80,80,80,80,80,80,80,80,80,80,80,80,80,80,80,80,80,80,80,80,80,80,80,80,80,80,80,80,80,80,80,80,80,80,80,80,80,80,80,80],"card_choices":[{"not_picked":["Blood for Blood","Pommel Strike"],"picked":"Flame Barrier","floor":1.0},{"not_picked":["Second Wind","Armaments"],"picked":"True Grit","floor":4.0},{"not_picked":["Twin Strike","Heavy Blade"],"picked":"Shrug It Off","floor":5.0},{"not_picked":["Searing Blow","Havoc"],"picked":"Warcry","floor":7.0},{"not_picked":["Sword Boomerang","Sever Soul"],"picked":"Limit Break","floor":11.0},{"not_picked":["Power Through","Entrench"],"picked":"Disarm","floor":13.0},{"not_picked":["Sword Boomerang","Intimidate"],"picked":"Armaments","floor":14.0},{"not_picked":["Immolate","Offering"],"picked":"Impervious","floor":16.0},{"not_picked":["Havoc","Warcry"],"picked":"Flex","floor":17.0},{"not_picked":["Bloodletting","Perfected Strike"],"picked":"Spot Weakness","floor":17.0},{"not_picked":["True Grit","Blood for Blood"],"picked":"Sword Boomerang","floor":17.0},{"not_picked":["Clash","Exhume"],"picked":"Heavy Blade","floor":17.0},{"not_picked":["Rage","Armaments"],"picked":"Metallicize","floor":17.0},{"not_picked":["Combust","Sever Soul"],"picked":"Battle Trance","floor":18.0},{"not_picked":["Rampage","Hemokinesis"],"picked":"Headbutt","floor":21.0},{"not_picked":["Disarm+1","Cleave"],"picked":"Limit Break","floor":25.0},{"not_picked":["Clash","Twin Strike+1"],"picked":"Sword Boomerang","floor":27.0},{"not_picked":["Fire Breathing+1","Wild Strike","Dropkick"],"picked":"SKIP","floor":29.0},{"not_picked":["Iron Wave","Anger"],"picked":"Shrug It Off+1","floor":30.0},{"not_picked":["Sever Soul+1","Perfected Strike"],"picked":"Exhume","floor":31.0},{"not_picked":["Exhume","Bludgeon"],"picked":"Dark Embrace","floor":33.0},{"not_picked":["Dual Wield+1"],"picked":"SKIP","floor":35.0},{"not_picked":["Havoc"],"picked":"SKIP","floor":36.0},{"not_picked":["Headbutt"],"picked":"SKIP","floor":37.0},{"not_picked":["True Grit"],"picked":"SKIP","floor":38.0},{"not_picked":["Sword Boomerang+1"],"picked":"SKIP","floor":41.0},{"not_picked":["Pommel Strike"],"picked":"SKIP","floor":42.0},{"not_picked":["Wild Strike+1"],"picked":"SKIP","floor":45.0},{"not_picked":[],"picked":"Reaper","floor":46.0},{"not_picked":["Clothesline"],"picked":"SKIP","floor":48.0},{"not_picked":[],"picked":"Double Tap","floor":54}],"player_experience":175206,"relics_obtained":[{"floor":7.0,"key":"WingedGreaves"},{"floor":11.0,"key":"Boot"},{"floor":26.0,"key":"Smiling Mask"},{"floor":27.0,"key":"Meat on the Bone"},{"floor":43.0,"key":"PreservedInsect"},{"floor":46.0,"key":"Red Skull"},{"floor":54,"key":"Ornamental Fan"}],"event_choices":[{"damage_healed":0.0,"max_hp_gain":0.0,"max_hp_loss":0.0,"gold_gain":0.0,"event_name":"Shining Light","player_choice":"Entered Light","floor":2.0,"gold_loss":0.0,"damage_taken":16.0,"cards_upgraded":["Flame Barrier","Strike_R"]},{"damage_healed":0.0,"max_hp_gain":0.0,"max_hp_loss":0.0,"gold_gain":0.0,"event_name":"Liars Game","player_choice":"Ignored","floor":3.0,"gold_loss":0.0,"damage_taken":0.0},{"damage_healed":0.0,"max_hp_gain":0.0,"max_hp_loss":0.0,"gold_gain":0.0,"event_name":"N\u0027loth","player_choice":"Traded Relic","floor":20.0,"relics_lost":["Anchor"],"gold_loss":0.0,"damage_taken":0.0,"relics_obtained":["Nloth\u0027s Gift"]},{"damage_healed":0.0,"max_hp_gain":0.0,"max_hp_loss":0.0,"gold_gain":270.0,"event_name":"Knowing Skull","player_choice":"GOLD GOLD GOLD ","floor":22.0,"potions_obtained":[],"gold_loss":0.0,"damage_taken":32.0,"cards_obtained":[]}],"is_beta":false,"boss_relics":[{"not_picked":["Snecko Eye","Black Blood"],"picked":"Orrery"},{"not_picked":["White Beast Statue","Fusion Hammer"],"picked":"Busted Crown"}],"items_purged_floors":[19,28,39,47,53],"is_endless":false,"potions_floor_spawned":[1,4,13,14,25,29,30,31,35,36,41,42,45,54],"killed_by":"The Heart","ascension_level":0}