{"path_per_floor":["M","?","$","?","M","E","R","M","T","R","M","$","E","M","R","B",null,"M","M","$","M","$","R","E","M","T","?","M","?","M","$","R","B",null,"M","?","?","M","M","R"],"character_chosen":"IRONCLAD","items_purchased":["Apotheosis"],"gold_per_floor":[117,217,12,12,26,61,61,74,143,143,157,82,112,125,125,229,229,249,262,162,180,55,55,90,102,154,154,169,169,180,30,30,132,132,144,144,144,160,174,174],"floor_reached":41,"campfire_rested":1,"playtime":2036,"current_hp_per_floor":[75,75,75,89,92,59,59,57,57,57,47,47,44,49,49,20,94,94,77,77,72,72,72,52,50,50,50,17,17,14,14,57,22,94,81,81,94,94,77,83],"items_purged":["Regret","Strike_R","Strike_R","Strike_R"],"gold":174,"score":438,"play_id":"7aa797f4-d46f-4a23-9bdc-a9169a794847","is_prod":false,"is_daily":false,"is_ascension_mode":true,"campfire_upgraded":5,"path_taken":["M","?","?","?","M","E","R","M","T","R","M","$","E","M","R","BOSS","M","M","$","M","$","R","E","M","T","?","M","?","?","?","R","BOSS","M","?","?","?","M","R","E"],"build_version":"2018-02-15-PROD1","purchased_purges":4,"victory":false,"master_deck":["Strike_R","Strike_R","Defend_R","Defend_R","Defend_R","Defend_R","Bash","Impervious","Apotheosis+1","Shrug It Off+1","Impervious","Body Slam+1","Uppercut+1","Juggernaut+1","Body Slam","Dual Wield+1","Impervious","Writhe"],"max_hp_per_floor":[80,80,80,94,94,94,94,94,94,94,94,94,94,94,94,94,94,94,94,94,94,94,94,94,94,94,94,94,94,94,94,94,94,94,94,94,94,94,94,94],"relics":["Burning Blood","Mango","Torii","Blue Candle","Frozen Egg 2","Velvet Choker","Orichalcum","Regal Pillow","Eternal Feather"],"card_choices":[{"not_picked":["True Grit","Sentinel"],"picked":"Shrug It Off"},{"not_picked":["Thunderclap","Sword Boomerang"],"picked":"Impervious"},{"not_picked":["Pommel Strike","Sever Soul"],"picked":"Body Slam"},{"not_picked":["Perfected Strike","Iron Wave"],"picked":"Uppercut"},{"not_picked":["Reaper","Immolate"],"picked":"Juggernaut"},{"not_picked":["Intimidate","Heavy Blade"],"picked":"Body Slam"},{"not_picked":["Pommel Strike","Bloodletting"],"picked":"Dual Wield"}],"player_experience":108208,"potions_floor_usage":[6,25,30,33,41],"damage_taken":[{"damage":11,"enemies":"Jaw Worm","floor":1,"turns":4},{"damage":3,"enemies":"Cultist","floor":5,"turns":4},{"damage":54,"enemies":"3 Sentries","floor":6,"turns":12},{"damage":8,"enemies":"Small Slimes","floor":8,"turns":6},{"damage":16,"enemies":"Exordium Thugs","floor":11,"turns":5},{"damage":9,"enemies":"Lagavulin","floor":13,"turns":8},{"damage":1,"enemies":"2 Fungi Beasts","floor":14,"turns":4},{"damage":35,"enemies":"The Guardian","floor":16,"turns":10},{"damage":0,"enemies":"Chosen","floor":18,"turns":2},{"damage":23,"enemies":"3 Byrds","floor":19,"turns":5},{"damage":11,"enemies":"Centurion and Healer","floor":21,"turns":5},{"damage":26,"enemies":"Gremlin Leader","floor":24,"turns":6},{"damage":23,"enemies":"Sentry and Sphere","floor":25,"turns":7},{"damage":39,"enemies":"3 Cultists","floor":28,"turns":6},{"damage":9,"enemies":"Slaver and Parasite","floor":30,"turns":5},{"damage":41,"enemies":"Automaton","floor":33,"turns":8},{"damage":19,"enemies":"3 Shapes","floor":35,"turns":7},{"damage":0,"enemies":"Orb Walker","floor":38,"turns":3},{"damage":23,"enemies":"Maw","floor":39,"turns":8},{"damage":97,"enemies":"Giant Head","floor":41,"turns":9}],"event_choices":[{"event_name":"Golden Shrine","player_choice":"Pray","floor":2,"damage_taken":0},{"event_name":"Big Fish","player_choice":"Box","floor":4,"damage_taken":0},{"event_name":"Drug Dealer","player_choice":"Ignored","floor":27,"damage_taken":0},{"event_name":"Cursed Tome","player_choice":"Ignored","floor":29,"damage_taken":0},{"event_name":"Duplicator","player_choice":"One dupe","floor":36,"damage_taken":0},{"event_name":"Winding Halls","player_choice":"Writhe","floor":37,"damage_taken":0}],"boss_relics":[{"not_picked":["Snecko Eye","Orrery"],"picked":"Velvet Choker"},{"not_picked":["White Beast Statue","Mark of Pain"],"picked":"Eternal Feather"}],"potions_floor_spawned":[5,11,14,16,21,25,33,38],"seed_played":"4231502829419755677","killed_by":"Giant Head","ascension_level":2,"is_trial":false}