{"gold_per_floor":[113,130,146,54,54,80,80,109,136,165,138,149,5,5,5,84,84,104,29,27,37,37,37,54,54,54,67,67,78,94,94,94,167,167,187,0,0,19,19],"floor_reached":39,"playtime":1605,"items_purged":["Perfected Strike+1","Strike_R"],"score":688,"play_id":"a40915df-e43e-47c1-9353-df6b03be3490","local_time":"20180710230028","is_ascension_mode":true,"campfire_choices":[{"floor":7,"key":"REST"},{"floor":15,"key":"REST"},{"floor":23,"key":"REST"},{"floor":25,"key":"REST"},{"floor":28,"key":"REST"},{"floor":32,"key":"REST"}],"neow_cost":"NONE","seed_source_timestamp":190391993372997,"circlet_count":0,"master_deck":["Strike_R+1","Strike_R","Defend_R","Defend_R","Defend_R","Bash","AscendersBane","Shockwave","Shrug It Off","Iron Wave+1","Sword Boomerang","Demon Form+1","Dropkick","Shrug It Off","Panacea","Twin Strike","Heavy Blade","Anger","Berserk","Whirlwind+1","Metallicize","Offering","Rage+1","Reckless Charge+1","Feel No Pain","Headbutt","Rampage+1","Necronomicurse","Seeing Red","Reaper","Rage+1","Metallicize","True Grit","Shrug It Off"],"relics":["Orrery","Happy Flower","Whetstone","Bag of Marbles","Odd Mushroom","Astrolabe","Necronomicon","Singing Bowl","Runic Dome","Ginger"],"potions_floor_usage":[12,20,24,33,39],"damage_taken":[{"damage":8,"enemies":"Small Slimes","floor":1,"turns":4},{"damage":6,"enemies":"Cultist","floor":2,"turns":4},{"damage":6,"enemies":"2 Louse","floor":3,"turns":3},{"damage":12,"enemies":"Lagavulin","floor":6,"turns":6},{"damage":24,"enemies":"Gremlin Nob","floor":8,"turns":5},{"damage":0,"floor":10,"turns":4},{"damage":17,"enemies":"Exordium Thugs","floor":11,"turns":5},{"damage":5,"enemies":"Blue Slaver","floor":12,"turns":3},{"damage":14,"enemies":"Hexaghost","floor":16,"turns":6},{"damage":0,"enemies":"3 Byrds","floor":18,"turns":3},{"damage":33,"enemies":"2 Thieves","floor":20,"turns":5},{"damage":4,"enemies":"Centurion and Healer","floor":21,"turns":5},{"damage":19,"enemies":"Slaver and Parasite","floor":24,"turns":5},{"damage":11,"enemies":"Cultist and Chosen","floor":27,"turns":5},{"damage":2,"enemies":"Chosen and Byrds","floor":29,"turns":3},{"damage":12,"enemies":"Snecko","floor":30,"turns":5},{"damage":40,"enemies":"Collector","floor":33,"turns":8},{"damage":36,"enemies":"3 Darklings","floor":35,"turns":3},{"damage":0,"floor":37,"turns":5},{"damage":32,"enemies":"Orb Walker","floor":38,"turns":4},{"damage":61,"enemies":"Transient","floor":39,"turns":5}],"seed_played":"7023272450930588553","potions_obtained":[{"floor":1,"key":"Ancient Potion"},{"floor":6,"key":"EssenceOfSteel"},{"floor":11,"key":"Fire Potion"},{"floor":12,"key":"BloodPotion"},{"floor":27,"key":"SkillPotion"},{"floor":30,"key":"GamblersBrew"},{"floor":33,"key":"SteroidPotion"}],"is_trial":false,"path_per_floor":["M","M","M","$","?","E","R","E","T","?","M","M","$","?","R","B",null,"M","$","M","M","?","R","M","R","T","M","R","M","M","?","R","B",null,"M","$","?","M"],"character_chosen":"IRONCLAD","items_purchased":["Panacea","Whirlwind","Metallicize","Metallicize","True Grit"],"campfire_rested":6,"item_purchase_floors":[4,13,13,36,36],"current_hp_per_floor":[60,54,48,48,48,36,58,34,34,34,17,12,12,12,34,20,61,61,61,35,31,10,32,13,35,35,26,49,49,39,39,63,23,67,45,45,55,25,0],"gold":19,"neow_bonus":"BOSS_RELIC","is_prod":false,"is_daily":false,"chose_seed":false,"campfire_upgraded":0,"win_rate":0,"timestamp":1531288828,"path_taken":["M","M","M","$","?","E","R","E","T","?","M","M","$","?","R","BOSS","M","$","?","M","?","R","M","R","T","M","R","M","M","?","R","BOSS","M","$","?","M","M"],"build_version":"2018-07-09","purchased_purges":2,"victory":false,"max_hp_per_floor":[75,75,75,75,75,75,75,75,75,75,75,75,75,75,75,75,75,75,75,75,75,75,75,75,75,75,77,77,79,81,81,81,81,81,81,81,81,83,83],"card_choices":[{"not_picked":["Entrench","Havoc"],"picked":"Shockwave","floor":0},{"not_picked":["Twin Strike","Pummel"],"picked":"Shrug It Off","floor":0},{"not_picked":["Corruption","Warcry"],"picked":"Iron Wave","floor":0},{"not_picked":["Entrench","Havoc"],"picked":"Sword Boomerang","floor":0},{"not_picked":["Thunderclap","Entrench"],"picked":"Demon Form","floor":1},{"not_picked":["Rupture","Sword Boomerang"],"picked":"Dropkick","floor":2},{"not_picked":["Thunderclap","Sever Soul"],"picked":"Shrug It Off","floor":3},{"not_picked":["Clothesline","Havoc"],"picked":"Twin Strike","floor":6},{"not_picked":["Cleave","Headbutt"],"picked":"Heavy Blade","floor":8},{"not_picked":["Inflame","Sword Boomerang"],"picked":"Anger","floor":10},{"not_picked":["Pommel Strike","Heavy Blade"],"picked":"Berserk","floor":11},{"not_picked":["Impervious","Exhume"],"picked":"Offering","floor":16},{"not_picked":["Twin Strike","Body Slam"],"picked":"Feel No Pain","floor":18},{"not_picked":["Thunderclap","Body Slam"],"picked":"Headbutt","floor":20},{"not_picked":["Perfected Strike","Clothesline"],"picked":"Rampage+1","floor":21},{"not_picked":["Wild Strike","Body Slam"],"picked":"Seeing Red","floor":24},{"not_picked":["Rage","Power Through","Thunderclap"],"picked":"Singing Bowl","floor":27},{"not_picked":["Hemokinesis","Whirlwind","Bludgeon"],"picked":"Singing Bowl","floor":29},{"not_picked":["Rage","Shockwave","Headbutt"],"picked":"Singing Bowl","floor":30},{"not_picked":["Brutality","Bludgeon"],"picked":"Reaper","floor":33},{"not_picked":["Dual Wield+1","Intimidate"],"picked":"Rage+1","floor":35},{"not_picked":["Flex","Wild Strike"],"picked":"Shrug It Off","floor":37},{"not_picked":["Carnage","Entrench","Thunderclap"],"picked":"Singing Bowl","floor":38}],"player_experience":572363,"relics_obtained":[{"floor":6,"key":"Happy Flower"},{"floor":8,"key":"Whetstone"},{"floor":9,"key":"Bag of Marbles"},{"floor":10,"key":"Odd Mushroom"},{"floor":22,"key":"Necronomicon"},{"floor":26,"key":"Singing Bowl"},{"floor":37,"key":"Ginger"}],"event_choices":[{"event_name":"Accursed Blacksmith","player_choice":"Forge","floor":5,"damage_taken":0},{"event_name":"Mushrooms","player_choice":"Fought Mushrooms","floor":10,"damage_taken":0},{"event_name":"Living Wall","player_choice":"Grow","floor":14,"damage_taken":0},{"event_name":"Cursed Tome","player_choice":"Obtained Book","floor":22,"damage_taken":0},{"event_name":"Drug Dealer","player_choice":"Ignored","floor":31,"damage_taken":0},{"event_name":"MindBloom","player_choice":"Fight","floor":37,"damage_taken":0}],"boss_relics":[{"not_picked":["Eternal Feather","Calling Bell"],"picked":"Astrolabe"},{"not_picked":["Fusion Hammer","White Beast Statue"],"picked":"Runic Dome"}],"items_purged_floors":[19,36],"is_endless":false,"potions_floor_spawned":[1,6,8,11,12,16,27,30,33,37],"killed_by":"Transient","ascension_level":15}