{"gold_per_floor":[115,115,115,126,144,172,247,247,328,328,348,366,366,366,366,438,438,419,76,89,89,89,114,114,114],"floor_reached":25,"playtime":1106,"items_purged":[],"score":457,"play_id":"003d22b9-8040-48aa-b2ee-b55c15fbd870","local_time":"20180830232042","is_ascension_mode":true,"campfire_choices":[{"floor":8,"key":"REST"},{"data":"Zap","floor":10,"key":"SMITH"},{"data":"Buffer","floor":13,"key":"SMITH"},{"data":"Buffer","floor":15,"key":"SMITH"}],"neow_cost":"","seed_source_timestamp":16620953633837,"circlet_count":0,"master_deck":["Strike_B","Strike_B","Strike_B","Defend_B","Defend_B","Defend_B","Defend_B","Zap+1","Dualcast","AscendersBane","Sweeping Beam","Sweeping Beam","Leap","Buffer+1","Go for the Eyes","Buffer+1","Echo Form","Glacier+1","Capacitor","Defragment","Buffer+1","Hologram"],"relics":["Cracked Core","Juzu Bracelet","Question Card","Eternal Feather","Thread and Needle","Bronze Scales"],"potions_floor_usage":[6,16,23,23],"damage_taken":[{"damage":5,"enemies":"2 Louse","floor":1,"turns":3},{"damage":9,"enemies":"Jaw Worm","floor":4,"turns":4},{"damage":6,"enemies":"Cultist","floor":5,"turns":3},{"damage":34,"enemies":"Lagavulin","floor":6,"turns":10},{"damage":7,"enemies":"Looter","floor":11,"turns":3},{"damage":1,"enemies":"2 Fungi Beasts","floor":12,"turns":3},{"damage":0,"enemies":"Slime Boss","floor":16,"turns":12},{"damage":17,"enemies":"2 Thieves","floor":18,"turns":5},{"damage":1,"enemies":"Chosen","floor":20,"turns":8},{"damage":28,"enemies":"Slavers","floor":23,"turns":7},{"damage":30,"enemies":"Book of Stabbing","floor":25,"turns":7}],"seed_played":"-5719654266530572333","potions_obtained":[{"floor":4,"key":"Weak Potion"},{"floor":6,"key":"Dexterity Potion"},{"floor":16,"key":"Ancient Potion"},{"floor":18,"key":"LiquidBronze"},{"floor":20,"key":"Block Potion"}],"is_trial":false,"path_per_floor":["M","?","?","M","M","E","?","R","T","R","M","M","R","?","R","B",null,"M","$","M","?","?","E","?"],"character_chosen":"DEFECT","items_purchased":["Thread and Needle","Capacitor"],"campfire_rested":1,"item_purchase_floors":[19,19],"current_hp_per_floor":[59,64,76,67,61,27,16,38,38,38,31,30,30,23,23,23,63,46,46,45,70,70,42,28,0],"gold":114,"neow_bonus":"","is_prod":false,"is_daily":false,"chose_seed":false,"campfire_upgraded":3,"win_rate":0,"timestamp":1535664042,"path_taken":["M","?","?","M","M","E","?","R","T","R","M","M","R","?","R","BOSS","M","$","M","?","?","E","?","E"],"build_version":"2018-08-23v2","purchased_purges":0,"victory":false,"max_hp_per_floor":[71,76,76,76,76,76,76,76,76,76,76,76,76,76,76,76,76,76,76,76,76,76,76,81,81],"card_choices":[{"not_picked":["Leap","Coolheaded"],"picked":"Sweeping Beam","floor":1},{"not_picked":["Stack","Rebound"],"picked":"Sweeping Beam","floor":4},{"not_picked":["Recycle","Auto Shields"],"picked":"Leap","floor":5},{"not_picked":["Steam","Barrage"],"picked":"Buffer","floor":6},{"not_picked":["Hologram","Blizzard","Beam Cell"],"picked":"Go for the Eyes","floor":11},{"not_picked":["Consume","Gash","Ball Lightning"],"picked":"Buffer","floor":12},{"not_picked":["Reboot","Amplify","Buffer"],"picked":"Echo Form","floor":16},{"not_picked":["Stack+1","Storm","Redo+1"],"picked":"Glacier+1","floor":18},{"not_picked":["Ball Lightning","Conserve Battery","Stack"],"picked":"Defragment","floor":20},{"not_picked":["Turbo","Barrage","Leap"],"picked":"Hologram","floor":23}],"player_experience":863062,"relics_obtained":[{"floor":6,"key":"Juzu Bracelet"},{"floor":9,"key":"Question Card"},{"floor":23,"key":"Bronze Scales"}],"event_choices":[{"event_name":"Big Fish","player_choice":"Donut","floor":2,"damage_taken":0},{"event_name":"Wheel of Change","player_choice":"Full Heal","floor":3,"damage_taken":0},{"event_name":"World of Goop","player_choice":"Gather Gold","floor":7,"damage_taken":0},{"event_name":"Golden Wing","player_choice":"Card Removal","floor":14,"damage_taken":0},{"event_name":"The Library","player_choice":"Heal","floor":21,"damage_taken":0},{"event_name":"Duplicator","player_choice":"One dupe","floor":22,"damage_taken":0},{"event_name":"Forgotten Altar","player_choice":"Shed Blood","floor":24,"damage_taken":0}],"is_beta":false,"boss_relics":[{"not_picked":["White Beast Statue","Fusion Hammer"],"picked":"Eternal Feather"}],"items_purged_floors":[],"is_endless":false,"potions_floor_spawned":[4,6,16,18,20],"killed_by":"Book of Stabbing","ascension_level":14}