{"gold_per_floor":[112,112,124,134,148,148,180,180,180,180,194,213,230,34,34,134,134,134,59,59,59,59,59,59,59,59,59,59,59,59,59,59,59,59,59,59,59,59,59,59,59],"floor_reached":41,"playtime":8687,"items_purged":[],"score":421,"play_id":"a6900cb0-42bb-48e9-ae7b-f1ae4baa4cf7","local_time":"20190128232818","is_ascension_mode":false,"campfire_choices":[{"data":"Glass Knife","floor":6,"key":"SMITH"},{"floor":8,"key":"REST"},{"data":"Envenom","floor":10,"key":"SMITH"},{"data":"Dodge and Roll","floor":15,"key":"SMITH"},{"floor":23,"key":"REST"},{"data":"After Image","floor":25,"key":"SMITH"},{"data":"Footwork","floor":32,"key":"SMITH"},{"floor":40,"key":"REST"}],"neow_cost":"NONE","seed_source_timestamp":182961687246500,"circlet_count":0,"master_deck":["Defend_G","Defend_G","Defend_G","Defend_G","Defend_G","Strike_G","Strike_G","Strike_G","Strike_G","Survivor","Neutralize","Sucker Punch+1","Leg Sweep","Glass Knife+1","Envenom+1","Skewer","Footwork+1","Deflect","Dodge and Roll+1","After Image+1","Caltrops+1","Calculated Gamble","Backflip+1","Leg Sweep","Well Laid Plans","Noxious Fumes","Bullet Time","Quick Slash","Acrobatics+1","Quick Slash+1","Decay","Escape Plan+1"],"relics":["Ring of the Snake","Dream Catcher","Lantern","Orichalcum","Ectoplasm","Singing Bowl","Kunai","HoveringKite"],"potions_floor_usage":[5,12,13,16,28,33,37,41],"damage_taken":[{"damage":2,"enemies":"Jaw Worm","floor":1,"turns":5},{"damage":1,"enemies":"Cultist","floor":3,"turns":5},{"damage":0,"enemies":"Small Slimes","floor":4,"turns":2},{"damage":13,"enemies":"Exordium Wildlife","floor":5,"turns":11},{"damage":19,"enemies":"Lagavulin","floor":7,"turns":8},{"damage":3,"enemies":"Exordium Thugs","floor":11,"turns":4},{"damage":0,"enemies":"2 Fungi Beasts","floor":12,"turns":2},{"damage":0,"enemies":"3 Louse","floor":13,"turns":2},{"damage":10,"enemies":"Hexaghost","floor":16,"turns":15},{"damage":0,"enemies":"Shell Parasite","floor":18,"turns":7},{"damage":0,"enemies":"2 Thieves","floor":19,"turns":5},{"damage":7,"enemies":"Snake Plant","floor":21,"turns":4},{"damage":26,"enemies":"Cultist and Chosen","floor":22,"turns":8},{"damage":0,"enemies":"Snecko","floor":24,"turns":7},{"damage":12,"enemies":"Gremlin Leader","floor":28,"turns":10},{"damage":2,"enemies":"Centurion and Healer","floor":29,"turns":6},{"damage":13,"enemies":"Shelled Parasite and Fungi","floor":30,"turns":6},{"damage":8,"enemies":"Champ","floor":33,"turns":16},{"damage":1,"enemies":"Orb Walker","floor":35,"turns":7},{"damage":34,"enemies":"3 Shapes","floor":36,"turns":5},{"damage":5,"enemies":"Jaw Worm Horde","floor":37,"turns":7},{"damage":24,"enemies":"Sphere and 2 Shapes","floor":38,"turns":9},{"damage":50,"enemies":"Nemesis","floor":41,"turns":9}],"seed_played":"2454987883143996936","potions_obtained":[{"floor":1,"key":"GamblersBrew"},{"floor":5,"key":"Explosive Potion"},{"floor":7,"key":"Poison Potion"},{"floor":11,"key":"EssenceOfSteel"},{"floor":22,"key":"SpeedPotion"},{"floor":29,"key":"Block Potion"},{"floor":30,"key":"Regen Potion"},{"floor":38,"key":"Strength Potion"}],"is_trial":false,"path_per_floor":["M","?","M","M","M","R","E","R","T","R","M","M","M","$","R","B",null,"M","M","?","M","M","R","M","R","T","$","E","M","M","?","R","B",null,"M","M","M","M","?","R","E"],"character_chosen":"THE_SILENT","items_purchased":["Orichalcum","Dodge and Roll"],"campfire_rested":3,"item_purchase_floors":[14,14],"current_hp_per_floor":[75,75,74,74,61,61,42,65,65,65,62,62,62,62,62,52,77,77,77,77,70,44,67,67,67,67,67,57,55,44,71,71,73,81,80,46,41,19,19,43,0],"gold":59,"neow_bonus":"TEN_PERCENT_HP_BONUS","is_prod":false,"is_daily":false,"chose_seed":false,"campfire_upgraded":5,"win_rate":0.0,"timestamp":1548736098,"path_taken":["M","?","M","M","M","R","E","R","T","R","M","M","M","$","R","BOSS","M","M","?","?","?","R","M","R","T","$","E","M","M","?","R","BOSS","M","M","M","M","?","R","E"],"build_version":"2019-01-23","purchased_purges":0,"victory":false,"max_hp_per_floor":[77,77,77,77,77,77,77,77,77,77,77,77,77,77,77,77,77,77,77,77,77,77,77,77,77,77,77,79,79,81,81,81,81,81,81,81,81,83,83,83,83],"card_choices":[{"not_picked":["Tactician","Quick Slash"],"picked":"Sucker Punch","floor":1},{"not_picked":["Backflip","Deadly Poison"],"picked":"Leg Sweep","floor":3},{"not_picked":["Deadly Poison","Acrobatics","Prepared"],"picked":"SKIP","floor":4},{"not_picked":["Dagger Spray","Underhanded Strike"],"picked":"Glass Knife","floor":5},{"not_picked":["Deadly Poison","Bane"],"picked":"Envenom","floor":7},{"not_picked":["Flying Knee","Blade Dance"],"picked":"Skewer","floor":8},{"not_picked":["Deadly Poison","Cloak And Dagger"],"picked":"Footwork","floor":11},{"not_picked":["Bullet Time","Deadly Poison","Flying Knee"],"picked":"SKIP","floor":12},{"not_picked":["Prepared","Sucker Punch"],"picked":"Deflect","floor":13},{"not_picked":["Burst","Wraith Form v2"],"picked":"After Image","floor":16},{"not_picked":["Deflect","Poisoned Stab","Catalyst"],"picked":"SKIP","floor":18},{"not_picked":["Acrobatics","Escape Plan"],"picked":"Caltrops+1","floor":19},{"not_picked":["Reflex","Eviscerate","Blade Dance"],"picked":"SKIP","floor":21},{"not_picked":["Expertise","Underhanded Strike+1"],"picked":"Backflip+1","floor":22},{"not_picked":["Heel Hook","Poisoned Stab+1"],"picked":"Leg Sweep","floor":23},{"not_picked":["Acrobatics","Cloak And Dagger"],"picked":"Well Laid Plans","floor":24},{"not_picked":["Choke","Doppelganger","Prepared"],"picked":"Singing Bowl","floor":28},{"not_picked":["Deadly Poison","Expertise+1"],"picked":"Noxious Fumes","floor":29},{"not_picked":["Tactician","Dagger Throw+1","Prepared"],"picked":"Singing Bowl","floor":30},{"not_picked":["Adrenaline","Phantasmal Killer"],"picked":"Bullet Time","floor":33},{"not_picked":["Dagger Spray+1","PiercingWail"],"picked":"Quick Slash","floor":35},{"not_picked":["PiercingWail","Bane"],"picked":"Acrobatics+1","floor":36},{"not_picked":["Crippling Poison+1","Adrenaline"],"picked":"Quick Slash+1","floor":37},{"not_picked":["Dagger Spray","Flying Knee","Distraction+1"],"picked":"Singing Bowl","floor":38},{"not_picked":["Poisoned Stab+1","Endless Agony"],"picked":"Escape Plan+1","floor":40}],"player_experience":146140,"relics_obtained":[{"floor":7,"key":"Dream Catcher"},{"floor":9,"key":"Lantern"},{"floor":26,"key":"Singing Bowl"},{"floor":28,"key":"Kunai"}],"event_choices":[{"damage_healed":0,"gold_gain":0,"player_choice":"Forge","damage_taken":0,"max_hp_gain":0,"max_hp_loss":0,"event_name":"Accursed Blacksmith","floor":2,"gold_loss":0,"cards_upgraded":["Sucker Punch"]},{"damage_healed":0,"gold_gain":0,"cards_transformed":["Strike_G"],"player_choice":"Transformed","damage_taken":0,"max_hp_gain":0,"max_hp_loss":0,"event_name":"Transmorgrifier","floor":20,"gold_loss":0,"cards_obtained":["Calculated Gamble"]},{"damage_healed":27,"gold_gain":0,"player_choice":"Heal","damage_taken":0,"max_hp_gain":0,"max_hp_loss":0,"event_name":"The Library","floor":31,"gold_loss":0},{"damage_healed":0,"gold_gain":0,"player_choice":"Cursed","damage_taken":0,"max_hp_gain":0,"max_hp_loss":0,"event_name":"Wheel of Change","floor":39,"gold_loss":0,"cards_obtained":["Decay"]}],"is_beta":false,"boss_relics":[{"not_picked":["Eternal Feather","WristBlade"],"picked":"Ectoplasm"},{"not_picked":["Philosopher\u0027s Stone","Tiny House"],"picked":"HoveringKite"}],"items_purged_floors":[],"is_endless":false,"potions_floor_spawned":[1,5,7,11,22,29,30,38],"killed_by":"Nemesis","ascension_level":0}