{"gold_per_floor":[118,88,46,63,74,74,104,128,140,152,226,250,291,303,315,327],"floor_reached":16,"playtime":2206,"items_purged":[],"score":220,"play_id":"4d5539c4-520d-4b29-a46b-f83d5922b2c0","local_time":"20181104145241","is_ascension_mode":true,"campfire_choices":[{"data":"Malaise","floor":6.0,"key":"SMITH"},{"data":"Footwork","floor":10.0,"key":"SMITH"},{"floor":15,"key":"REST"}],"neow_cost":"NONE","seed_source_timestamp":23680772261242,"circlet_count":0,"master_deck":["AscendersBane","Defend_G","Defend_G","Defend_G","Defend_G","Defend_G","Strike_G","Strike_G","Strike_G","Strike_G","Strike_G","Survivor+1","Neutralize","Malaise+1","Footwork+1","Well Laid Plans","Escape Plan","Deadly Poison","Poisoned Stab","Footwork","Dagger Throw","Blade Dance+1"],"special_seed":0,"relics":["Ring of the Snake","MawBank","Gremlin Horn","Bottled Tornado","War Paint"],"potions_floor_usage":[13,13],"damage_taken":[{"damage":0.0,"enemies":"Jaw Worm","floor":1.0,"turns":5.0},{"damage":1.0,"enemies":"Cultist","floor":4.0,"turns":6.0},{"damage":0.0,"enemies":"2 Louse","floor":5.0,"turns":6.0},{"damage":8.0,"enemies":"Lagavulin","floor":7.0,"turns":9.0},{"damage":2.0,"enemies":"Exordium Wildlife","floor":8.0,"turns":3.0},{"damage":11.0,"enemies":"Lagavulin Event","floor":11.0,"turns":9.0},{"damage":12.0,"enemies":"3 Louse","floor":12.0,"turns":4.0},{"damage":22,"enemies":"Gremlin Nob","floor":13,"turns":4},{"damage":25,"enemies":"Hexaghost","floor":16,"turns":11}],"seed_played":"4897305557996094220","potions_obtained":[{"floor":1.0,"key":"SpeedPotion"},{"floor":2.0,"key":"Explosive Potion"},{"floor":2.0,"key":"Strength Potion"},{"floor":7.0,"key":"Explosive Potion"},{"floor":11.0,"key":"AttackPotion"}],"is_trial":false,"path_per_floor":["M","?","$","M","M","R","E","M","T","R","?","M","E","?","R","B"],"character_chosen":"THE_SILENT","items_purchased":["Well Laid Plans"],"campfire_rested":1,"item_purchase_floors":[3],"current_hp_per_floor":[59,59,59,58,58,58,50,48,48,48,37,25,3,3,22,0],"gold":327,"neow_bonus":"ONE_RANDOM_RARE_CARD","is_prod":false,"is_daily":false,"chose_seed":false,"campfire_upgraded":2,"win_rate":0,"timestamp":1541339561,"path_taken":["M","?","$","?","M","R","E","M","T","R","?","M","E","?","R","BOSS"],"build_version":"2018-11-01","purchased_purges":0,"victory":false,"max_hp_per_floor":[66,66,66,66,66,66,66,66,66,66,66,66,66,66,66,66],"card_choices":[{"not_picked":["Blur","Blade Dance"],"picked":"Footwork","floor":1.0},{"not_picked":["Underhanded Strike","Flechettes"],"picked":"Escape Plan","floor":4.0},{"not_picked":["Dagger Throw","Accuracy"],"picked":"Deadly Poison","floor":5.0},{"not_picked":["PiercingWail","Backflip"],"picked":"Poisoned Stab","floor":7.0},{"not_picked":["Leg Sweep","Bane"],"picked":"Footwork","floor":8.0},{"not_picked":["Reflex","Distraction"],"picked":"Dagger Throw","floor":11.0},{"not_picked":["Acrobatics","Dagger Throw","Expertise"],"picked":"SKIP","floor":12.0},{"not_picked":["Bane","Blur"],"picked":"Blade Dance","floor":13}],"player_experience":1742480,"relics_obtained":[{"floor":7.0,"key":"MawBank"},{"floor":9.0,"key":"Gremlin Horn"},{"floor":11.0,"key":"Bottled Tornado"},{"floor":13,"key":"War Paint"}],"event_choices":[{"damage_healed":0.0,"max_hp_gain":0.0,"max_hp_loss":0.0,"gold_gain":0.0,"event_name":"The Woman in Blue","player_choice":"Bought 2 Potions","floor":2.0,"gold_loss":0.0,"damage_taken":0.0},{"damage_healed":0.0,"max_hp_gain":0.0,"max_hp_loss":0.0,"gold_gain":0.0,"event_name":"Dead Adventurer","player_choice":"Searched \u00271\u0027 times","floor":11.0,"gold_loss":0.0,"damage_taken":0.0},{"damage_healed":0,"gold_gain":0,"player_choice":"Fled","damage_taken":0,"max_hp_gain":0,"max_hp_loss":0,"event_name":"Scrap Ooze","floor":14,"gold_loss":0}],"is_beta":false,"boss_relics":[],"items_purged_floors":[],"is_endless":false,"potions_floor_spawned":[1,7,11],"killed_by":"Hexaghost","ascension_level":20}