{"gold_per_floor":[119,131,73,73,85,85,85,85,85,103,2,35,35,35,35,35],"floor_reached":16,"playtime":431,"items_purged":["Shame"],"score":190,"play_id":"39aecbec-c3f6-42f0-8302-7d3ca44cc2a9","local_time":"20181206144129","is_ascension_mode":true,"campfire_choices":[{"data":"Entrench","floor":6.0,"key":"SMITH"},{"data":"True Grit","floor":13,"key":"SMITH"},{"data":"Shockwave","floor":15,"key":"SMITH"}],"neow_cost":"NONE","seed_source_timestamp":29885446589238,"circlet_count":0,"master_deck":["AscendersBane","Strike_R","Strike_R","Strike_R","Strike_R","Strike_R","Defend_R","Defend_R","Defend_R","Defend_R","Bash","Entrench+1","Body Slam","Armaments+1","Shockwave+1","Body Slam","True Grit+1","Cleave"],"special_seed":0,"relics":["Cursed Key","Golden Idol","The Courier","Mummified Hand"],"potions_floor_usage":[12,14],"damage_taken":[{"damage":11.0,"enemies":"2 Louse","floor":1.0,"turns":3.0},{"damage":6.0,"enemies":"Cultist","floor":2.0,"turns":4.0},{"damage":1.0,"enemies":"Small Slimes","floor":5.0,"turns":5.0},{"damage":6.0,"enemies":"3 Louse","floor":10.0,"turns":4.0},{"damage":20,"enemies":"3 Sentries","floor":12,"turns":8},{"damage":0,"enemies":"Large Slime","floor":14,"turns":1},{"damage":0,"enemies":"The Guardian","floor":16,"turns":2}],"seed_played":"1694654305718519913","potions_obtained":[{"floor":1.0,"key":"SmokeBomb"},{"floor":10.0,"key":"SteroidPotion"}],"is_trial":false,"path_per_floor":["M","M","$","?","M","R","$","?","T","M","$","E","R","M","R","B"],"character_chosen":"IRONCLAD","items_purchased":["Armaments","True Grit"],"campfire_rested":0,"item_purchase_floors":[3,11],"current_hp_per_floor":[57,51,51,51,50,50,50,50,50,44,44,24,24,24,24,24],"gold":35,"neow_bonus":"BOSS_RELIC","is_prod":false,"is_daily":false,"chose_seed":false,"campfire_upgraded":3,"win_rate":0,"timestamp":1544136089,"path_taken":["M","M","$","?","M","R","?","?","T","M","$","E","R","M","R","BOSS"],"build_version":"2018-12-05","purchased_purges":1,"victory":false,"max_hp_per_floor":[75,75,75,75,75,75,75,68,68,68,68,68,68,68,68,68],"card_choices":[{"not_picked":["Sword Boomerang","Havoc"],"picked":"Entrench","floor":1.0},{"not_picked":["Flex","True Grit"],"picked":"Body Slam","floor":2.0},{"not_picked":["Sever Soul","Pommel Strike"],"picked":"Shockwave","floor":5.0},{"not_picked":["Clash","Cleave"],"picked":"Body Slam","floor":10.0},{"not_picked":["Hemokinesis","Flex"],"picked":"Cleave","floor":12}],"player_experience":969144,"relics_obtained":[{"floor":9.0,"key":"The Courier"},{"floor":12,"key":"Mummified Hand"}],"event_choices":[{"damage_healed":0.0,"max_hp_gain":0.0,"max_hp_loss":0.0,"gold_gain":0.0,"event_name":"Upgrade Shrine","player_choice":"Upgraded","floor":4.0,"gold_loss":0.0,"damage_taken":0.0,"cards_upgraded":["Armaments"]},{"damage_healed":0.0,"max_hp_gain":0.0,"max_hp_loss":7.0,"gold_gain":0.0,"event_name":"Golden Idol","player_choice":"Lose Max HP","floor":8.0,"gold_loss":0.0,"damage_taken":0.0,"relics_obtained":["Golden Idol"]}],"is_beta":true,"boss_relics":[],"items_purged_floors":[11],"is_endless":false,"potions_floor_spawned":[1,10],"killed_by":"The Guardian","ascension_level":18}