{"path_per_floor":["M","M","M","M","?","E","M","?","T","R","M","R","$","M","R","B",null,"M","?","?","$","M","R","M","M","T","$","M","R","?","?","R","B",null,"M","?","$","?","M","R","E","R","T","M","?","R","?","E","R","B"],"character_chosen":"THE_SILENT","items_purchased":["Accuracy","Blade Dance","Cloak And Dagger"],"gold_per_floor":[10,27,42,62,62,95,115,115,115,115,129,129,15,34,34,133,133,146,146,146,68,81,81,96,115,193,40,59,59,59,59,59,164,164,179,179,179,230,249,249,283,283,283,302,302,302,302,327,327,327],"floor_reached":51,"campfire_rested":1,"playtime":2370,"current_hp_per_floor":[70,70,69,69,74,70,68,53,53,53,52,52,52,47,47,21,75,65,65,65,65,64,64,41,41,41,41,41,41,41,41,63,48,75,74,69,69,69,56,56,51,51,51,51,51,51,42,57,57,49],"items_purged":["Strike_G","Writhe"],"gold":327,"score":755,"play_id":"77312f74-f26a-4d3b-af16-582550be7a68","local_time":"20180424101440","is_prod":false,"is_daily":false,"chose_seed":false,"is_ascension_mode":false,"campfire_upgraded":9,"timestamp":1524557680,"path_taken":["M","M","M","M","?","E","?","?","T","R","M","R","$","M","R","BOSS","M","?","?","$","M","R","M","M","T","$","M","R","?","?","R","BOSS","M","?","?","?","?","R","E","R","T","M","?","R","?","E","R","BOSS"],"build_version":"2018-04-19","seed_source_timestamp":3532451555069,"purchased_purges":2,"victory":true,"master_deck":["Defend_G+1","Defend_G+1","Defend_G+1","Defend_G+1","Defend_G+1","Strike_G+1","Strike_G+1","Strike_G+1","Survivor","Neutralize+1","Flechettes+1","Predator+1","Riddle With Holes+1","Flying Knee","Infinite Blades","Backflip","After Image","Accuracy+1","Doppelganger","Backflip","Blade Dance+1","Backflip+1","Caltrops+1","After Image","Cloak And Dagger+1","Deflect+1","Leg Sweep+1","Glass Knife+1","Backstab+1","Mind Blast","Dark Shackles","Malaise+1","Deflect","Injury","Adrenaline","Madness","Madness","Dagger Spray+1"],"max_hp_per_floor":[70,70,70,70,75,75,75,75,75,75,75,75,75,75,75,75,75,75,75,75,75,75,75,75,75,75,75,75,75,75,75,75,75,75,75,75,75,75,75,75,75,75,75,75,75,75,75,75,75,75],"relics":["Ring of the Snake","Calipers","Dream Catcher","Dodecahedron","Cursed Key","Meat on the Bone","Philosopher\u0027s Stone","Sundial","Tingsha","Pantograph","Smiling Mask"],"card_choices":[{"not_picked":["Deflect","Prepared"],"picked":"Flechettes","floor":1},{"not_picked":["Prepared","Quick Slash"],"picked":"Predator","floor":2},{"not_picked":["Finisher","Poisoned Stab"],"picked":"Riddle With Holes","floor":3},{"not_picked":["Poisoned Stab","Bane"],"picked":"Flying Knee","floor":4},{"not_picked":["Bullet Time","Dagger Throw"],"picked":"Infinite Blades","floor":6},{"not_picked":["Predator","Sucker Punch"],"picked":"Backflip","floor":7},{"not_picked":["Acrobatics","Outmaneuver"],"picked":"After Image","floor":11},{"not_picked":["Wraith Form v2","Corpse Explosion"],"picked":"Doppelganger","floor":16},{"not_picked":["Flying Knee","Poisoned Stab"],"picked":"Backflip","floor":18},{"not_picked":["Outmaneuver","Eviscerate"],"picked":"Backflip","floor":22},{"not_picked":["Concentrate","Masterful Stab"],"picked":"Caltrops","floor":24},{"not_picked":["Dagger Spray","Deadly Poison"],"picked":"After Image","floor":25},{"not_picked":["Prepared","Flechettes"],"picked":"Deflect","floor":28},{"not_picked":["Escape Plan","Bouncing Flask"],"picked":"Leg Sweep","floor":32},{"not_picked":["Burst","Tools of the Trade"],"picked":"Glass Knife","floor":33},{"not_picked":["Backflip","Escape Plan"],"picked":"Backstab","floor":35},{"not_picked":["Transmutation","Thinking Ahead"],"picked":"Mind Blast","floor":36},{"not_picked":["Thinking Ahead","Bandage Up"],"picked":"Dark Shackles","floor":36},{"not_picked":["Heel Hook","Dagger Spray"],"picked":"Malaise","floor":38},{"not_picked":["Flying Knee","Concentrate"],"picked":"Deflect","floor":41},{"not_picked":["Deflect","Acrobatics"],"picked":"Dagger Spray","floor":48}],"player_experience":535215,"potions_floor_usage":[6,14,16,16,18,25,38,41,48,50],"damage_taken":[{"damage":0,"enemies":"2 Louse","floor":1,"turns":2},{"damage":0,"enemies":"Jaw Worm","floor":2,"turns":4},{"damage":1,"enemies":"Cultist","floor":3,"turns":3},{"damage":0,"enemies":"Gremlin Gang","floor":4,"turns":6},{"damage":19,"enemies":"3 Sentries","floor":6,"turns":8},{"damage":2,"enemies":"3 Louse","floor":7,"turns":5},{"damage":1,"enemies":"Blue Slaver","floor":11,"turns":4},{"damage":5,"enemies":"Red Slaver","floor":14,"turns":2},{"damage":26,"enemies":"Slime Boss","floor":16,"turns":11},{"damage":10,"enemies":"2 Thieves","floor":18,"turns":3},{"damage":1,"enemies":"Spheric Guardian","floor":22,"turns":4},{"damage":23,"enemies":"Snake Plant","floor":24,"turns":5},{"damage":0,"enemies":"Chosen and Byrds","floor":25,"turns":7},{"damage":0,"enemies":"Sentry and Sphere","floor":28,"turns":5},{"damage":15,"enemies":"Automaton","floor":33,"turns":14},{"damage":1,"enemies":"Orb Walker","floor":35,"turns":4},{"damage":0,"enemies":"Sphère mystérieuse","floor":38,"turns":3},{"damage":13,"enemies":"3 Darklings","floor":39,"turns":6},{"damage":5,"enemies":"Nemesis","floor":41,"turns":7},{"damage":0,"enemies":"Maw","floor":44,"turns":8},{"damage":0,"enemies":"Giant Head","floor":48,"turns":7},{"damage":26,"enemies":"Awakened One","floor":50,"turns":15}],"event_choices":[{"event_name":"Big Fish","player_choice":"Donut","floor":5,"damage_taken":0},{"event_name":"Shining Light","player_choice":"Entered Light","floor":8,"damage_taken":0},{"event_name":"Back to Basics","player_choice":"Simplicity","floor":19,"damage_taken":0},{"event_name":"Ghosts","player_choice":"Ignored","floor":20,"damage_taken":0},{"event_name":"Beggar","player_choice":"Ignored","floor":30,"damage_taken":0},{"event_name":"Addict","player_choice":"Ignored","floor":31,"damage_taken":0},{"event_name":"SensoryStone","player_choice":"Memory 2","floor":36,"damage_taken":0},{"event_name":"Mysterious Sphere","player_choice":"Fight","floor":38,"damage_taken":0},{"event_name":"Transmorgrifier","player_choice":"Transform","floor":45,"damage_taken":0},{"event_name":"Winding Halls","player_choice":"Embrace Madness","floor":47,"damage_taken":0}],"boss_relics":[{"not_picked":["Orrery","Ectoplasm"],"picked":"Cursed Key"},{"not_picked":["Runic Pyramid","Velvet Choker"],"picked":"Philosopher\u0027s Stone"}],"potions_floor_spawned":[1,6,11,14,16,24,28,39,41,44],"seed_played":"9194130285033307923","ascension_level":0,"is_trial":false}