{"gold_per_floor":[115,115,115,89,104,104,136,156,156,156,172,172,182,212,212,312,312,326,326,326,337,189,189,209,209,209,209,229,136,148,166,166,268,268,287,287,306,306,173,173,183,196,265,280,280,280,291,301,301,301],"floor_reached":50,"playtime":2329,"items_purged":["Pain"],"score":682,"play_id":"c959dca4-16d6-4b78-a773-2d522891a3fc","local_time":"20190201133400","is_ascension_mode":true,"campfire_choices":[{"data":"Inflame","floor":6,"key":"SMITH"},{"data":"True Grit","floor":10,"key":"SMITH"},{"data":"Bash","floor":12,"key":"SMITH"},{"data":"True Grit","floor":15,"key":"SMITH"},{"floor":23,"key":"REST"},{"floor":27,"key":"REST"},{"floor":32,"key":"REST"},{"floor":40,"key":"REST"},{"floor":45,"key":"REST"},{"floor":49,"key":"REST"}],"neow_cost":"NONE","seed_source_timestamp":745620981824604,"circlet_count":0,"master_deck":["Strike_R+1","Strike_R+1","Strike_R+1","Strike_R+1","Strike_R+1","Defend_R+1","Defend_R+1","Defend_R+1","Bash+1","Perfected Strike","Burning Pact","Twin Strike","Inflame+1","Fiend Fire","True Grit+1","True Grit+1","Offering","Twin Strike","Twin Strike+1","Feel No Pain+1","Feel No Pain+1","Clumsy","Wild Strike","Inflame+1","Havoc","Pommel Strike","Juggernaut+1","Feel No Pain+1","Apotheosis","Havoc+1","Impervious","Inflame+1","Discovery","Pommel Strike","Injury","Blood for Blood","Writhe","Perfected Strike+1"],"relics":["Burning Blood","NeowsBlessing","Frozen Egg 2","Odd Mushroom","Red Skull","Mummified Hand","Cursed Key","WarpedTongs","Matryoshka","Fusion Hammer","Happy Flower","Ornamental Fan"],"potions_floor_usage":[33,47],"damage_taken":[{"damage":0,"enemies":"Jaw Worm","floor":1,"turns":1},{"damage":0,"enemies":"2 Louse","floor":5,"turns":1},{"damage":0,"enemies":"Gremlin Nob","floor":7,"turns":1},{"damage":21,"enemies":"The Mushroom Lair","floor":8,"turns":4},{"damage":11,"enemies":"Small Slimes","floor":11,"turns":3},{"damage":6,"enemies":"2 Fungi Beasts","floor":13,"turns":2},{"damage":59,"enemies":"The Guardian","floor":16,"turns":12},{"damage":18,"enemies":"3 Byrds","floor":18,"turns":4},{"damage":22,"enemies":"Shell Parasite","floor":21,"turns":3},{"damage":20,"enemies":"Centurion and Healer","floor":24,"turns":4},{"damage":9,"enemies":"Chosen and Byrds","floor":28,"turns":4},{"damage":12,"enemies":"3 Cultists","floor":30,"turns":3},{"damage":19,"enemies":"Shelled Parasite and Fungi","floor":31,"turns":4},{"damage":21,"enemies":"Champ","floor":33,"turns":6},{"damage":17,"enemies":"Orb Walker","floor":35,"turns":2},{"damage":26,"enemies":"3 Darklings","floor":37,"turns":4},{"damage":15,"enemies":"Writhing Mass","floor":41,"turns":4},{"damage":31,"enemies":"Jaw Worm Horde","floor":42,"turns":4},{"damage":26,"enemies":"3 Darklings","floor":44,"turns":3},{"damage":14,"enemies":"Transient","floor":47,"turns":5},{"damage":21,"enemies":"Writhing Mass","floor":48,"turns":5},{"damage":78,"enemies":"Time Eater","floor":50,"turns":7}],"seed_played":"2578605918523405424","potions_obtained":[{"floor":5,"key":"Poison Potion"},{"floor":13,"key":"Weak Potion"},{"floor":16,"key":"FairyPotion"},{"floor":24,"key":"Explosive Potion"},{"floor":30,"key":"Ancient Potion"},{"floor":33,"key":"AttackPotion"},{"floor":47,"key":"Energy Potion"}],"is_trial":false,"path_per_floor":["M","$","?","$","M","R","E","?","T","R","M","R","M","?","R","B",null,"M","?","?","M","$","R","M","?","T","R","M","$","M","M","R","B",null,"M","?","M","?","$","R","M","M","T","M","R","?","M","M","R","B"],"character_chosen":"IRONCLAD","items_purchased":["Twin Strike","Feel No Pain+1","Inflame+1","Havoc","Inflame+1","Discovery"],"campfire_rested":6,"item_purchase_floors":[4,22,29,29,39,39],"current_hp_per_floor":[78,78,78,78,80,80,80,65,65,65,60,60,60,60,60,7,62,50,35,35,19,19,44,30,30,30,55,52,52,46,33,58,43,75,64,64,44,44,44,69,60,35,35,15,40,61,53,38,63,0],"gold":301,"neow_bonus":"THREE_ENEMY_KILL","is_prod":false,"is_daily":false,"chose_seed":false,"campfire_upgraded":4,"win_rate":0,"timestamp":1549002840,"path_taken":["M","$","?","$","M","R","E","?","T","R","M","R","M","?","R","BOSS","M","?","?","M","$","R","?","?","T","R","M","$","M","M","R","BOSS","M","?","M","?","$","R","M","M","T","?","R","?","M","M","R","BOSS"],"build_version":"2019-01-23","purchased_purges":1,"victory":false,"max_hp_per_floor":[80,80,80,80,80,80,80,80,80,80,80,80,80,80,80,80,80,80,85,85,85,85,85,85,85,85,85,85,85,85,85,85,85,85,85,85,85,85,85,85,85,85,85,85,85,85,85,85,85,85],"card_choices":[{"not_picked":["Sever Soul","Havoc"],"picked":"Perfected Strike","floor":1},{"not_picked":["Shrug It Off","Heavy Blade"],"picked":"Inflame","floor":5},{"not_picked":["Wild Strike","Infernal Blade"],"picked":"Fiend Fire","floor":7},{"not_picked":["Rupture+1","Wild Strike"],"picked":"True Grit","floor":8},{"not_picked":["Thunderclap","Wild Strike","Clash"],"picked":"SKIP","floor":11},{"not_picked":["Entrench","Armaments"],"picked":"True Grit","floor":13},{"not_picked":["Immolate","Reaper"],"picked":"Offering","floor":16},{"not_picked":["Pummel","Havoc"],"picked":"Twin Strike","floor":18},{"not_picked":["Wild Strike","Intimidate"],"picked":"Twin Strike+1","floor":21},{"not_picked":["Carnage","Seeing Red"],"picked":"Feel No Pain+1","floor":24},{"not_picked":["Clash","Armaments"],"picked":"Wild Strike","floor":28},{"not_picked":["Flex","Rampage"],"picked":"Pommel Strike","floor":30},{"not_picked":["Armaments","Heavy Blade","Sword Boomerang+1"],"picked":"SKIP","floor":31},{"not_picked":["Barricade+1","Reaper"],"picked":"Juggernaut+1","floor":33},{"not_picked":["Warcry","Entrench+1"],"picked":"Feel No Pain+1","floor":35},{"not_picked":["Finesse","Metamorphosis"],"picked":"Apotheosis","floor":36},{"not_picked":["Clash+1","Heavy Blade"],"picked":"Havoc+1","floor":37},{"not_picked":["Disarm","Headbutt+1","Spot Weakness"],"picked":"SKIP","floor":41},{"not_picked":["Rampage+1","Cleave+1"],"picked":"Pommel Strike","floor":42},{"not_picked":["Cleave","Metallicize+1"],"picked":"Blood for Blood","floor":44},{"not_picked":["Corruption+1","Rampage"],"picked":"Perfected Strike+1","floor":47},{"not_picked":["Body Slam","Clash+1","Reckless Charge+1"],"picked":"SKIP","floor":48}],"player_experience":303295,"relics_obtained":[{"floor":7,"key":"Frozen Egg 2"},{"floor":8,"key":"Odd Mushroom"},{"floor":9,"key":"Red Skull"},{"floor":26,"key":"Matryoshka"},{"floor":43,"key":"Happy Flower"},{"floor":43,"key":"Ornamental Fan"}],"event_choices":[{"damage_healed":0,"gold_gain":0,"cards_transformed":["Defend_R"],"player_choice":"Change","damage_taken":0,"max_hp_gain":0,"max_hp_loss":0,"event_name":"Living Wall","floor":3,"gold_loss":0,"cards_obtained":["Burning Pact"]},{"damage_healed":0,"gold_gain":0,"player_choice":"Fought Mushrooms","damage_taken":0,"max_hp_gain":0,"max_hp_loss":0,"event_name":"Mushrooms","floor":8,"gold_loss":0},{"damage_healed":0,"gold_gain":30,"player_choice":"Searched \u00272\u0027 times","damage_taken":0,"relics_obtained":["Mummified Hand"],"max_hp_gain":0,"max_hp_loss":0,"event_name":"Dead Adventurer","floor":14,"gold_loss":0},{"damage_healed":0,"gold_gain":0,"player_choice":"Shed Blood","damage_taken":20,"max_hp_gain":5,"max_hp_loss":0,"event_name":"Forgotten Altar","floor":19,"gold_loss":0},{"damage_healed":0,"gold_gain":0,"player_choice":"Rummage","damage_taken":0,"relics_obtained":["WarpedTongs"],"max_hp_gain":0,"max_hp_loss":0,"event_name":"Accursed Blacksmith","floor":20,"gold_loss":0,"cards_obtained":["Pain"]},{"damage_healed":0,"gold_gain":0,"player_choice":"Simplicity","damage_taken":0,"max_hp_gain":0,"max_hp_loss":0,"event_name":"Back to Basics","floor":25,"gold_loss":0,"cards_upgraded":["Strike_R","Strike_R","Strike_R","Strike_R","Strike_R","Defend_R","Defend_R","Defend_R"]},{"damage_healed":0,"gold_gain":0,"player_choice":"Memory 1","damage_taken":0,"max_hp_gain":0,"max_hp_loss":0,"event_name":"SensoryStone","floor":36,"gold_loss":0},{"damage_healed":0,"gold_gain":0,"player_choice":"1 cards matched","damage_taken":0,"max_hp_gain":0,"max_hp_loss":0,"event_name":"Match and Keep!","floor":38,"gold_loss":0,"cards_obtained":["Impervious"]},{"damage_healed":21,"gold_gain":0,"player_choice":"Writhe","damage_taken":0,"max_hp_gain":0,"max_hp_loss":0,"event_name":"Winding Halls","floor":46,"gold_loss":0,"cards_obtained":["Writhe"]}],"is_beta":false,"boss_relics":[{"not_picked":["Tiny House","Mark of Pain"],"picked":"Cursed Key"},{"not_picked":["Pandora\u0027s Box","Velvet Choker"],"picked":"Fusion Hammer"}],"items_purged_floors":[22],"is_endless":false,"potions_floor_spawned":[5,13,16,24,30,33,41,42,44,47],"killed_by":"Time Eater","ascension_level":8}