{"path_per_floor":["M","M","M","?","M","E","R","E","T","M","?","?","R","M","R","B",null,"M","?","?","$","$","R","$","R","T","R","M","R","M","M","R","B",null,"M","M","$","?","M","R","M","M","T","E","R","M","R","M","R","B"],"character_chosen":"THE_SILENT","items_purchased":["Happy Flower","Backstab","Terror"],"gold_per_floor":[15,28,38,138,157,187,187,212,237,255,255,255,255,268,268,367,367,379,279,279,54,54,54,17,17,17,17,30,30,40,53,53,148,148,159,178,2,2,20,20,35,54,54,86,86,104,104,121,121,121],"floor_reached":51,"campfire_rested":6,"playtime":2003,"current_hp_per_floor":[70,68,66,66,64,37,58,49,49,49,66,66,66,66,66,28,70,66,66,66,66,66,66,66,66,66,66,63,63,60,45,65,35,67,64,61,61,53,34,54,42,38,38,21,41,29,49,29,49,2],"items_purged":["Parasite","Strike_G"],"gold":121,"score":714,"play_id":"8c97b7f9-ed41-414c-a6c4-0616b45c2c7c","local_time":"20180416184155","is_prod":false,"is_daily":false,"chose_seed":false,"is_ascension_mode":false,"campfire_upgraded":6,"timestamp":1523896915,"path_taken":["M","M","M","?","M","E","R","E","T","M","?","?","R","M","R","BOSS","M","?","?","?","$","R","$","R","T","R","M","R","M","M","R","BOSS","M","M","$","?","M","R","M","M","T","E","R","M","R","M","R","BOSS"],"build_version":"2018-04-12","seed_source_timestamp":346009447095,"purchased_purges":2,"victory":true,"master_deck":["Defend_G","Defend_G","Defend_G","Defend_G","Defend_G","Strike_G","Strike_G+1","Survivor","Neutralize","Expertise","Skewer+1","Flying Knee","Backstab","Sucker Punch+1","Adrenaline","Leg Sweep+1","Infinite Blades+1","Die Die Die+1","Backflip","J.A.X.+1","Backstab","Malaise+1","Cloak And Dagger+1","Dash","Burst","Dodge and Roll","Dagger Spray+1","Terror","Madness","Madness","Flechettes+1","PiercingWail+1","Noxious Fumes","Writhe","Blur+1","Caltrops+1"],"max_hp_per_floor":[70,70,70,70,70,70,70,70,70,70,70,70,70,70,70,70,70,70,70,70,67,67,67,67,67,67,67,67,67,67,67,67,67,67,67,67,67,67,67,67,67,67,67,67,67,67,67,67,67,67],"relics":["Ring of the Snake","Blue Candle","Bag of Preparation","Vajra","Philosopher\u0027s Stone","Oddly Smooth Stone","Happy Flower","Whetstone","Cursed Key","Darkstone Periapt","Smiling Mask"],"card_choices":[{"not_picked":["Footwork","Dodge and Roll"],"picked":"Flying Knee","floor":1},{"not_picked":["Flying Knee","PiercingWail"],"picked":"Backstab","floor":3},{"not_picked":["Escape Plan","Outmaneuver"],"picked":"Sucker Punch","floor":5},{"not_picked":["Slice","Bane"],"picked":"Adrenaline","floor":6},{"not_picked":["Prepared","Heel Hook"],"picked":"Leg Sweep","floor":8},{"not_picked":["Catalyst","Flying Knee"],"picked":"Infinite Blades","floor":14},{"not_picked":["Adrenaline","Tactician"],"picked":"Die Die Die","floor":16},{"not_picked":["Infinite Blades","Bane"],"picked":"Backflip","floor":18},{"not_picked":["Distraction","Caltrops"],"picked":"Malaise","floor":28},{"not_picked":["Backflip","Quick Slash"],"picked":"Cloak And Dagger","floor":30},{"not_picked":["Deflect","Backflip"],"picked":"Dash","floor":31},{"not_picked":["Tactician","Wraith Form v2"],"picked":"Burst","floor":33},{"not_picked":["Acrobatics","Reflex"],"picked":"Dodge and Roll","floor":35},{"not_picked":["Malaise","Reflex"],"picked":"Dagger Spray","floor":36},{"not_picked":["Underhanded Strike","Setup"],"picked":"Flechettes","floor":39},{"not_picked":["Expertise","Dagger Throw"],"picked":"PiercingWail","floor":41},{"not_picked":["Bane","Flechettes"],"picked":"Noxious Fumes","floor":42},{"not_picked":["Masterful Stab","Flechettes"],"picked":"Blur","floor":44},{"not_picked":["Slice","Dagger Spray"],"picked":"Caltrops","floor":46}],"player_experience":445000,"potions_floor_usage":[31,50,50],"damage_taken":[{"damage":0,"enemies":"Cultist","floor":1,"turns":3},{"damage":2,"enemies":"2 Louse","floor":2,"turns":3},{"damage":2,"enemies":"Small Slimes","floor":3,"turns":4},{"damage":2,"enemies":"Looter","floor":5,"turns":3},{"damage":27,"enemies":"Lagavulin","floor":6,"turns":8},{"damage":9,"enemies":"3 Sentries","floor":8,"turns":9},{"damage":0,"enemies":"Large Slime","floor":10,"turns":4},{"damage":0,"enemies":"Blue Slaver","floor":14,"turns":3},{"damage":38,"enemies":"Hexaghost","floor":16,"turns":11},{"damage":4,"enemies":"2 Thieves","floor":18,"turns":3},{"damage":3,"enemies":"Shell Parasite","floor":28,"turns":2},{"damage":3,"enemies":"Centurion and Healer","floor":30,"turns":2},{"damage":15,"enemies":"Snake Plant","floor":31,"turns":2},{"damage":30,"enemies":"Automaton","floor":33,"turns":10},{"damage":3,"enemies":"Orb Walker","floor":35,"turns":2},{"damage":3,"enemies":"3 Darklings","floor":36,"turns":4},{"damage":19,"enemies":"Sphere and 2 Shapes","floor":39,"turns":5},{"damage":12,"enemies":"Maw","floor":41,"turns":5},{"damage":4,"enemies":"4 Shapes","floor":42,"turns":5},{"damage":17,"enemies":"Nemesis","floor":44,"turns":7},{"damage":12,"enemies":"Sphere and 2 Shapes","floor":46,"turns":3},{"damage":20,"enemies":"3 Darklings","floor":48,"turns":4},{"damage":47,"enemies":"Donu and Deca","floor":50,"turns":11}],"event_choices":[{"event_name":"Golden Shrine","player_choice":"Pray","floor":4,"damage_taken":0},{"event_name":"Mushrooms","player_choice":"Healed and dodged fight","floor":11,"damage_taken":0},{"event_name":"Liars Game","player_choice":"disagreed","floor":12,"damage_taken":0},{"event_name":"Drug Dealer","player_choice":"Got JAXXED","floor":19,"damage_taken":0},{"event_name":"The Mausoleum","player_choice":"Yes","floor":20,"damage_taken":0},{"event_name":"Winding Halls","player_choice":"Embrace Madness","floor":38,"damage_taken":0}],"boss_relics":[{"not_picked":["Calling Bell","Snecko Eye"],"picked":"Philosopher\u0027s Stone"},{"not_picked":["Runic Pyramid","Black Star"],"picked":"Cursed Key"}],"potions_floor_spawned":[1,5,6,10,16,18,30,33,36,39,44,48],"seed_played":"-2472755676911199725","ascension_level":0,"is_trial":false}