{"gold_per_floor":[114,125,125,125,125,125,153,170,249,249,265,291,291,321,321,396,446,458,471,421,431,10,10,10],"floor_reached":24,"playtime":1479,"items_purged":["Strike_G"],"score":428,"play_id":"808b402f-4f03-485e-a207-9481337b87f8","local_time":"20181101133154","is_ascension_mode":true,"campfire_choices":[{"data":"Neutralize","floor":6.0,"key":"SMITH"},{"data":"Cloak And Dagger","floor":10.0,"key":"SMITH"},{"data":"Finisher","floor":13,"key":"SMITH"},{"data":"Footwork","floor":15,"key":"SMITH"},{"data":"Footwork","floor":23,"key":"SMITH"}],"neow_cost":"NONE","seed_source_timestamp":420723582828,"circlet_count":0,"master_deck":["Defend_G","Defend_G","Defend_G+1","Defend_G","Defend_G","Strike_G","Strike_G","Strike_G","Survivor","Neutralize+1","AscendersBane","Dagger Throw","Cloak And Dagger+1","Cloak And Dagger","Cloak And Dagger","Choke+1","Finisher+1","Footwork+1","Malaise","Infinite Blades+1","Crippling Poison+1","Poisoned Stab","PiercingWail","Footwork+1","Backflip"],"special_seed":0,"relics":["Philosopher\u0027s Stone","Vajra","Pantograph","Smiling Mask","Mercury Hourglass","Tiny House","Singing Bowl"],"potions_floor_usage":[12,12,21,24],"damage_taken":[{"damage":0.0,"enemies":"Jaw Worm","floor":1.0,"turns":5.0},{"damage":4.0,"enemies":"Cultist","floor":2.0,"turns":4.0},{"damage":14.0,"enemies":"Lagavulin","floor":7.0,"turns":9.0},{"damage":0.0,"enemies":"Small Slimes","floor":8.0,"turns":3.0},{"damage":8.0,"enemies":"3 Louse","floor":11.0,"turns":3.0},{"damage":3,"enemies":"Gremlin Nob","floor":12,"turns":3},{"damage":11,"enemies":"3 Sentries","floor":14,"turns":6},{"damage":40,"enemies":"The Guardian","floor":16,"turns":10},{"damage":14,"enemies":"Spheric Guardian","floor":18,"turns":4},{"damage":14,"enemies":"2 Thieves","floor":19,"turns":4},{"damage":9,"enemies":"Centurion and Healer","floor":21,"turns":4},{"damage":30,"enemies":"Slavers","floor":24,"turns":1}],"seed_played":"-7661314259415998380","potions_obtained":[{"floor":2.0,"key":"EntropicBrew"},{"floor":7.0,"key":"Weak Potion"},{"floor":11.0,"key":"SneckoOil"},{"floor":14,"key":"Strength Potion"},{"floor":17,"key":"SteroidPotion"},{"floor":19,"key":"Dexterity Potion"}],"is_trial":false,"path_per_floor":["M","M","?","$","?","R","E","M","T","R","M","E","R","E","R","B",null,"M","M","?","M","$","R"],"character_chosen":"THE_SILENT","items_purchased":["Footwork","Backflip","Singing Bowl"],"campfire_rested":0,"item_purchase_floors":[22,22,22],"current_hp_per_floor":[59,55,55,55,60,60,46,46,46,46,38,35,35,24,24,9,61,47,33,33,24,24,24,0],"gold":10,"neow_bonus":"BOSS_RELIC","is_prod":false,"is_daily":false,"chose_seed":false,"campfire_upgraded":5,"win_rate":0,"timestamp":1541075514,"path_taken":["M","M","?","?","?","R","E","M","T","R","M","E","R","E","R","BOSS","M","M","?","M","$","R","E"],"build_version":"2018-10-25v2","purchased_purges":1,"victory":false,"max_hp_per_floor":[66,66,66,66,71,71,71,71,71,71,71,71,71,71,71,71,76,76,76,76,76,76,76,76],"card_choices":[{"not_picked":["Blade Dance","Bane"],"picked":"Dagger Throw","floor":1.0},{"not_picked":["Dagger Spray","Prepared"],"picked":"Cloak And Dagger","floor":2.0},{"not_picked":["PiercingWail","Blade Dance"],"picked":"Cloak And Dagger","floor":7.0},{"not_picked":["Eviscerate","Heel Hook"],"picked":"Cloak And Dagger","floor":8.0},{"not_picked":["Calculated Gamble","Outmaneuver"],"picked":"Choke","floor":11.0},{"not_picked":["Prepared","Phantasmal Killer"],"picked":"Finisher","floor":12},{"not_picked":["Quick Slash","Dagger Spray"],"picked":"Footwork","floor":14},{"not_picked":["Unload","Phantasmal Killer"],"picked":"Malaise","floor":16},{"not_picked":["Cloak And Dagger","Accuracy"],"picked":"Infinite Blades","floor":17},{"not_picked":["Riddle With Holes","Predator"],"picked":"Crippling Poison+1","floor":18},{"not_picked":["Underhanded Strike","Slice"],"picked":"Poisoned Stab","floor":19},{"not_picked":["Riddle With Holes","Eviscerate"],"picked":"PiercingWail","floor":21}],"player_experience":1631103,"relics_obtained":[{"floor":7.0,"key":"Vajra"},{"floor":9.0,"key":"Pantograph"},{"floor":12,"key":"Smiling Mask"},{"floor":14,"key":"Mercury Hourglass"}],"event_choices":[{"cards_removed":["Strike_G"],"damage_healed":0.0,"max_hp_gain":0.0,"max_hp_loss":0.0,"gold_gain":0.0,"event_name":"Bonfire Elementals","player_choice":"Offered Basic","floor":3.0,"gold_loss":0.0,"damage_taken":0.0},{"damage_healed":0.0,"max_hp_gain":5.0,"max_hp_loss":0.0,"gold_gain":0.0,"event_name":"Big Fish","player_choice":"Donut","floor":5.0,"gold_loss":0.0,"damage_taken":0.0},{"damage_healed":0,"gold_gain":0,"player_choice":"Upgraded Two","damage_taken":0,"max_hp_gain":0,"max_hp_loss":0,"event_name":"Designer","floor":20,"gold_loss":50,"cards_upgraded":["Infinite Blades","Choke"]}],"is_beta":false,"boss_relics":[{"not_picked":["Runic Dome","Fusion Hammer"],"picked":"Tiny House"}],"items_purged_floors":[22],"is_endless":false,"potions_floor_spawned":[2,7,11,14,19],"killed_by":"Slavers","ascension_level":20}