{"gold_per_floor":[114,64,64,74,74,74,91,107,107,107,107,107,32,110,110,187,187,198,198,218,235,247,247,272,65,92,107,107,107,107,123,123,194,194,205,130,149,163,182,182,201,43,94,94,144,155,155,182,182,182],"floor_reached":51,"playtime":3394,"items_purged":["Strike_R","Strike_R"],"score":1429,"play_id":"65211c10-3bf5-4e4d-aee9-90528ac38ec5","local_time":"20181206180930","is_ascension_mode":true,"campfire_choices":[{"data":"Armaments","floor":6.0,"key":"SMITH"},{"data":"Reaper","floor":10.0,"key":"SMITH"},{"data":"Bash","floor":12.0,"key":"SMITH"},{"data":"Clothesline","floor":15.0,"key":"SMITH"},{"data":"Uppercut","floor":23.0,"key":"SMITH"},{"data":"Metallicize","floor":30.0,"key":"SMITH"},{"data":"Disarm","floor":32.0,"key":"SMITH"},{"floor":40.0,"key":"REST"},{"floor":47,"key":"REST"},{"floor":49,"key":"REST"}],"neow_cost":"NONE","seed_source_timestamp":39063336473716,"circlet_count":0,"master_deck":["AscendersBane","Defend_R","Defend_R","Defend_R","Defend_R","Bash+1","Armaments+1","Heavy Blade","Headbutt","Reaper+1","Clothesline+1","Barricade","Wild Strike+1","Rage+1","Reckless Charge+1","Uppercut+1","Metallicize+1","Entrench","True Grit","Entrench","Reaper","Corruption","Shrug It Off","Disarm+1","Demon Form","Body Slam","Second Wind+1","Shrug It Off","Havoc","Barricade"],"special_seed":0,"relics":["Snecko Eye","WarpedTongs","Bag of Marbles","Mercury Hourglass","Astrolabe","Self Forming Clay","Centennial Puzzle","Lizard Tail","Boot","Meat on the Bone","Ancient Tea Set"],"potions_floor_usage":[50],"damage_taken":[{"damage":7.0,"enemies":"Jaw Worm","floor":1.0,"turns":3.0},{"damage":4.0,"enemies":"Cultist","floor":4.0,"turns":2.0},{"damage":10.0,"enemies":"Small Slimes","floor":7.0,"turns":3.0},{"damage":15.0,"enemies":"Blue Slaver","floor":8.0,"turns":4.0},{"damage":0.0,"enemies":"Slime Boss","floor":16.0,"turns":3.0},{"damage":6.0,"enemies":"Chosen","floor":18.0,"turns":4.0},{"damage":3.0,"enemies":"Spheric Guardian","floor":20.0,"turns":3.0},{"damage":10.0,"enemies":"Snake Plant","floor":21.0,"turns":4.0},{"damage":27.0,"enemies":"Shelled Parasite and Fungi","floor":22.0,"turns":6.0},{"damage":0.0,"enemies":"Gremlin Leader","floor":24.0,"turns":8.0},{"damage":7.0,"enemies":"Centurion and Healer","floor":27.0,"turns":6.0},{"damage":0.0,"enemies":"Snake Plant","floor":29.0,"turns":2.0},{"damage":18.0,"enemies":"Shelled Parasite and Fungi","floor":31.0,"turns":5.0},{"damage":59.0,"enemies":"Automaton","floor":33.0,"turns":13.0},{"damage":44.0,"enemies":"3 Shapes","floor":35.0,"turns":4.0},{"damage":4.0,"enemies":"Orb Walker","floor":37.0,"turns":5.0},{"damage":40.0,"enemies":"Jaw Worm Horde","floor":38.0,"turns":6.0},{"damage":50.0,"enemies":"Sphere and 2 Shapes","floor":39.0,"turns":4.0},{"damage":33.0,"enemies":"Spire Growth","floor":41.0,"turns":6.0},{"damage":0,"enemies":"4 Shapes","floor":46,"turns":9},{"damage":21,"enemies":"Nemesis","floor":48,"turns":7},{"damage":52,"enemies":"Awakened One","floor":50,"turns":15}],"seed_played":"1584150351027120544","potions_obtained":[{"floor":4.0,"key":"Weak Potion"},{"floor":7.0,"key":"Strength Potion"},{"floor":21.0,"key":"Explosive Potion"},{"floor":24.0,"key":"Weak Potion"},{"floor":28.0,"key":"SmokeBomb"},{"floor":33.0,"key":"FearPotion"},{"floor":39.0,"key":"Fire Potion"}],"is_trial":false,"path_per_floor":["M","$","?","M","?","R","M","M","T","R","T","R","?","?","R","B",null,"M","?","M","M","M","R","E","$","T","M","?","M","R","M","R","B",null,"M","$","M","M","M","R","M","$","T","T","?","M","R","E","R","B",null],"character_chosen":"IRONCLAD","items_purchased":["Heavy Blade","Reaper","Corruption","Havoc"],"campfire_rested":3,"item_purchase_floors":[2,25,25,42],"current_hp_per_floor":[61,61,61,57,62,62,52,37,37,37,37,37,37,37,37,47,72,71,71,68,63,39,39,58,58,58,79,79,79,79,68,68,23,66,51,51,60,27,3,27,8,8,8,8,8,45,69,58,80,45],"gold":182,"neow_bonus":"BOSS_RELIC","is_prod":false,"is_daily":false,"chose_seed":false,"campfire_upgraded":7,"win_rate":0,"timestamp":1544148570,"path_taken":["M","$","?","?","?","R","M","M","T","R","?","R","?","?","R","BOSS","M","?","?","M","M","R","E","$","T","M","?","M","R","M","R","BOSS","M","$","M","M","M","R","M","$","T","?","?","?","R","E","R","BOSS"],"build_version":"2018-12-06","purchased_purges":2,"victory":true,"max_hp_per_floor":[75,75,75,75,80,80,80,80,80,80,80,80,80,80,80,80,80,80,80,80,80,80,80,80,80,80,80,80,80,80,80,80,80,80,80,80,80,80,80,80,80,80,80,80,80,80,80,80,80,80],"card_choices":[{"not_picked":["Iron Wave","Disarm"],"picked":"Armaments","floor":1.0},{"not_picked":["Rupture","Feel No Pain"],"picked":"Headbutt","floor":4.0},{"not_picked":["True Grit","Iron Wave"],"picked":"Reaper","floor":7.0},{"not_picked":["Feel No Pain","Body Slam"],"picked":"Clothesline","floor":8.0},{"not_picked":["Impervious","Offering"],"picked":"Barricade","floor":16.0},{"not_picked":["Warcry","Wild Strike"],"picked":"Uppercut","floor":18.0},{"not_picked":["Rage","Reckless Charge"],"picked":"Entrench","floor":20.0},{"not_picked":["Flex+1","Heavy Blade"],"picked":"True Grit","floor":22.0},{"not_picked":["Brutality","Spot Weakness+1"],"picked":"Entrench","floor":24.0},{"not_picked":["Blood for Blood","Twin Strike"],"picked":"Shrug It Off","floor":27.0},{"not_picked":["Sword Boomerang","Intimidate"],"picked":"Disarm","floor":31.0},{"not_picked":["Double Tap","Impervious"],"picked":"Demon Form","floor":33.0},{"not_picked":["Perfected Strike","Anger"],"picked":"Body Slam","floor":35.0},{"not_picked":["Feel No Pain","Body Slam+1"],"picked":"Second Wind+1","floor":37.0},{"not_picked":["True Grit","Rage"],"picked":"Shrug It Off","floor":39.0},{"not_picked":["Combust","Iron Wave"],"picked":"Barricade","floor":46}],"player_experience":970965,"relics_obtained":[{"floor":9.0,"key":"Bag of Marbles"},{"floor":11.0,"key":"Mercury Hourglass"},{"floor":24.0,"key":"Self Forming Clay"},{"floor":26.0,"key":"Centennial Puzzle"},{"floor":43.0,"key":"Boot"},{"floor":44.0,"key":"Meat on the Bone"},{"floor":48,"key":"Ancient Tea Set"}],"event_choices":[{"damage_healed":0.0,"max_hp_gain":0.0,"max_hp_loss":0.0,"gold_gain":0.0,"event_name":"Accursed Blacksmith","player_choice":"Rummage","floor":3.0,"gold_loss":0.0,"damage_taken":0.0,"relics_obtained":["WarpedTongs"],"cards_obtained":["Pain"]},{"damage_healed":0.0,"max_hp_gain":5.0,"max_hp_loss":0.0,"gold_gain":0.0,"event_name":"Big Fish","player_choice":"Donut","floor":5.0,"gold_loss":0.0,"damage_taken":0.0},{"cards_removed":["Pain"],"damage_healed":0.0,"max_hp_gain":0.0,"max_hp_loss":0.0,"gold_gain":0.0,"event_name":"The Cleric","player_choice":"Card Removal","floor":13.0,"gold_loss":75.0,"damage_taken":0.0},{"damage_healed":0.0,"max_hp_gain":0.0,"max_hp_loss":0.0,"gold_gain":78.0,"event_name":"Golden Wing","player_choice":"Gained Gold","floor":14.0,"gold_loss":0.0,"damage_taken":0.0},{"damage_healed":0.0,"max_hp_gain":0.0,"max_hp_loss":0.0,"gold_gain":0.0,"event_name":"Match and Keep!","player_choice":"1 cards matched","floor":19.0,"gold_loss":0.0,"damage_taken":0.0,"cards_obtained":["Metallicize"]},{"damage_healed":0.0,"max_hp_gain":0.0,"max_hp_loss":0.0,"gold_gain":0.0,"event_name":"Lab","player_choice":"Got Potions","floor":28.0,"gold_loss":0.0,"damage_taken":0.0},{"damage_healed":0.0,"max_hp_gain":0.0,"max_hp_loss":0.0,"gold_gain":50.0,"event_name":"Golden Shrine","player_choice":"Pray","floor":45.0,"gold_loss":0.0,"damage_taken":0.0}],"is_beta":true,"boss_relics":[{"not_picked":["Pandora\u0027s Box","Tiny House"],"picked":"Astrolabe"},{"not_picked":["Black Star","Empty Cage"],"picked":"Lizard Tail"}],"items_purged_floors":[36,42],"is_endless":false,"potions_floor_spawned":[4,7,21,24,33,39,41,46],"ascension_level":18}