{"path_per_floor":["M","?","?","M","M","R","E","R","T","R","M","M","M","$","R","B",null,"M","$","M"],"character_chosen":"IRONCLAD","items_purchased":["Good Instincts","Rampage","Pen Nib"],"gold_per_floor":[116,116,116,126,145,145,207,207,207,207,217,227,240,41,41,143,143,159,7,24],"floor_reached":21,"campfire_rested":1,"playtime":1015,"current_hp_per_floor":[80,80,80,80,80,80,65,65,65,65,53,49,49,49,73,48,80,70,70,36],"items_purged":["Strike_R"],"gold":24,"score":217,"play_id":"58615b52-2baf-48f3-b679-5e49e95a21ed","local_time":"20180310165147","is_prod":false,"is_daily":false,"is_ascension_mode":true,"campfire_upgraded":3,"timestamp":1520697107,"path_taken":["M","?","?","M","?","R","E","R","T","R","M","M","M","$","R","BOSS","M","$","?","?"],"build_version":"2018-03-09","purchased_purges":1,"victory":false,"master_deck":["Strike_R","Strike_R","Strike_R","Defend_R","Defend_R","Defend_R","Defend_R","Bash+1","Anger","Body Slam+1","Flex+1","Clothesline+1","Flex","Heavy Blade","True Grit","Twin Strike","Good Instincts","Rampage","Impervious","Heavy Blade","Shockwave","Blood for Blood","Limit Break"],"max_hp_per_floor":[80,80,80,80,80,80,80,80,80,80,80,80,80,80,80,80,80,80,80,80],"relics":["Burning Blood","Tiny Chest","Frozen Egg 2","Orrery","Pen Nib"],"card_choices":[{"not_picked":["Thunderclap","Iron Wave"],"picked":"Anger"},{"not_picked":["Feel No Pain","Evolve"],"picked":"Flex"},{"not_picked":["Twin Strike","Dropkick"],"picked":"Clothesline"},{"not_picked":["Sword Boomerang","Sentinel"],"picked":"Flex"},{"not_picked":["Pommel Strike","Warcry"],"picked":"Heavy Blade"},{"not_picked":["Thunderclap","Perfected Strike"],"picked":"True Grit"},{"not_picked":["Thunderclap","Clash"],"picked":"Twin Strike"},{"not_picked":["Berserk","Offering"],"picked":"Impervious"},{"not_picked":["Twin Strike","Infernal Blade"],"picked":"Heavy Blade"},{"not_picked":["Anger","Perfected Strike"],"picked":"Shockwave"},{"not_picked":["Rupture","Anger"],"picked":"Blood for Blood"},{"not_picked":["Thunderclap","Heavy Blade"],"picked":"Limit Break"}],"player_experience":192439,"potions_floor_usage":[],"damage_taken":[{"damage":0.0,"enemies":"2 Louse","floor":1.0,"turns":3.0},{"damage":2.0,"enemies":"Jaw Worm","floor":4.0,"turns":3.0},{"damage":0.0,"enemies":"Small Slimes","floor":5.0,"turns":3.0},{"damage":21.0,"enemies":"3 Sentries","floor":7.0,"turns":6.0},{"damage":18.0,"enemies":"Exordium Thugs","floor":11.0,"turns":5.0},{"damage":10.0,"enemies":"Gremlin Gang","floor":12.0,"turns":4.0},{"damage":6.0,"enemies":"Red Slaver","floor":13.0,"turns":3.0},{"damage":31.0,"enemies":"Slime Boss","floor":16.0,"turns":8.0},{"damage":16,"enemies":"3 Byrds","floor":18,"turns":7},{"damage":40,"enemies":"2 Thieves","floor":20,"turns":5},{"damage":43,"enemies":"3 Cultists","floor":21,"turns":6}],"event_choices":[{"event_name":"Living Wall","player_choice":"Change","floor":2.0,"damage_taken":0.0},{"event_name":"The Lab","player_choice":"Got Potions","floor":3.0,"damage_taken":0.0}],"boss_relics":[{"not_picked":["White Beast Statue","Calling Bell"],"picked":"Orrery"}],"potions_floor_spawned":[5,7,12],"seed_played":"-1659769987753128994","killed_by":"3 Cultists","ascension_level":4,"is_trial":false}