{"gold_per_floor":[113,113,113,131,142,142,171,171,171,171,200,200,165,178,178,178],"floor_reached":16,"playtime":453,"items_purged":[],"score":189,"play_id":"868cdb06-8b39-4903-8b64-44f993b5014e","local_time":"20180803175938","is_ascension_mode":true,"campfire_choices":[{"data":"Metallicize","floor":6,"key":"SMITH"},{"data":"Bash","floor":8,"key":"SMITH"},{"data":"Thunderclap","floor":10,"key":"SMITH"},{"data":"Inflame","floor":15,"key":"SMITH"}],"neow_cost":"NONE","seed_source_timestamp":570452478106841,"circlet_count":0,"master_deck":["Strike_R+1","Strike_R","Strike_R+1","Strike_R","Strike_R","Defend_R","Defend_R","Defend_R","Defend_R","Bash+1","AscendersBane","Uppercut+1","Metallicize+1","Thunderclap+1","Inflame+1","Disarm"],"relics":["Black Star","Bottled Tornado","Bottled Flame","Anchor","Question Card","Frozen Egg 2"],"potions_floor_usage":[7,7,16],"damage_taken":[{"damage":1,"enemies":"Small Slimes","floor":1,"turns":4},{"damage":2,"enemies":"2 Louse","floor":4,"turns":3},{"damage":0,"enemies":"Cultist","floor":5,"turns":4},{"damage":10,"enemies":"Lagavulin","floor":7,"turns":8},{"damage":21,"enemies":"3 Sentries","floor":11,"turns":7},{"damage":4,"enemies":"Blue Slaver","floor":14,"turns":3},{"damage":30,"enemies":"Slime Boss","floor":16,"turns":9}],"seed_played":"-6178630872466931156","potions_obtained":[{"floor":1,"key":"EntropicBrew"},{"floor":7,"key":"Ancient Potion"}],"is_trial":false,"path_per_floor":["M","?","?","M","M","R","E","R","T","R","E","?","?","M","R"],"character_chosen":"IRONCLAD","items_purchased":[],"campfire_rested":0,"item_purchase_floors":[],"current_hp_per_floor":[67,44,44,42,42,42,32,32,32,32,11,11,29,25,25,0],"gold":178,"neow_bonus":"BOSS_RELIC","is_prod":false,"is_daily":false,"chose_seed":false,"campfire_upgraded":4,"win_rate":0,"timestamp":1533344378,"path_taken":["M","?","?","?","M","R","E","R","T","R","E","?","?","M","R","BOSS"],"build_version":"2018-08-01","purchased_purges":0,"victory":false,"max_hp_per_floor":[75,75,75,75,75,75,75,75,75,75,75,75,75,75,75,75],"card_choices":[{"not_picked":["Second Wind","Cleave"],"picked":"Uppercut","floor":1},{"not_picked":["Warcry","Bloodletting"],"picked":"Metallicize","floor":4},{"not_picked":["Cleave","Havoc"],"picked":"Thunderclap","floor":7},{"not_picked":["Juggernaut","Uppercut"],"picked":"Inflame","floor":11},{"not_picked":["Clash","Havoc","Cleave"],"picked":"Disarm","floor":14}],"player_experience":718205,"relics_obtained":[{"floor":7,"key":"Bottled Tornado"},{"floor":7,"key":"Bottled Flame"},{"floor":9,"key":"Anchor"},{"floor":11,"key":"Question Card"},{"floor":11,"key":"Frozen Egg 2"}],"event_choices":[{"event_name":"Shining Light","player_choice":"Entered Light","floor":2,"damage_taken":0},{"event_name":"Living Wall","player_choice":"Grow","floor":3,"damage_taken":0},{"event_name":"Liars Game","player_choice":"disagreed","floor":12,"damage_taken":0},{"event_name":"The Cleric","player_choice":"Healed","floor":13,"damage_taken":0}],"is_beta":true,"boss_relics":[],"items_purged_floors":[],"is_endless":false,"potions_floor_spawned":[1,7,11],"killed_by":"Slime Boss","ascension_level":15}