{"gold_per_floor":[119,131,141,152,166,198,198,215,266,266,216,241,241,272,272,272],"floor_reached":16,"playtime":757,"items_purged":[],"score":183,"play_id":"e6a47b2f-5c3e-4305-8add-df138d5c1d0d","local_time":"20190122214656","is_ascension_mode":true,"campfire_choices":[{"floor":7,"key":"REST"},{"floor":10,"key":"REST"},{"floor":13,"key":"REST"},{"data":"Burst","floor":15,"key":"SMITH"}],"neow_cost":"NONE","seed_source_timestamp":199406548050962,"circlet_count":0,"master_deck":["AscendersBane","Defend_G","Defend_G","Defend_G","Defend_G","Defend_G","Strike_G","Strike_G","Strike_G","Strike_G","Survivor","Neutralize+1","Poisoned Stab","Bane","Distraction","Deflect","Poisoned Stab","Deflect","Poisoned Stab","Deadly Poison","Burst+1"],"relics":["Ring of the Snake","Regal Pillow","Anchor","Omamori","Kunai"],"potions_floor_usage":[6,6,14,16],"damage_taken":[{"damage":4,"enemies":"Cultist","floor":1,"turns":5},{"damage":5,"enemies":"Small Slimes","floor":2,"turns":3},{"damage":2,"enemies":"Jaw Worm","floor":3,"turns":3},{"damage":1,"enemies":"2 Fungi Beasts","floor":4,"turns":3},{"damage":16,"enemies":"Exordium Thugs","floor":5,"turns":8},{"damage":33,"enemies":"3 Sentries","floor":6,"turns":12},{"damage":7,"enemies":"Large Slime","floor":8,"turns":8},{"damage":31,"enemies":"Gremlin Nob","floor":12,"turns":5},{"damage":22,"enemies":"Lagavulin","floor":14,"turns":6},{"damage":49,"enemies":"Slime Boss","floor":16,"turns":9}],"seed_played":"240879004785563628","potions_obtained":[{"floor":1,"key":"Ancient Potion"},{"floor":3,"key":"GamblersBrew"},{"floor":6,"key":"SpeedPotion"},{"floor":8,"key":"Strength Potion"}],"is_trial":false,"path_per_floor":["M","M","M","M","M","E","R","M","T","R","?","E","R","E","R","B"],"character_chosen":"THE_SILENT","items_purchased":[],"campfire_rested":3,"item_purchase_floors":[],"current_hp_per_floor":[59,54,52,51,35,2,38,31,31,67,67,36,70,48,48,0],"gold":272,"neow_bonus":"UPGRADE_CARD","is_prod":false,"is_daily":false,"chose_seed":false,"campfire_upgraded":1,"win_rate":0,"timestamp":1548190016,"path_taken":["M","M","M","?","M","E","R","M","T","R","?","E","R","E","R","BOSS"],"build_version":"2019-01-17v2","purchased_purges":0,"victory":false,"max_hp_per_floor":[70,70,70,70,70,70,70,70,70,70,70,70,70,70,70,70],"card_choices":[{"not_picked":["Outmaneuver","Leg Sweep"],"picked":"Poisoned Stab","floor":1},{"not_picked":["Underhanded Strike","Outmaneuver"],"picked":"Bane","floor":2},{"not_picked":["Underhanded Strike","Outmaneuver"],"picked":"Distraction","floor":3},{"not_picked":["Blade Dance","Underhanded Strike"],"picked":"Deflect","floor":4},{"not_picked":["Grand Finale","Concentrate"],"picked":"Poisoned Stab","floor":5},{"not_picked":["Quick Slash","Underhanded Strike"],"picked":"Deflect","floor":6},{"not_picked":["Acrobatics","Quick Slash"],"picked":"Poisoned Stab","floor":8},{"not_picked":["Reflex","Masterful Stab"],"picked":"Deadly Poison","floor":12},{"not_picked":["PiercingWail","Poisoned Stab"],"picked":"Burst","floor":14}],"player_experience":264807,"relics_obtained":[{"floor":6,"key":"Regal Pillow"},{"floor":9,"key":"Anchor"},{"floor":12,"key":"Omamori"},{"floor":14,"key":"Kunai"}],"event_choices":[{"cards_removed":["Strike_G"],"damage_healed":0,"gold_gain":0,"player_choice":"Card Removal","damage_taken":0,"max_hp_gain":0,"max_hp_loss":0,"event_name":"The Cleric","floor":11,"gold_loss":50}],"is_beta":false,"boss_relics":[],"items_purged_floors":[],"is_endless":false,"potions_floor_spawned":[1,3,6,8],"killed_by":"Slime Boss","ascension_level":10}