{"gold_per_floor":[110,130,130,142,142,171,199,211,223,261,286,298],"floor_reached":12,"playtime":308,"items_purged":[],"score":176,"play_id":"dfcb4a42-9449-45a5-9f41-02600b9d8c0b","local_time":"20190109033155","is_ascension_mode":true,"campfire_choices":[{"data":"Reboot","floor":8.0,"key":"SMITH"}],"neow_cost":"NONE","seed_source_timestamp":0,"circlet_count":0,"master_deck":["AscendersBane","Strike_B","Strike_B","Strike_B","Strike_B","Defend_B","Defend_B","Defend_B","Zap","Dualcast","Auto Shields","Doom and Gloom","Reboot+1","Cold Snap","Biased Cognition","Ball Lightning"],"special_seed":0,"relics":["Cracked Core","MawBank","Strawberry","Symbiotic Virus"],"potions_floor_usage":[10],"damage_taken":[{"damage":6.0,"enemies":"2 Louse","floor":1.0,"turns":3.0},{"damage":1.0,"enemies":"Cultist","floor":2.0,"turns":4.0},{"damage":3.0,"enemies":"Small Slimes","floor":4.0,"turns":3.0},{"damage":41.0,"enemies":"Gremlin Nob","floor":6.0,"turns":5.0},{"damage":11.0,"enemies":"Looter","floor":7.0,"turns":3.0},{"damage":30,"enemies":"3 Sentries","floor":10,"turns":5},{"damage":0,"enemies":"3 Louse","floor":11,"turns":3},{"damage":14,"enemies":"Red Slaver","floor":12,"turns":1}],"seed_played":"537311729145860266","potions_obtained":[{"floor":1.0,"key":"Block Potion"},{"floor":6.0,"key":"Strength Potion"},{"floor":10,"key":"Fire Potion"},{"floor":11,"key":"LiquidBronze"}],"is_trial":false,"path_per_floor":["M","M","?","M","?","E","M","R","T","E","M","M"],"character_chosen":"DEFECT","items_purchased":[],"campfire_rested":0,"item_purchase_floors":[],"current_hp_per_floor":[65,64,64,61,78,37,26,26,33,3,3,0],"gold":298,"neow_bonus":"TEN_PERCENT_HP_BONUS","is_prod":false,"is_daily":false,"chose_seed":false,"campfire_upgraded":1,"win_rate":0,"timestamp":1546972315,"path_taken":["M","M","?","?","?","E","?","R","T","E","M","M"],"build_version":"2019-01-03v4","purchased_purges":0,"victory":false,"max_hp_per_floor":[78,78,78,78,78,78,78,78,85,85,85,85],"card_choices":[{"not_picked":["Chaos","Barrage"],"picked":"Auto Shields","floor":1.0},{"not_picked":["Blizzard","Recycle"],"picked":"Steam Power","floor":2.0},{"not_picked":["Steam Power","Barrage"],"picked":"Doom and Gloom","floor":4.0},{"not_picked":["Beam Cell","Blizzard"],"picked":"Reboot","floor":6.0},{"not_picked":["Gash","Rebound"],"picked":"Cold Snap","floor":7.0},{"not_picked":["Beam Cell","Melter"],"picked":"Biased Cognition","floor":10},{"not_picked":["Tempest","Heatsinks"],"picked":"Ball Lightning","floor":11}],"player_experience":1026747,"relics_obtained":[{"floor":6.0,"key":"MawBank"},{"floor":9.0,"key":"Strawberry"},{"floor":10,"key":"Symbiotic Virus"}],"event_choices":[{"cards_removed":["Defend_B"],"damage_healed":0.0,"max_hp_gain":0.0,"max_hp_loss":0.0,"gold_gain":0.0,"event_name":"Purifier","player_choice":"Purged","floor":3.0,"gold_loss":0.0,"damage_taken":0.0},{"cards_removed":["Steam Power"],"damage_healed":17.0,"max_hp_gain":0.0,"max_hp_loss":0.0,"gold_gain":0.0,"event_name":"Bonfire Elementals","player_choice":"Offered Uncommon","floor":5.0,"gold_loss":0.0,"damage_taken":0.0}],"is_beta":false,"boss_relics":[],"items_purged_floors":[],"is_endless":false,"potions_floor_spawned":[1,6,10,11],"killed_by":"Red Slaver","ascension_level":19}