{"path_per_floor":["M","?","M","?","?","E","?","?","T","M","M","T","E","M","R","B",null,"M","$","?","?","$","E","R","E","T","T","M","R","M","E","R","B",null,"M","M","?","M"],"character_chosen":"THE_SILENT","items_purchased":["Gambling Chip","Catalyst"],"gold_per_floor":[114,114,131,206,206,240,205,205,205,224,240,294,326,344,344,448,448,461,71,71,71,34,61,61,96,96,120,130,130,148,183,183,283,283,298,308,308,324,324],"floor_reached":39,"campfire_rested":2,"playtime":2645,"current_hp_per_floor":[63,63,62,51,51,19,36,70,70,70,67,67,57,51,51,27,70,59,59,59,59,59,40,40,15,15,15,15,36,33,14,35,16,70,44,39,39,25,0],"items_purged":["Regret"],"gold":324,"score":565,"play_id":"15b19f80-ff82-4d42-ae5e-11b7e1b6c450","local_time":"20180324214210","is_prod":false,"is_daily":false,"is_ascension_mode":true,"campfire_upgraded":2,"timestamp":1521924130,"path_taken":["M","?","M","?","?","E","?","?","T","M","M","?","E","?","R","BOSS","M","$","?","?","?","E","R","E","T","?","M","R","M","E","R","BOSS","M","M","?","M","M"],"build_version":"2018-03-22v2","purchased_purges":1,"victory":false,"master_deck":["Survivor","Neutralize","Noxious Fumes+1","Noxious Fumes","PiercingWail","Leg Sweep","Sucker Punch","Slice","Poisoned Stab","Die Die Die","Flying Knee","Flying Knee","Prepared","Dagger Spray","PiercingWail","Flying Knee","Writhe","Catalyst+1","Bane+1","Dagger Throw+1","Flying Knee","Backstab","Escape Plan","Dagger Throw+1","Venomology","Die Die Die","Dagger Spray","Sucker Punch","Backflip","Predator","PiercingWail","Footwork","Underhanded Strike","Backflip","Outmaneuver","Slice+1","Envenom"],"max_hp_per_floor":[70,70,70,70,70,70,70,70,70,70,70,70,70,70,70,70,70,70,70,70,70,70,70,70,70,70,70,70,70,70,70,70,70,70,70,70,70,70,70],"relics":["Lizard Tail","Du-Vu Doll","Whetstone","Ginger","Orichalcum","Orrery","Gambling Chip","Prayer Wheel","Nloth\u0027s Gift","Vajra","Unceasing Top","Dead Branch","Omamori","Matryoshka","Pandora\u0027s Box"],"card_choices":[{"not_picked":["Dagger Spray","Quick Slash"],"picked":"Noxious Fumes","floor":1},{"not_picked":["Slice","Dodge and Roll"],"picked":"Noxious Fumes","floor":3},{"not_picked":["Tactician","Acrobatics"],"picked":"PiercingWail","floor":6},{"not_picked":["Outmaneuver","Deflect"],"picked":"Leg Sweep","floor":10},{"not_picked":["Escape Plan","Deadly Poison"],"picked":"Sucker Punch","floor":11},{"not_picked":["Reflex","Deflect"],"picked":"Slice","floor":13},{"not_picked":["Deflect","Bane"],"picked":"Poisoned Stab","floor":14},{"not_picked":["After Image","Night Terror"],"picked":"Die Die Die","floor":16},{"not_picked":["PiercingWail","Predator"],"picked":"Flying Knee","floor":17},{"not_picked":["Flechettes","Calculated Gamble"],"picked":"Flying Knee","floor":17},{"not_picked":["Sucker Punch","Reflex"],"picked":"Prepared","floor":17},{"not_picked":["Blade Dance","All Out Attack"],"picked":"Dagger Spray","floor":17},{"not_picked":["Crippling Poison","Blade Dance"],"picked":"PiercingWail","floor":17},{"not_picked":["Outmaneuver","Underhanded Strike"],"picked":"Flying Knee","floor":18},{"not_picked":["Storm of Steel","Blur"],"picked":"Bane","floor":23},{"not_picked":["Acrobatics","Sucker Punch"],"picked":"Dagger Throw","floor":25},{"not_picked":["Blade Dance","Predator"],"picked":"Flying Knee","floor":26},{"not_picked":["Finisher","Outmaneuver"],"picked":"Backstab","floor":27},{"not_picked":["Acrobatics","Dagger Throw"],"picked":"Escape Plan","floor":28},{"not_picked":["Prepared","Cloak And Dagger"],"picked":"Dagger Throw","floor":30},{"not_picked":["Phantasmal Killer","Deadly Poison"],"picked":"Venomology","floor":31},{"not_picked":["Grand Finale","Doppelganger"],"picked":"Die Die Die","floor":33},{"not_picked":["Cloak And Dagger","Eviscerate"],"picked":"Slice","floor":35},{"not_picked":["Backflip","Storm of Steel"],"picked":"Envenom","floor":36}],"player_experience":325547,"potions_floor_usage":[13,16,23,28,33,33,35,38,39,39],"damage_taken":[{"damage":7,"enemies":"Jaw Worm","floor":1,"turns":4},{"damage":1,"enemies":"Cultist","floor":3,"turns":4},{"damage":32,"enemies":"Lagavulin","floor":6,"turns":8},{"damage":0,"enemies":"Small Slimes","floor":10,"turns":3},{"damage":3,"enemies":"Blue Slaver","floor":11,"turns":4},{"damage":10,"enemies":"Gremlin Nob","floor":13,"turns":4},{"damage":6,"enemies":"2 Fungi Beasts","floor":14,"turns":4},{"damage":24,"enemies":"Slime Boss","floor":16,"turns":8},{"damage":11,"enemies":"Spheric Guardian","floor":18,"turns":5},{"damage":31,"enemies":"Slavers","floor":23,"turns":5},{"damage":25,"enemies":"Gremlin Leader","floor":25,"turns":5},{"damage":0,"enemies":"Shell Parasite","floor":28,"turns":3},{"damage":3,"enemies":"Cultist and Chosen","floor":30,"turns":5},{"damage":19,"enemies":"Book of Stabbing","floor":31,"turns":6},{"damage":57,"enemies":"Automaton","floor":33,"turns":9},{"damage":26,"enemies":"3 Shapes","floor":35,"turns":3},{"damage":5,"enemies":"3 Darklings","floor":36,"turns":4},{"damage":14,"enemies":"4 Shapes","floor":38,"turns":3},{"damage":30,"enemies":"Sphere and 2 Shapes","floor":39,"turns":3}],"event_choices":[{"event_name":"Purifier","player_choice":"One Purge","floor":2,"damage_taken":0},{"event_name":"World of Goop","player_choice":"Gather Gold","floor":4,"damage_taken":0},{"event_name":"Big Fish","player_choice":"Box","floor":5,"damage_taken":0},{"event_name":"The Cleric","player_choice":"Healed","floor":7,"damage_taken":0},{"event_name":"Wheel of Change","player_choice":"Full Heal","floor":8,"damage_taken":0},{"event_name":"The Mausoleum","player_choice":"Yes","floor":20,"damage_taken":0},{"event_name":"N\u0027loth","player_choice":"Traded a Bag of Marbles","floor":21,"damage_taken":0},{"event_name":"Mysterious Sphere","player_choice":"Ignore","floor":37,"damage_taken":0}],"boss_relics":[{"not_picked":["Tiny House","Velvet Choker"],"picked":"Orrery"},{"not_picked":["Runic Pyramid","Eternal Feather"],"picked":"Pandora\u0027s Box"}],"potions_floor_spawned":[10,13,14,25,30,38],"seed_played":"7401053966435891071","killed_by":"Sphere and 2 Shapes","ascension_level":3,"is_trial":false}