{"gold_per_floor":[119,135,135,68,83,83,112,112,112,77,93,126,88,103,103,198,198,212,226,236,236,236,265,110,110,159,159,188,188,188,207,207,308,308,320,320,338,358,373,398,398,427,427,461,478,489,523,523,523,523],"floor_reached":51,"playtime":3977,"items_purged":["Strike_G"],"score":1125,"play_id":"9e2872fb-740f-4769-a91a-e9cb1bf528ee","local_time":"20190118041309","is_ascension_mode":true,"campfire_choices":[{"data":"Deadly Poison","floor":6,"key":"SMITH"},{"data":"Envenom","floor":8,"key":"SMITH"},{"data":"Deadly Poison","floor":15,"key":"SMITH"},{"data":"Footwork","floor":25,"key":"SMITH"},{"floor":27,"key":"REST"},{"data":"Adrenaline","floor":29,"key":"SMITH"},{"data":"Acrobatics","floor":32,"key":"SMITH"},{"data":"Blur","floor":41,"key":"SMITH"},{"floor":49,"key":"REST"}],"neow_cost":"NONE","seed_source_timestamp":27985993636343,"circlet_count":0,"master_deck":["Defend_G","Defend_G","Defend_G","Defend_G","Defend_G","Strike_G","Strike_G","Strike_G","Survivor","Neutralize","Acrobatics+1","Deadly Poison+1","Backflip","Envenom+1","Masterful Stab","Bullet Time","Footwork+1","Deadly Poison+1","Tools of the Trade","Leg Sweep+1","Blur+1","Blur","Bullet Time","Eviscerate","Adrenaline+1","Writhe","Footwork+1","Corpse Explosion","Eviscerate+1","Choke+1","Eviscerate","After Image"],"relics":["Ring of the Serpent","Orichalcum","Mango","Mercury Hourglass","Happy Flower","Snecko Eye","Juzu Bracelet","Smiling Mask","Pocketwatch","Bag of Preparation","Pantograph","Ginger","Mummified Hand","Bottled Lightning","Vajra"],"potions_floor_usage":[12,18,20,23,23,33,37,38],"damage_taken":[{"damage":8,"enemies":"2 Louse","floor":1,"turns":3},{"damage":9,"enemies":"Jaw Worm","floor":2,"turns":8},{"damage":0,"enemies":"Cultist","floor":5,"turns":4},{"damage":21,"enemies":"3 Sentries","floor":7,"turns":11},{"damage":0,"enemies":"2 Fungi Beasts","floor":11,"turns":4},{"damage":19,"enemies":"Lagavulin","floor":12,"turns":5},{"damage":2,"enemies":"Looter","floor":14,"turns":3},{"damage":17,"enemies":"The Guardian","floor":16,"turns":8},{"damage":7,"enemies":"3 Byrds","floor":18,"turns":4},{"damage":0,"enemies":"Chosen","floor":19,"turns":4},{"damage":12,"enemies":"Snake Plant","floor":20,"turns":5},{"damage":17,"enemies":"Slavers","floor":23,"turns":9},{"damage":2,"enemies":"Book of Stabbing","floor":28,"turns":5},{"damage":4,"enemies":"Sentry and Sphere","floor":31,"turns":6},{"damage":10,"enemies":"Automaton","floor":33,"turns":12},{"damage":0,"enemies":"Orb Walker","floor":35,"turns":4},{"damage":2,"enemies":"3 Darklings","floor":37,"turns":2},{"damage":0,"enemies":"Transient","floor":38,"turns":5},{"damage":0,"enemies":"Sphere and 2 Shapes","floor":39,"turns":4},{"damage":0,"enemies":"Giant Head","floor":40,"turns":7},{"damage":31,"enemies":"Reptomancer","floor":42,"turns":5},{"damage":0,"enemies":"Giant Head","floor":44,"turns":6},{"damage":0,"enemies":"Jaw Worm Horde","floor":45,"turns":4},{"damage":0,"enemies":"3 Darklings","floor":46,"turns":2},{"damage":2,"enemies":"Nemesis","floor":47,"turns":5},{"damage":34,"enemies":"Time Eater","floor":50,"turns":10}],"seed_played":"-6945811518653820041","potions_obtained":[{"floor":5,"key":"SpeedPotion"},{"floor":11,"key":"Weak Potion"},{"floor":14,"key":"EntropicBrew"},{"floor":20,"key":"Dexterity Potion"},{"floor":31,"key":"Explosive Potion"},{"floor":33,"key":"Strength Potion"},{"floor":35,"key":"Regen Potion"},{"floor":36,"key":"SmokeBomb"},{"floor":37,"key":"Explosive Potion"},{"floor":38,"key":"Block Potion"},{"floor":45,"key":"Energy Potion"}],"is_trial":false,"path_per_floor":["M","M","?","?","M","R","E","R","T","?","M","E","$","M","R","B",null,"M","M","M","?","?","E","$","R","T","R","E","R","?","M","R","B",null,"M","?","M","M","M","E","R","E","T","E","M","M","E","?","R","B",null],"character_chosen":"THE_SILENT","items_purchased":["Footwork","Eviscerate"],"campfire_rested":2,"item_purchase_floors":[13,24],"current_hp_per_floor":[62,53,53,53,53,53,46,46,46,68,68,49,49,47,47,30,76,69,69,57,57,57,40,40,40,40,67,65,65,65,61,61,51,81,81,81,88,88,88,88,88,57,57,57,57,57,55,55,82,57],"gold":523,"neow_bonus":"TEN_PERCENT_HP_BONUS","is_prod":false,"is_daily":false,"chose_seed":false,"campfire_upgraded":7,"win_rate":0,"timestamp":1547781189,"path_taken":["M","M","?","?","?","R","E","R","T","?","M","E","$","M","R","BOSS","M","M","M","?","?","E","$","R","T","R","E","R","?","M","R","BOSS","M","?","M","M","M","E","R","E","T","E","M","M","E","?","R","BOSS"],"build_version":"2019-01-10","purchased_purges":1,"victory":true,"max_hp_per_floor":[77,77,77,77,77,77,91,91,91,91,91,91,91,91,91,91,91,91,91,91,91,91,91,91,91,91,91,91,91,91,91,91,91,91,91,91,91,91,91,91,91,91,91,91,91,91,91,91,91,91],"card_choices":[{"not_picked":["Expertise","Sucker Punch"],"picked":"Acrobatics","floor":1},{"not_picked":["PiercingWail","Bane"],"picked":"Deadly Poison","floor":2},{"not_picked":["PiercingWail","Outmaneuver"],"picked":"Backflip","floor":5},{"not_picked":["Deflect","Deadly Poison"],"picked":"Envenom","floor":7},{"not_picked":["Backflip","PiercingWail"],"picked":"Masterful Stab","floor":11},{"not_picked":["PiercingWail","Caltrops"],"picked":"Bullet Time","floor":12},{"not_picked":["Quick Slash","Concentrate"],"picked":"Deadly Poison","floor":14},{"not_picked":["Doppelganger","Bullet Time"],"picked":"Tools of the Trade","floor":16},{"not_picked":["Finisher","Dagger Throw"],"picked":"Leg Sweep+1","floor":18},{"not_picked":["Terror","Deadly Poison"],"picked":"Blur","floor":19},{"not_picked":["Backflip","Deadly Poison"],"picked":"Blur","floor":20},{"not_picked":["PiercingWail","Dagger Throw+1"],"picked":"Bullet Time","floor":23},{"not_picked":["Setup+1","Dagger Throw"],"picked":"Adrenaline","floor":28},{"not_picked":["Sucker Punch","Flechettes"],"picked":"Footwork+1","floor":31},{"not_picked":["A Thousand Cuts","Malaise"],"picked":"Corpse Explosion","floor":33},{"not_picked":["Dagger Spray+1","Deadly Poison"],"picked":"Eviscerate+1","floor":35},{"not_picked":["PiercingWail+1","Dodge and Roll+1","Terror+1"],"picked":"SKIP","floor":37},{"not_picked":["Riddle With Holes+1","Outmaneuver","Flying Knee"],"picked":"SKIP","floor":38},{"not_picked":["PiercingWail+1","Dodge and Roll"],"picked":"Choke+1","floor":39},{"not_picked":["Slice","Dodge and Roll"],"picked":"Eviscerate","floor":40},{"not_picked":["Predator","Slice+1"],"picked":"After Image","floor":42},{"not_picked":["Underhanded Strike","Dodge and Roll+1","Sucker Punch"],"picked":"SKIP","floor":44},{"not_picked":["Terror","Underhanded Strike+1","Reflex"],"picked":"SKIP","floor":45},{"not_picked":["Expertise","Doppelganger","PiercingWail+1"],"picked":"SKIP","floor":46},{"not_picked":["Calculated Gamble","Underhanded Strike","Well Laid Plans+1"],"picked":"SKIP","floor":47}],"player_experience":216290,"relics_obtained":[{"floor":7,"key":"Mango"},{"floor":9,"key":"Mercury Hourglass"},{"floor":12,"key":"Happy Flower"},{"floor":23,"key":"Juzu Bracelet"},{"floor":26,"key":"Smiling Mask"},{"floor":28,"key":"Pocketwatch"},{"floor":40,"key":"Pantograph"},{"floor":42,"key":"Ginger"},{"floor":43,"key":"Mummified Hand"},{"floor":44,"key":"Bottled Lightning"},{"floor":47,"key":"Vajra"}],"event_choices":[{"cards_removed":["Strike_G"],"damage_healed":0,"gold_gain":0,"player_choice":"Forget","damage_taken":0,"max_hp_gain":0,"max_hp_loss":0,"event_name":"Living Wall","floor":3,"gold_loss":0},{"damage_healed":0,"gold_gain":0,"player_choice":"Paid Gold","damage_taken":0,"relics_obtained":["Orichalcum"],"max_hp_gain":0,"max_hp_loss":0,"event_name":"WeMeetAgain","floor":4,"gold_loss":67},{"damage_healed":22,"gold_gain":0,"player_choice":"Healed","damage_taken":0,"max_hp_gain":0,"max_hp_loss":0,"event_name":"The Cleric","floor":10,"gold_loss":35},{"damage_healed":0,"gold_gain":0,"player_choice":"Ignored","damage_taken":0,"max_hp_gain":0,"max_hp_loss":0,"event_name":"Ghosts","floor":21,"gold_loss":0},{"damage_healed":0,"gold_gain":0,"player_choice":"Bought 0 Potions","damage_taken":0,"max_hp_gain":0,"max_hp_loss":0,"event_name":"The Woman in Blue","floor":22,"gold_loss":0},{"damage_healed":0,"gold_gain":0,"player_choice":"Opened","damage_taken":0,"relics_obtained":["Bag of Preparation"],"max_hp_gain":0,"max_hp_loss":0,"event_name":"The Mausoleum","floor":30,"gold_loss":0,"cards_obtained":["Writhe"]},{"damage_healed":0,"gold_gain":0,"player_choice":"Got Potions","damage_taken":0,"max_hp_gain":0,"max_hp_loss":0,"event_name":"Lab","floor":36,"gold_loss":0},{"damage_healed":0,"gold_gain":0,"player_choice":"Memory 1","damage_taken":0,"max_hp_gain":0,"max_hp_loss":0,"event_name":"SensoryStone","floor":48,"gold_loss":0}],"is_beta":false,"boss_relics":[{"not_picked":["Ectoplasm","Fusion Hammer"],"picked":"Snecko Eye"},{"not_picked":["Calling Bell","Runic Pyramid"],"picked":"Ring of the Serpent"}],"items_purged_floors":[24],"is_endless":false,"potions_floor_spawned":[5,11,14,19,20,31,33,35,37,38,42,45],"ascension_level":7}