{"gold_per_floor":[109,120,45,59,59,92,109,109,162,62,73,73,93,104,104,200,200,219,232,232,37,37,72,72,97,97,107,107],"floor_reached":28,"playtime":4011,"items_purged":["Pain","Defend_G","Writhe"],"score":240,"play_id":"c40a5abf-37f6-4327-ac2d-5bf74d4d261b","local_time":"20190201223750","is_ascension_mode":false,"campfire_choices":[{"data":"Deadly Poison","floor":8,"key":"SMITH"},{"data":"Backflip","floor":12,"key":"SMITH"},{"floor":15,"key":"REST"},{"floor":24,"key":"REST"}],"neow_cost":"CURSE","seed_source_timestamp":4464715299046,"circlet_count":0,"master_deck":["Defend_G","Defend_G","Strike_G","Strike_G","Survivor","Neutralize","After Image","Venomology","Dagger Throw","Crippling Poison","Flying Knee","Quick Slash","Deadly Poison+1","Backflip+1","Dodge and Roll","Envenom","Glass Knife","Malaise+1","Acrobatics+1","A Thousand Cuts+1","Footwork+1","Noxious Fumes","Prepared","Leg Sweep"],"relics":["Ring of the Snake","Darkstone Periapt","Vajra","Astrolabe","Pen Nib","Unceasing Top","Boot","Dodecahedron"],"potions_floor_usage":[4,6,6,19,23,23,27,27,28],"damage_taken":[{"damage":0,"enemies":"2 Louse","floor":1,"turns":4},{"damage":2,"enemies":"Cultist","floor":2,"turns":4},{"damage":1,"enemies":"Jaw Worm","floor":4,"turns":3},{"damage":17,"enemies":"Lagavulin","floor":6,"turns":10},{"damage":0,"enemies":"2 Fungi Beasts","floor":7,"turns":3},{"damage":4,"enemies":"Blue Slaver","floor":11,"turns":3},{"damage":0,"enemies":"Looter","floor":13,"turns":3},{"damage":0,"enemies":"3 Louse","floor":14,"turns":3},{"damage":29,"enemies":"Hexaghost","floor":16,"turns":10},{"damage":8,"enemies":"Shell Parasite","floor":18,"turns":8},{"damage":2,"enemies":"Chosen","floor":19,"turns":5},{"damage":40,"enemies":"Slavers","floor":23,"turns":6},{"damage":10,"enemies":"Centurion and Healer","floor":27,"turns":13},{"damage":43,"enemies":"Cultist and Chosen","floor":28,"turns":10}],"seed_played":"-3106803949716191856","potions_obtained":[{"floor":1,"key":"AttackPotion"},{"floor":2,"key":"AttackPotion"},{"floor":7,"key":"Energy Potion"},{"floor":13,"key":"Regen Potion"},{"floor":18,"key":"SpeedPotion"},{"floor":23,"key":"Weak Potion"}],"is_trial":false,"path_per_floor":["M","M","$","M","?","E","M","R","T","$","M","R","M","M","R","B",null,"M","M","?","$","?","E","R","T","T","M","M"],"character_chosen":"THE_SILENT","items_purchased":["Noxious Fumes"],"campfire_rested":2,"item_purchase_floors":[21],"current_hp_per_floor":[70,68,68,67,67,50,50,50,50,50,46,46,46,46,67,38,70,62,60,66,66,66,26,48,48,48,38,0],"gold":107,"neow_bonus":"TRANSFORM_TWO_CARDS","is_prod":false,"is_daily":false,"chose_seed":false,"campfire_upgraded":2,"win_rate":0.0,"timestamp":1549021070,"path_taken":["M","M","$","M","?","E","M","R","T","?","M","R","?","M","R","BOSS","M","M","?","$","?","E","R","?","T","M","M"],"build_version":"2019-01-23","purchased_purges":3,"victory":false,"max_hp_per_floor":[70,70,70,70,70,70,70,70,70,70,70,70,70,70,70,70,70,70,70,76,76,76,76,76,76,76,76,76],"card_choices":[{"not_picked":["Acrobatics","Predator"],"picked":"Dagger Throw","floor":1},{"not_picked":["PiercingWail","Flechettes"],"picked":"Crippling Poison","floor":2},{"not_picked":["Calculated Gamble","Underhanded Strike"],"picked":"Flying Knee","floor":4},{"not_picked":["All Out Attack","Calculated Gamble"],"picked":"Quick Slash","floor":6},{"not_picked":["Escape Plan","Sucker Punch"],"picked":"Deadly Poison","floor":7},{"not_picked":["Terror","Quick Slash"],"picked":"Backflip","floor":11},{"not_picked":["Backflip","Prepared"],"picked":"Dodge and Roll","floor":13},{"not_picked":["Underhanded Strike","Infinite Blades"],"picked":"Envenom","floor":14},{"not_picked":["Unload","Venomology"],"picked":"Glass Knife","floor":16},{"not_picked":["Acrobatics+1","Flying Knee","Sucker Punch"],"picked":"SKIP","floor":18},{"not_picked":["Flying Knee","Terror"],"picked":"Footwork+1","floor":19},{"not_picked":["Noxious Fumes","PiercingWail"],"picked":"Leg Sweep","floor":23},{"not_picked":["Dagger Spray","Dodge and Roll+1","Heel Hook"],"picked":"SKIP","floor":27}],"player_experience":12486,"relics_obtained":[{"floor":6,"key":"Darkstone Periapt"},{"floor":9,"key":"Vajra"},{"floor":23,"key":"Unceasing Top"},{"floor":25,"key":"Boot"},{"floor":26,"key":"Dodecahedron"}],"event_choices":[{"damage_healed":0,"gold_gain":0,"player_choice":"Bought 0 Potions","damage_taken":0,"max_hp_gain":0,"max_hp_loss":0,"event_name":"The Woman in Blue","floor":5,"gold_loss":0},{"damage_healed":0,"gold_gain":0,"player_choice":"Opened","damage_taken":0,"relics_obtained":["Pen Nib"],"max_hp_gain":0,"max_hp_loss":0,"event_name":"The Mausoleum","floor":20,"gold_loss":0,"cards_obtained":["Writhe"]},{"damage_healed":0,"gold_gain":0,"player_choice":"Read","damage_taken":0,"max_hp_gain":0,"max_hp_loss":0,"event_name":"The Library","floor":22,"gold_loss":0,"cards_obtained":["Prepared"]}],"is_beta":false,"boss_relics":[{"not_picked":["White Beast Statue","Coffee Dripper"],"picked":"Astrolabe"}],"items_purged_floors":[3,10,21],"is_endless":false,"potions_floor_spawned":[1,2,7,13,18,23],"killed_by":"Cultist and Chosen","ascension_level":0}