{"gold_per_floor":[213,226,226,17,92,92,112,112,161,47,64,64,91,111,111,111],"floor_reached":16,"playtime":1266,"items_purged":["Strike_B"],"score":90,"play_id":"95c4ed4f-615e-4f5b-95a5-58e0ad1e1b13","local_time":"20181020235633","is_ascension_mode":false,"campfire_choices":[{"data":"Tempest","floor":6,"key":"SMITH"},{"data":"Conserve Battery","floor":8,"key":"SMITH"},{"floor":15,"key":"REST"}],"neow_cost":"NONE","seed_source_timestamp":799891260475431,"circlet_count":0,"master_deck":["Strike_B","Strike_B+1","Strike_B+1","Defend_B","Defend_B","Defend_B","Defend_B","Zap","Dualcast","Tempest+1","Redo","Conserve Battery+1","Static Discharge","Iron Wave","Rampage"],"relics":["Cracked Core","PrismaticShard","Whetstone","Odd Mushroom"],"potions_floor_usage":[11,13,14],"damage_taken":[{"damage":1,"enemies":"Cultist","floor":1,"turns":3},{"damage":0,"enemies":"2 Louse","floor":2,"turns":2},{"damage":0,"enemies":"Small Slimes","floor":7,"turns":2},{"damage":8,"enemies":"Exordium Thugs","floor":11,"turns":4},{"damage":28,"enemies":"The Mushroom Lair","floor":13,"turns":3},{"damage":0,"enemies":"Blue Slaver","floor":14,"turns":2},{"damage":62,"enemies":"The Guardian","floor":16,"turns":9}],"seed_played":"2058994299355847544","potions_obtained":[{"floor":1,"key":"SpeedPotion"},{"floor":7,"key":"SkillPotion"},{"floor":11,"key":"EssenceOfSteel"},{"floor":13,"key":"Energy Potion"}],"is_trial":false,"path_per_floor":["M","M","?","$","?","R","M","R","T","$","M","?","?","M","R"],"character_chosen":"DEFECT","items_purchased":["PrismaticShard","Static Discharge"],"campfire_rested":1,"item_purchase_floors":[4,10],"current_hp_per_floor":[74,74,79,79,68,68,68,68,68,68,60,60,32,32,56,0],"gold":111,"neow_bonus":"HUNDRED_GOLD","is_prod":false,"is_daily":false,"chose_seed":false,"campfire_upgraded":2,"win_rate":0.0,"timestamp":1540032993,"path_taken":["M","?","?","$","?","R","M","R","T","?","M","?","?","?","R","BOSS"],"build_version":"2018-10-18","purchased_purges":1,"victory":false,"max_hp_per_floor":[75,75,80,80,80,80,80,80,80,80,80,80,80,80,80,80],"card_choices":[{"not_picked":["Double Energy","Aggregate"],"picked":"Tempest","floor":1},{"not_picked":["Gash","Recycle"],"picked":"Redo","floor":2},{"not_picked":["Reflex","Predator"],"picked":"Conserve Battery","floor":7},{"not_picked":["Cleave","Enlightenment","Setup"],"picked":"SKIP","floor":11},{"not_picked":["Body Slam","PanicButton"],"picked":"Iron Wave","floor":13},{"not_picked":["Heatsinks","Skewer"],"picked":"Rampage","floor":14}],"player_experience":146706,"relics_obtained":[{"floor":9,"key":"Whetstone"},{"floor":13,"key":"Odd Mushroom"}],"event_choices":[{"damage_healed":0,"gold_gain":0,"player_choice":"Donut","damage_taken":0,"max_hp_gain":5,"max_hp_loss":0,"event_name":"Big Fish","floor":3,"gold_loss":0},{"damage_healed":0,"gold_gain":75,"player_choice":"Gather Gold","damage_taken":11,"max_hp_gain":0,"max_hp_loss":0,"event_name":"World of Goop","floor":5,"gold_loss":0},{"damage_healed":0,"gold_gain":0,"player_choice":"Leave","damage_taken":0,"max_hp_gain":0,"max_hp_loss":0,"event_name":"FaceTrader","floor":12,"gold_loss":0},{"damage_healed":0,"gold_gain":0,"player_choice":"Fought Mushrooms","damage_taken":0,"max_hp_gain":0,"max_hp_loss":0,"event_name":"Mushrooms","floor":13,"gold_loss":0}],"is_beta":false,"boss_relics":[],"items_purged_floors":[10],"is_endless":false,"potions_floor_spawned":[1,7,11,13],"killed_by":"The Guardian","ascension_level":0}