{"gold_per_floor":[20,30,30,50,63,63,76,76,130,147,147,160,160,181,181,307,307,320,60,60,84,84,84,104,118,118,118,131,131],"floor_reached":29,"playtime":1233,"items_purged":["Strike_B"],"score":221,"play_id":"dcbe1b97-d0d3-40d2-9daf-8b6e928e2fd7","local_time":"20181021203831","is_ascension_mode":false,"campfire_choices":[{"data":"Zap","floor":6,"key":"SMITH"},{"floor":11,"key":"REST"},{"floor":15,"key":"REST"},{"data":"Tempest","floor":23,"key":"SMITH"},{"floor":27,"key":"REST"}],"neow_cost":"NO_GOLD","seed_source_timestamp":874444082615902,"circlet_count":0,"master_deck":["Defend_B","Defend_B","Defend_B","Zap+1","Dualcast","Sunder","Gash","Defragment","Doom and Gloom","Lockon","Gash","Gash","Pain","Multi-Cast","Sweeping Beam","Conserve Battery","Seek","Consume","Capacitor+1","Sweeping Beam","Tempest+1","Cold Snap","Darkness","Ball Lightning"],"relics":["Cracked Core","Frozen Egg 2","WarpedTongs","Happy Flower","Golden Idol","Nuclear Battery","Lantern","Anchor"],"potions_floor_usage":[7,16,24,24],"damage_taken":[{"damage":2,"enemies":"Small Slimes","floor":1,"turns":2},{"damage":6,"enemies":"Cultist","floor":2,"turns":3},{"damage":6,"enemies":"Jaw Worm","floor":4,"turns":3},{"damage":8,"enemies":"Red Slaver","floor":5,"turns":2},{"damage":11,"enemies":"Large Slime","floor":7,"turns":3},{"damage":5,"enemies":"Exordium Thugs","floor":10,"turns":3},{"damage":9,"enemies":"2 Fungi Beasts","floor":12,"turns":2},{"damage":5,"enemies":"Looter","floor":14,"turns":2},{"damage":41,"enemies":"The Guardian","floor":16,"turns":6},{"damage":13,"enemies":"2 Thieves","floor":18,"turns":3},{"damage":0,"enemies":"Spheric Guardian","floor":21,"turns":3},{"damage":16,"enemies":"Snake Plant","floor":24,"turns":2},{"damage":4,"enemies":"Cultist and Chosen","floor":25,"turns":4},{"damage":18,"enemies":"Centurion and Healer","floor":28,"turns":5},{"damage":28,"enemies":"Slavers","floor":29,"turns":3}],"seed_played":"2709141009249381490","potions_obtained":[{"floor":1,"key":"Explosive Potion"},{"floor":5,"key":"PowerPotion"},{"floor":12,"key":"FearPotion"},{"floor":16,"key":"FocusPotion"},{"floor":18,"key":"Swift Potion"},{"floor":25,"key":"Ancient Potion"}],"is_trial":false,"path_per_floor":["M","M","?","M","M","R","M","?","T","M","R","M","?","M","R","B",null,"M","$","?","M","?","R","M","M","T","R","M"],"character_chosen":"DEFECT","items_purchased":["Lantern","Capacitor+1"],"campfire_rested":3,"item_purchase_floors":[19,19],"current_hp_per_floor":[73,67,67,61,53,53,42,42,42,37,59,50,50,45,65,24,69,56,56,56,56,56,56,40,36,36,56,38,10],"gold":131,"neow_bonus":"TRANSFORM_TWO_CARDS","is_prod":false,"is_daily":false,"chose_seed":false,"campfire_upgraded":2,"win_rate":0.0,"timestamp":1540107511,"path_taken":["M","M","?","?","M","R","M","?","T","M","R","M","?","M","R","BOSS","M","$","?","M","?","R","M","M","T","R","M","E"],"build_version":"2018-10-18","purchased_purges":1,"victory":false,"max_hp_per_floor":[75,75,75,75,75,75,75,75,75,75,75,75,69,69,69,69,69,69,69,69,69,69,69,69,69,69,69,69,69],"card_choices":[{"not_picked":["Melter","Stack"],"picked":"Defragment","floor":1},{"not_picked":["Redo","Barrage"],"picked":"Doom and Gloom","floor":2},{"not_picked":["Rebound","Streamline"],"picked":"Lockon","floor":4},{"not_picked":["Cold Snap","Capacitor+1"],"picked":"Gash","floor":5},{"not_picked":["Rebound","Beam Cell"],"picked":"Gash","floor":7},{"not_picked":["Rip and Tear","Coolheaded"],"picked":"Multi-Cast","floor":10},{"not_picked":["Hologram","Barrage"],"picked":"Sweeping Beam","floor":12},{"not_picked":["Turbo","Auto Shields"],"picked":"Conserve Battery","floor":14},{"not_picked":["Machine Learning+1","Reboot"],"picked":"Seek","floor":16},{"not_picked":["Rebound","Hologram"],"picked":"Consume","floor":18},{"not_picked":["Ball Lightning","Defragment+1"],"picked":"Tempest","floor":21},{"not_picked":["Leap","Sweeping Beam","Auto Shields"],"picked":"SKIP","floor":24},{"not_picked":["Compile Driver","BootSequence+1"],"picked":"Darkness","floor":25},{"not_picked":["Stack","Core Surge"],"picked":"Ball Lightning","floor":28}],"player_experience":182994,"relics_obtained":[{"floor":9,"key":"Happy Flower"},{"floor":26,"key":"Anchor"}],"event_choices":[{"damage_healed":0,"gold_gain":0,"player_choice":"Gave Potion","damage_taken":0,"relics_obtained":["Frozen Egg 2"],"max_hp_gain":0,"max_hp_loss":0,"event_name":"WeMeetAgain","floor":3,"gold_loss":0},{"damage_healed":0,"gold_gain":0,"player_choice":"Rummage","damage_taken":0,"relics_obtained":["WarpedTongs"],"max_hp_gain":0,"max_hp_loss":0,"event_name":"Accursed Blacksmith","floor":8,"gold_loss":0,"cards_obtained":["Pain"]},{"damage_healed":0,"gold_gain":0,"player_choice":"Lose Max HP","damage_taken":0,"relics_obtained":["Golden Idol"],"max_hp_gain":0,"max_hp_loss":6,"event_name":"Golden Idol","floor":13,"gold_loss":0},{"damage_healed":0,"gold_gain":0,"cards_transformed":["Strike_B","Strike_B"],"player_choice":"Became Test Subject","damage_taken":0,"max_hp_gain":0,"max_hp_loss":0,"event_name":"Drug Dealer","floor":20,"gold_loss":0,"cards_obtained":["Sweeping Beam","Beam Cell"]},{"damage_healed":0,"gold_gain":0,"cards_transformed":["Beam Cell"],"player_choice":"Transformed","damage_taken":0,"max_hp_gain":0,"max_hp_loss":0,"event_name":"Transmorgrifier","floor":22,"gold_loss":0,"cards_obtained":["Cold Snap"]}],"is_beta":false,"boss_relics":[{"not_picked":["Tiny House","Eternal Feather"],"picked":"Nuclear Battery"}],"items_purged_floors":[19],"is_endless":false,"potions_floor_spawned":[1,5,12,16,18,25],"killed_by":"Slavers","ascension_level":0}