{"gold_per_floor":[113,123,198,20,20,53,64,64,114,114,124,124,154,169,169,248,298,270,16,16,36,56,90,90,150,196,227,54,54,84,100,100,174,174,190,236,236,536,553,553,54,54],"floor_reached":42,"playtime":16010,"items_purged":["Strike_G"],"score":999,"play_id":"b8ab3149-c326-44f6-9cba-ac21f39b717a","local_time":"20181016235948","is_ascension_mode":true,"campfire_choices":[{"data":"Cloak And Dagger","floor":8.0,"key":"SMITH"},{"data":"Cloak And Dagger","floor":10.0,"key":"SMITH"},{"data":"Flying Knee","floor":15.0,"key":"SMITH"},{"floor":24.0,"key":"REST"},{"floor":29.0,"key":"REST"},{"floor":32.0,"key":"REST"},{"floor":40,"key":"REST"}],"neow_cost":"NONE","seed_source_timestamp":4926474864663,"circlet_count":0,"master_deck":["Defend_G","Defend_G","Defend_G","Defend_G","Defend_G","Strike_G","Strike_G","Strike_G","Strike_G","Survivor","Neutralize+1","AscendersBane","Cloak And Dagger+1","Cloak And Dagger+1","Flying Knee+1","PiercingWail","Glass Knife+1","Malaise","After Image+1","Noxious Fumes","Well Laid Plans","Well Laid Plans","Blade Dance","Finisher","Leg Sweep","Noxious Fumes","Malaise","Distraction+1","Acrobatics+1","Escape Plan+1","Crippling Poison+1","Endless Agony"],"special_seed":0,"relics":["Ring of the Snake","NeowsBlessing","Lantern","Pen Nib","Bag of Preparation","Turnip","Tiny House","Oddly Smooth Stone","Bronze Scales","Tiny Chest","Potion Belt","Red Mask","Regal Pillow","Calipers","WristBlade","Prayer Wheel","Blue Candle","Old Coin","Happy Flower","Sling"],"potions_floor_usage":[33,36],"damage_taken":[{"damage":0.0,"enemies":"Small Slimes","floor":1.0,"turns":1.0},{"damage":0.0,"enemies":"2 Louse","floor":2.0,"turns":1.0},{"damage":0.0,"enemies":"3 Sentries","floor":6.0,"turns":1.0},{"damage":0.0,"enemies":"Cultist","floor":7.0,"turns":3.0},{"damage":0.0,"enemies":"Blue Slaver","floor":11.0,"turns":3.0},{"damage":8.0,"enemies":"Gremlin Nob","floor":13.0,"turns":3.0},{"damage":1.0,"enemies":"Exordium Thugs","floor":14.0,"turns":3.0},{"damage":40.0,"enemies":"Slime Boss","floor":16.0,"turns":15.0},{"damage":4.0,"enemies":"2 Thieves","floor":18.0,"turns":4.0},{"damage":0.0,"enemies":"Shell Parasite","floor":21.0,"turns":4.0},{"damage":13.0,"enemies":"Centurion and Healer","floor":22.0,"turns":8.0},{"damage":6.0,"enemies":"Book of Stabbing","floor":23.0,"turns":7.0},{"damage":20.0,"enemies":"Slavers","floor":25.0,"turns":7.0},{"damage":27.0,"enemies":"Masked Bandits","floor":27.0,"turns":6.0},{"damage":20.0,"enemies":"Gremlin Leader","floor":30.0,"turns":7.0},{"damage":1.0,"enemies":"Shelled Parasite and Fungi","floor":31.0,"turns":6.0},{"damage":56,"enemies":"Automaton","floor":33,"turns":12},{"damage":7,"enemies":"3 Darklings","floor":35,"turns":7},{"damage":15,"enemies":"Mysterious Sphere","floor":36,"turns":8},{"damage":7,"enemies":"Mind Bloom Boss Battle","floor":38,"turns":7},{"damage":2,"enemies":"3 Shapes","floor":39,"turns":7},{"damage":63,"enemies":"Giant Head","floor":42,"turns":7}],"seed_played":"8091048783662869873","potions_obtained":[{"floor":2.0,"key":"Regen Potion"},{"floor":7.0,"key":"Explosive Potion"},{"floor":16.0,"key":"SneckoOil"},{"floor":17.0,"key":"Block Potion"},{"floor":22.0,"key":"EssenceOfSteel"},{"floor":27.0,"key":"Explosive Potion"},{"floor":30.0,"key":"Regen Potion"},{"floor":33,"key":"SneckoOil"}],"is_trial":false,"path_per_floor":["M","M","?","$","?","E","M","R","T","R","M","?","E","M","R","B",null,"M","$","?","M","M","E","R","E","T","?","$","R","E","M","R","B",null,"M","?","T","?","M","R","$"],"character_chosen":"THE_SILENT","items_purchased":["Lantern","Oddly Smooth Stone","Regal Pillow","Happy Flower","Sling","Endless Agony"],"campfire_rested":4,"item_purchase_floors":[4,19,28,41,41,41],"current_hp_per_floor":[59,59,48,48,48,48,48,48,48,48,48,48,40,39,39,14,58,54,54,54,54,41,35,56,36,36,9,9,45,25,24,60,19,58,51,36,36,29,27,63,63,0],"gold":54,"neow_bonus":"THREE_ENEMY_KILL","is_prod":false,"is_daily":false,"chose_seed":false,"campfire_upgraded":3,"win_rate":0,"timestamp":1539727188,"path_taken":["M","M","?","$","?","E","M","R","T","R","M","?","E","M","R","BOSS","M","$","?","M","?","E","R","E","T","?","$","R","E","?","R","BOSS","M","?","?","?","?","R","$","E"],"build_version":"2018-10-11","purchased_purges":1,"victory":false,"max_hp_per_floor":[66,66,66,66,66,66,66,66,66,66,66,66,66,66,66,66,71,71,71,71,71,71,71,71,71,71,71,71,71,71,71,71,71,71,71,71,71,71,71,71,71,71],"card_choices":[{"not_picked":["Bane","Slice"],"picked":"Cloak And Dagger","floor":1.0},{"not_picked":["Riddle With Holes","Choke"],"picked":"Cloak And Dagger","floor":2.0},{"not_picked":["PiercingWail","Bane"],"picked":"Flying Knee","floor":6.0},{"not_picked":["Slice","Outmaneuver"],"picked":"PiercingWail","floor":7.0},{"not_picked":["Calculated Gamble","Deflect"],"picked":"Glass Knife","floor":11.0},{"not_picked":["Predator","Flying Knee"],"picked":"Malaise","floor":13.0},{"not_picked":["Poisoned Stab","Reflex","Bane"],"picked":"SKIP","floor":14.0},{"not_picked":["A Thousand Cuts","Die Die Die"],"picked":"After Image","floor":16.0},{"not_picked":["Flechettes","Distraction"],"picked":"Noxious Fumes","floor":17.0},{"not_picked":["PiercingWail","Bane+1"],"picked":"Well Laid Plans","floor":18.0},{"not_picked":["Prepared","Sucker Punch"],"picked":"Well Laid Plans","floor":21.0},{"not_picked":["Well Laid Plans","Deadly Poison","Prepared"],"picked":"SKIP","floor":22.0},{"not_picked":["Accuracy","Concentrate+1"],"picked":"Blade Dance","floor":23.0},{"not_picked":["Catalyst","Blade Dance","Heel Hook"],"picked":"SKIP","floor":25.0},{"not_picked":["Deflect","Glass Knife"],"picked":"Finisher","floor":27.0},{"not_picked":["Outmaneuver","Underhanded Strike"],"picked":"Leg Sweep","floor":30.0},{"not_picked":["Heel Hook","Prepared"],"picked":"Noxious Fumes","floor":31.0},{"not_picked":["Grand Finale","Die Die Die"],"picked":"Malaise","floor":33},{"not_picked":["Quick Slash","Sucker Punch","Dagger Spray+1"],"picked":"SKIP","floor":35},{"not_picked":["Reflex","Bane"],"picked":"Distraction+1","floor":36},{"not_picked":["Dagger Spray","Finisher"],"picked":"Acrobatics+1","floor":38},{"not_picked":["Flying Knee","Dash"],"picked":"Escape Plan+1","floor":39},{"not_picked":["Underhanded Strike","Escape Plan"],"picked":"Crippling Poison+1","floor":39}],"player_experience":1485797,"relics_obtained":[{"floor":6.0,"key":"Pen Nib"},{"floor":9.0,"key":"Bag of Preparation"},{"floor":13.0,"key":"Turnip"},{"floor":23.0,"key":"Bronze Scales"},{"floor":25.0,"key":"Tiny Chest"},{"floor":26.0,"key":"Potion Belt"},{"floor":27.0,"key":"Red Mask"},{"floor":30.0,"key":"Calipers"},{"floor":36,"key":"Prayer Wheel"},{"floor":37,"key":"Blue Candle"},{"floor":38,"key":"Old Coin"}],"event_choices":[{"event_name":"World of Goop","player_choice":"Gather Gold","floor":3.0,"damage_taken":0.0},{"event_name":"Living Wall","player_choice":"Grow","floor":5.0,"damage_taken":0.0},{"event_name":"Upgrade Shrine","player_choice":"Upgraded","floor":12.0,"damage_taken":0.0},{"event_name":"Beggar","player_choice":"Ignored","floor":20.0,"damage_taken":0.0},{"event_name":"Masked Bandits","player_choice":"Fought Bandits","floor":27.0,"damage_taken":0.0},{"event_name":"Mysterious Sphere","player_choice":"Fight","floor":36,"damage_taken":0},{"event_name":"MindBloom","player_choice":"Fight","floor":38,"damage_taken":0}],"is_beta":false,"boss_relics":[{"not_picked":["Pandora\u0027s Box","Velvet Choker"],"picked":"Tiny House"},{"not_picked":["Empty Cage","Eternal Feather"],"picked":"WristBlade"}],"items_purged_floors":[19],"is_endless":false,"potions_floor_spawned":[2,7,16,22,27,30,33],"killed_by":"Giant Head","ascension_level":20}