{"gold_per_floor":[112,112,37,2,20,52,52,64,142,142,161,189,206,222,222,222],"floor_reached":16,"playtime":1281,"items_purged":["Strike_G"],"score":123,"play_id":"ff86e859-265b-4f8f-b769-de53747fc09b","local_time":"20190114173448","is_ascension_mode":true,"campfire_choices":[{"floor":7,"key":"REST"},{"data":"Prepared","floor":10,"key":"SMITH"},{"data":"Cloak And Dagger","floor":15,"key":"SMITH"}],"neow_cost":"PERCENT_DAMAGE","seed_source_timestamp":7568055572652,"circlet_count":0,"master_deck":["Defend_G+1","Defend_G+1","Defend_G","Defend_G","Defend_G","Strike_G","Strike_G","Survivor","Neutralize","Distraction","Flying Knee","Prepared+1","Cloak And Dagger","Malaise","Blade Dance","Acrobatics","Cloak And Dagger+1"],"relics":["Ring of the Snake","War Paint","Bottled Lightning","Ninja Scroll","Blood Vial"],"potions_floor_usage":[6,12,16,16],"damage_taken":[{"damage":0,"enemies":"Cultist","floor":1,"turns":6},{"damage":2,"enemies":"Small Slimes","floor":5,"turns":7},{"damage":47,"enemies":"Gremlin Nob","floor":6,"turns":7},{"damage":0,"enemies":"Jaw Worm","floor":8,"turns":6},{"damage":0,"enemies":"Blue Slaver","floor":11,"turns":4},{"damage":10,"enemies":"3 Sentries","floor":12,"turns":10},{"damage":5,"enemies":"Gremlin Gang","floor":13,"turns":5},{"damage":0,"enemies":"Looter","floor":14,"turns":4},{"damage":23,"enemies":"Hexaghost","floor":16,"turns":16}],"seed_played":"8557669900992816982","potions_obtained":[{"floor":1,"key":"LiquidBronze"},{"floor":6,"key":"SkillPotion"},{"floor":11,"key":"AttackPotion"},{"floor":12,"key":"Weak Potion"}],"is_trial":false,"path_per_floor":["M","?","$","?","M","E","R","M","T","R","M","E","M","M","R","B"],"character_chosen":"THE_SILENT","items_purchased":[],"campfire_rested":1,"item_purchase_floors":[],"current_hp_per_floor":[49,42,42,59,57,10,31,31,31,31,31,21,18,20,20,0],"gold":222,"neow_bonus":"REMOVE_TWO","is_prod":false,"is_daily":false,"chose_seed":false,"campfire_upgraded":2,"win_rate":0,"timestamp":1547483688,"path_taken":["M","?","$","?","M","E","R","M","T","R","M","E","M","M","R","BOSS"],"build_version":"2019-01-10","purchased_purges":1,"victory":false,"max_hp_per_floor":[70,70,70,70,70,70,70,70,70,70,70,70,70,70,70,70],"card_choices":[{"not_picked":["Catalyst","Dodge and Roll"],"picked":"Distraction","floor":1},{"not_picked":["Masterful Stab","Deadly Poison"],"picked":"Flying Knee","floor":5},{"not_picked":["Cloak And Dagger","Underhanded Strike"],"picked":"Prepared","floor":6},{"not_picked":["Sucker Punch","PiercingWail"],"picked":"Cloak And Dagger","floor":8},{"not_picked":["Quick Slash","Flying Knee"],"picked":"Malaise","floor":11},{"not_picked":["Distraction","Backflip"],"picked":"Blade Dance","floor":12},{"not_picked":["Masterful Stab","Flying Knee"],"picked":"Acrobatics","floor":13},{"not_picked":["Underhanded Strike","Deadly Poison"],"picked":"Cloak And Dagger","floor":14}],"player_experience":164564,"relics_obtained":[{"floor":6,"key":"Bottled Lightning"},{"floor":9,"key":"Ninja Scroll"},{"floor":12,"key":"Blood Vial"}],"event_choices":[{"damage_healed":0,"gold_gain":0,"player_choice":"Success","damage_taken":7,"relics_obtained":["War Paint"],"max_hp_gain":0,"max_hp_loss":0,"event_name":"Scrap Ooze","floor":2,"gold_loss":0},{"damage_healed":17,"gold_gain":0,"player_choice":"Healed","damage_taken":0,"max_hp_gain":0,"max_hp_loss":0,"event_name":"The Cleric","floor":4,"gold_loss":35}],"is_beta":false,"boss_relics":[],"items_purged_floors":[3],"is_endless":false,"potions_floor_spawned":[1,6,11,12],"killed_by":"Hexaghost","ascension_level":2}