{"path_per_floor":["M","?","?","?","M","E","?","M","T","$","M","R","E","M","R","B",null,"M","?","M","$","?","E","R","?","T","M","M","E","R","?","R"],"character_chosen":"THE_SILENT","items_purchased":["Girya"],"gold_per_floor":[147,222,222,222,240,269,295,314,341,33,44,44,76,91,91,191,191,210,210,230,230,480,512,512,512,512,527,541,567,567,567,567],"floor_reached":33,"campfire_rested":0,"playtime":2754,"current_hp_per_floor":[75,64,64,64,64,57,49,48,48,48,42,42,32,29,29,37,75,66,66,66,66,66,66,66,66,66,66,66,48,48,48,48],"items_purged":[],"gold":567,"score":345,"play_id":"f258269f-8b1e-4105-89f1-4a611e75ba90","local_time":"20180318134156","is_prod":false,"is_daily":false,"is_ascension_mode":false,"campfire_upgraded":2,"timestamp":1521376916,"path_taken":["M","?","?","?","M","E","?","M","T","$","M","R","E","M","R","BOSS","M","?","M","$","?","E","R","?","T","M","?","E","R","?","R","BOSS"],"build_version":"2018-03-15v3","purchased_purges":0,"victory":false,"master_deck":["Survivor","Neutralize","Terror+1","Quick Slash","Predator","Infinite Blades","Blade Dance","PiercingWail","Flying Knee","Quick Slash","Adrenaline","Flying Knee","Burst","Dagger Spray","Dagger Spray","Slice","Acrobatics","Flying Knee","Noxious Fumes+1","Quick Slash","Bane","Deadly Poison","Acrobatics","Backstab","Backstab","Sucker Punch","Cloak And Dagger+1","Quick Slash+1","Flying Knee+1","Underhanded Strike"],"max_hp_per_floor":[75,75,75,75,75,75,75,75,75,75,75,75,75,75,75,75,75,75,75,75,75,75,75,75,75,75,75,75,75,75,75,75],"relics":["Tiny House","Snake Skull","Prayer Wheel","Odd Mushroom","Omamori","Girya","Dead Branch","Pandora\u0027s Box","Gambling Chip","Peace Pipe","Dream Catcher"],"card_choices":[{"not_picked":["Cloak And Dagger","Escape Plan"],"picked":"Terror"},{"not_picked":["Caltrops","Prepared"],"picked":"Quick Slash"},{"not_picked":["Calculated Gamble","Dagger Spray"],"picked":"Predator"},{"not_picked":["Caltrops","Cloak And Dagger"],"picked":"Infinite Blades"},{"not_picked":["Acrobatics","Concentrate"],"picked":"Blade Dance"},{"not_picked":["Dagger Spray","Cloak And Dagger"],"picked":"PiercingWail"},{"not_picked":["Footwork","Backstab"],"picked":"Flying Knee"},{"not_picked":["Concentrate","Acrobatics"],"picked":"Quick Slash"},{"not_picked":["Dodge and Roll","Infinite Blades"],"picked":"Adrenaline"},{"not_picked":["Dodge and Roll","Dash"],"picked":"Flying Knee"},{"not_picked":["Tools of the Trade","Tactician"],"picked":"Burst"},{"not_picked":["Dagger Throw","Caltrops"],"picked":"Backstab"},{"not_picked":["Quick Slash","PiercingWail"],"picked":"Backstab"},{"not_picked":["Eviscerate","Concentrate"],"picked":"Sucker Punch"},{"not_picked":["Prepared","Crippling Poison"],"picked":"Cloak And Dagger"},{"not_picked":["All Out Attack","Flying Knee"],"picked":"Quick Slash"},{"not_picked":["Deadly Poison","Predator"],"picked":"Flying Knee"},{"not_picked":["Doppelganger","Deadly Poison"],"picked":"Underhanded Strike"}],"player_experience":144161,"potions_floor_usage":[7,13,16,23,29,33,33],"damage_taken":[{"damage":0,"enemies":"Small Slimes","floor":1,"turns":3},{"damage":0,"enemies":"Jaw Worm","floor":5,"turns":3},{"damage":7,"enemies":"Lagavulin","floor":6,"turns":7},{"damage":8,"enemies":"The Mushroom Lair","floor":7,"turns":5},{"damage":1,"enemies":"Cultist","floor":8,"turns":3},{"damage":6,"enemies":"3 Louse","floor":11,"turns":3},{"damage":10,"enemies":"Gremlin Nob","floor":13,"turns":3},{"damage":3,"enemies":"Exordium Wildlife","floor":14,"turns":3},{"damage":7,"enemies":"Hexaghost","floor":16,"turns":7},{"damage":9,"enemies":"Shell Parasite","floor":18,"turns":3},{"damage":0,"enemies":"3 Byrds","floor":20,"turns":3},{"damage":0,"enemies":"Gremlin Leader","floor":23,"turns":4},{"damage":0,"enemies":"3 Cultists","floor":27,"turns":3},{"damage":0,"enemies":"Chosen and Byrds","floor":28,"turns":3},{"damage":18,"enemies":"Slavers","floor":29,"turns":4},{"damage":87,"enemies":"Automaton","floor":33,"turns":6}],"event_choices":[{"event_name":"World of Goop","player_choice":"Gather Gold","floor":2,"damage_taken":0},{"event_name":"Big Fish","player_choice":"Box","floor":3,"damage_taken":0},{"event_name":"Living Wall","player_choice":"Forget","floor":4,"damage_taken":0},{"event_name":"Mushrooms","player_choice":"Fought Mushrooms","floor":7,"damage_taken":0},{"event_name":"Vampires","player_choice":"Ignored","floor":19,"damage_taken":0},{"event_name":"Golden Shrine","player_choice":"Desecrate","floor":22,"damage_taken":0},{"event_name":"The Woman in Blue","player_choice":"Bought 0 Potions","floor":25,"damage_taken":0},{"event_name":"Beggar","player_choice":"Ignored","floor":31,"damage_taken":0}],"boss_relics":[{"not_picked":["Black Star","Philosopher\u0027s Stone"],"picked":"Pandora\u0027s Box"}],"potions_floor_spawned":[1,7,8,13,14,16,18,23,27],"seed_played":"6960210163168036532","killed_by":"Automaton","ascension_level":0,"is_trial":false}