{"gold_per_floor":[110,31,43,57,68,68,94,94,147,180,145,145,145,180,180,258,258,274,289,23,34,34,68,68],"floor_reached":24,"playtime":1722,"items_purged":[],"score":421,"play_id":"1d6b779d-ab9a-41cd-a24e-ec2a8ac0bd7c","local_time":"20180909163344","is_ascension_mode":true,"campfire_choices":[{"data":"Sucker Punch","floor":6,"key":"SMITH"},{"data":"Backstab","floor":8,"key":"SMITH"},{"data":"Footwork","floor":12,"key":"SMITH"},{"data":"Doppelganger","floor":15,"key":"SMITH"}],"neow_cost":"NONE","seed_source_timestamp":12532149526455,"circlet_count":0,"master_deck":["Defend_G","Defend_G","Defend_G","Defend_G","Defend_G","Strike_G","Strike_G","Strike_G+1","Strike_G+1","Strike_G","Survivor","Neutralize","AscendersBane","Escape Plan","Predator","Backstab+1","Footwork+1","Sucker Punch+1","Calculated Gamble","Doppelganger+1","Infinite Blades+1","Storm of Steel","Deadly Poison","Blade Dance","Well Laid Plans+1","Escape Plan"],"relics":["Eternal Feather","Frozen Egg 2","Strawberry","Blood Vial","Juzu Bracelet","Dream Catcher","Cursed Key","Oddly Smooth Stone","MutagenicStrength","Whetstone"],"potions_floor_usage":[7,21,23,24],"damage_taken":[{"damage":4,"enemies":"Cultist","floor":1,"turns":5},{"damage":2,"enemies":"Jaw Worm","floor":3,"turns":4},{"damage":2,"enemies":"2 Louse","floor":4,"turns":2},{"damage":3,"enemies":"Blue Slaver","floor":5,"turns":3},{"damage":19,"enemies":"Lagavulin","floor":7,"turns":10},{"damage":13,"enemies":"3 Sentries","floor":10,"turns":10},{"damage":28,"enemies":"Gremlin Nob","floor":14,"turns":4},{"damage":3,"enemies":"The Guardian","floor":16,"turns":16},{"damage":13,"enemies":"Chosen","floor":18,"turns":4},{"damage":33,"enemies":"2 Thieves","floor":19,"turns":5},{"damage":6,"enemies":"Cultist and Chosen","floor":21,"turns":7},{"damage":24,"enemies":"Slavers","floor":23,"turns":6},{"damage":4,"enemies":"Centurion and Healer","floor":24,"turns":1}],"seed_played":"6890690371049077759","potions_obtained":[{"floor":1,"key":"LiquidBronze"},{"floor":5,"key":"Dexterity Potion"},{"floor":14,"key":"Strength Potion"},{"floor":23,"key":"EssenceOfSteel"}],"is_trial":false,"path_per_floor":["M","$","M","M","M","R","E","R","T","E","?","R","T","E","R","B",null,"M","M","$","M","?","E"],"character_chosen":"THE_SILENT","items_purchased":["Predator","Well Laid Plans+1","Oddly Smooth Stone"],"campfire_rested":0,"item_purchase_floors":[2,20,20],"current_hp_per_floor":[55,55,53,51,48,57,38,47,54,41,59,71,71,45,57,56,69,58,27,27,23,23,1,0],"gold":68,"neow_bonus":"BOSS_RELIC","is_prod":false,"is_daily":false,"chose_seed":false,"campfire_upgraded":4,"win_rate":0,"timestamp":1536503624,"path_taken":["M","?","M","M","M","R","E","R","T","E","?","R","?","E","R","BOSS","M","M","$","M","?","E","M"],"build_version":"2018-09-06","purchased_purges":0,"victory":false,"max_hp_per_floor":[66,66,66,66,66,66,66,66,73,73,73,73,73,73,73,73,73,73,73,73,73,73,73,73],"card_choices":[{"not_picked":["PiercingWail","Dodge and Roll"],"picked":"Escape Plan","floor":1},{"not_picked":["Bane","Infinite Blades"],"picked":"Backstab","floor":3},{"not_picked":["Prepared","Deadly Poison"],"picked":"Footwork","floor":4},{"not_picked":["Slice","Blade Dance"],"picked":"Sucker Punch","floor":5},{"not_picked":["Eviscerate","Quick Slash"],"picked":"Calculated Gamble","floor":7},{"not_picked":["Outmaneuver","Flechettes"],"picked":"Doppelganger","floor":10},{"not_picked":["Backflip","Expertise"],"picked":"Infinite Blades+1","floor":14},{"not_picked":["Doppelganger","Venomology"],"picked":"Storm of Steel","floor":16},{"not_picked":["Flying Knee","Sucker Punch"],"picked":"Deadly Poison","floor":18},{"not_picked":["Bane","Prepared"],"picked":"Blade Dance","floor":19},{"not_picked":["All Out Attack","Bane","Acrobatics"],"picked":"SKIP","floor":21},{"not_picked":["PiercingWail","Burst"],"picked":"Escape Plan","floor":23}],"player_experience":929527,"relics_obtained":[{"floor":7,"key":"Frozen Egg 2"},{"floor":9,"key":"Strawberry"},{"floor":10,"key":"Blood Vial"},{"floor":13,"key":"Juzu Bracelet"},{"floor":14,"key":"Dream Catcher"},{"floor":23,"key":"Whetstone"}],"event_choices":[{"event_name":"The Cleric","player_choice":"Healed","floor":11,"damage_taken":0},{"event_name":"Drug Dealer","player_choice":"Inject Mutagens","floor":22,"damage_taken":0}],"is_beta":false,"boss_relics":[{"not_picked":["Busted Crown","Velvet Choker"],"picked":"Cursed Key"}],"items_purged_floors":[],"is_endless":false,"potions_floor_spawned":[1,5,14,19,23],"killed_by":"Centurion and Healer","ascension_level":16}