{"path_per_floor":["M","M","T","$","M","E","R","?","T","$","R","M","R","M","R","B",null,"M","M","$","M","?","R","E","M","T","?","M","R","$","M","R","B",null,"M","?","?","M","?","R","E","R","T","R","M","$","M","M","R"],"character_chosen":"THE_SILENT","items_purchased":["Infinite Blades","Noxious Fumes","Bronze Scales","Cloak And Dagger","Footwork","Blur"],"gold_per_floor":[113,124,147,3,17,51,51,51,97,18,18,31,31,44,44,147,147,157,171,15,35,35,35,60,72,72,72,84,84,35,47,47,144,144,158,158,158,176,176,176,210,210,237,237,251,5,15,31,31,31],"floor_reached":50,"campfire_rested":3,"playtime":5891,"current_hp_per_floor":[63,59,59,59,60,52,52,52,52,52,52,54,54,53,53,4,84,65,74,74,64,64,64,60,45,45,45,30,70,70,67,67,35,84,75,75,75,77,77,77,24,64,64,64,35,35,22,24,64,0],"items_purged":["Regret","Strike_G"],"gold":31,"score":492,"play_id":"adffc6ce-8643-423e-85c1-94e5e4953e2f","local_time":"20180423132333","is_prod":false,"is_daily":false,"chose_seed":false,"is_ascension_mode":false,"campfire_upgraded":8,"timestamp":1524482613,"path_taken":["M","M","?","$","M","E","R","?","T","$","R","M","R","M","R","BOSS","M","M","?","M","?","R","E","M","T","?","?","R","$","M","R","BOSS","M","?","?","M","?","R","E","R","T","R","M","$","M","M","R","BOSS"],"build_version":"2018-04-19","seed_source_timestamp":18404111385493,"purchased_purges":2,"victory":false,"master_deck":["Defend_G+1","Defend_G+1","Defend_G+1","Defend_G+1","Defend_G+1","Strike_G+1","Strike_G+1","Strike_G+1","Survivor","Neutralize","Dagger Spray+1","Accuracy+1","Infinite Blades","Riddle With Holes+1","Choke+1","Noxious Fumes+1","Predator+1","Bullet Time","Cloak And Dagger+1","Dodge and Roll","Storm of Steel+1","Leg Sweep+1","Deadly Poison","Deflect","Cloak And Dagger+1","Backflip+1","Catalyst+1","Bouncing Flask+1","Accuracy+1","Footwork","Blur","Deflect+1","Acrobatics+1"],"max_hp_per_floor":[70,70,70,70,70,84,84,84,84,84,84,84,84,84,84,84,84,84,84,84,84,84,84,84,84,84,84,84,84,84,84,84,84,84,84,84,84,84,84,84,84,84,84,84,84,84,84,84,84,84],"relics":["Ring of the Snake","Ginger","Blood Vial","Mango","Regal Pillow","White Beast Statue","Bronze Scales","Bag of Marbles","Mercury Hourglass","Sozu","Matryoshka","Pen Nib","War Paint"],"card_choices":[{"not_picked":["Escape Plan","Masterful Stab"],"picked":"Dagger Spray","floor":1},{"not_picked":["Cloak And Dagger","Caltrops"],"picked":"Accuracy","floor":2},{"not_picked":["Dagger Spray","Masterful Stab"],"picked":"Riddle With Holes","floor":5},{"not_picked":["Bane","Deadly Poison"],"picked":"Choke","floor":6},{"not_picked":["Dagger Spray","Underhanded Strike"],"picked":"Predator","floor":12},{"not_picked":["Burst","Tactician"],"picked":"Bullet Time","floor":16},{"not_picked":["Setup","Acrobatics"],"picked":"Cloak And Dagger","floor":18},{"not_picked":["Bouncing Flask","Quick Slash"],"picked":"Dodge and Roll","floor":19},{"not_picked":["Finisher","Dagger Spray"],"picked":"Caltrops","floor":21},{"not_picked":["Prepared","Poisoned Stab"],"picked":"Storm of Steel","floor":24},{"not_picked":["Well Laid Plans","Accuracy"],"picked":"Leg Sweep","floor":25},{"not_picked":["Bane","Flying Knee"],"picked":"Deflect","floor":28},{"not_picked":["Masterful Stab","Deadly Poison"],"picked":"Backflip","floor":35},{"not_picked":["Underhanded Strike","Noxious Fumes"],"picked":"Catalyst","floor":38},{"not_picked":["Eviscerate","Endless Agony"],"picked":"Bouncing Flask","floor":41},{"not_picked":["Terror","Prepared"],"picked":"Accuracy","floor":45},{"not_picked":["PiercingWail","Outmaneuver"],"picked":"Deflect","floor":47},{"not_picked":["Predator","Finisher"],"picked":"Acrobatics","floor":48}],"player_experience":522833,"potions_floor_usage":[6,14,19,19,24,25,28,33,33,35,41],"damage_taken":[{"damage":7,"enemies":"Cultist","floor":1,"turns":5},{"damage":4,"enemies":"Small Slimes","floor":2,"turns":2},{"damage":1,"enemies":"Jaw Worm","floor":5,"turns":4},{"damage":24,"enemies":"3 Sentries","floor":6,"turns":5},{"damage":0,"enemies":"Large Slime","floor":12,"turns":4},{"damage":3,"enemies":"Lots of Slimes","floor":14,"turns":3},{"damage":51,"enemies":"The Guardian","floor":16,"turns":11},{"damage":19,"enemies":"Shell Parasite","floor":18,"turns":5},{"damage":5,"enemies":"Chosen","floor":19,"turns":4},{"damage":12,"enemies":"Snake Plant","floor":21,"turns":3},{"damage":6,"enemies":"Slavers","floor":24,"turns":5},{"damage":17,"enemies":"Centurion and Healer","floor":25,"turns":4},{"damage":17,"enemies":"Slaver and Parasite","floor":28,"turns":6},{"damage":5,"enemies":"Snecko","floor":31,"turns":4},{"damage":34,"enemies":"Collector","floor":33,"turns":8},{"damage":9,"enemies":"3 Darklings","floor":35,"turns":5},{"damage":0,"enemies":"3 Shapes","floor":38,"turns":4},{"damage":55,"enemies":"Giant Head","floor":41,"turns":10},{"damage":31,"enemies":"Maw","floor":45,"turns":6},{"damage":15,"enemies":"4 Shapes","floor":47,"turns":4},{"damage":0,"enemies":"Sphere and 2 Shapes","floor":48,"turns":5},{"damage":78,"enemies":"Time Eater","floor":50,"turns":7}],"event_choices":[{"event_name":"Liars Game","player_choice":"disagreed","floor":8,"damage_taken":0},{"event_name":"Back to Basics","player_choice":"Simplicity","floor":22,"damage_taken":0},{"event_name":"Transmorgrifier","player_choice":"Transform","floor":27,"damage_taken":0},{"event_name":"Accursed Blacksmith","player_choice":"Forge","floor":36,"damage_taken":0},{"event_name":"Tomb of Lord Red Mask","player_choice":"Ignored","floor":39,"damage_taken":0}],"boss_relics":[{"not_picked":["Runic Pyramid","Eternal Feather"],"picked":"White Beast Statue"},{"not_picked":["Pandora\u0027s Box","Tiny House"],"picked":"Sozu"}],"potions_floor_spawned":[2,5,6,14,18,19,21,24,25,28,31,33,35,38,41,45,47,48],"seed_played":"7131506208490679908","killed_by":"Time Eater","ascension_level":0,"is_trial":false}