{"gold_per_floor":[111,111,36,111,125,155,155,185,185,219,237,512,355,39,39,136,136,151,164,176,190,190,190,222,222,222,222,234,2,47,58,58,155,155,172,172,172,22,34,34,34],"floor_reached":41,"playtime":2279,"items_purged":["Regret","Strike_G","Strike_G"],"score":724,"play_id":"b5b43789-8b25-4e63-b1b3-3359cae70ba2","local_time":"20190201235956","is_ascension_mode":true,"campfire_choices":[{"data":"Footwork","floor":7,"key":"SMITH"},{"data":"Footwork","floor":15,"key":"SMITH"},{"data":"Poisoned Stab","floor":23,"key":"SMITH"},{"floor":25,"key":"REST"},{"data":"Malaise","floor":27,"key":"SMITH"},{"floor":32,"key":"REST"},{"data":"Apotheosis","floor":40,"key":"SMITH"}],"neow_cost":"NONE","seed_source_timestamp":37277766248700,"circlet_count":0,"master_deck":["AscendersBane","Defend_G","Defend_G","Defend_G","Defend_G","Defend_G","Strike_G","Strike_G","Survivor","Neutralize","Poisoned Stab+1","Footwork+1","PiercingWail","Malaise+1","Dodge and Roll","Well Laid Plans","Footwork+1","Malaise","Bane","PiercingWail","Caltrops+1","Cloak And Dagger","Caltrops","Poisoned Stab","Predator+1","Adrenaline","Apotheosis+1","Flechettes+1"],"relics":["Ring of the Snake","NeowsBlessing","Pantograph","Odd Mushroom","Dodecahedron","Centennial Puzzle","Blood Vial","Lizard Tail","Pear","Singing Bowl","Membership Card","Potion Belt","Coffee Dripper"],"potions_floor_usage":[8,10,11,24,28],"damage_taken":[{"damage":0,"enemies":"Cultist","floor":1,"turns":1},{"damage":0,"enemies":"Small Slimes","floor":5,"turns":1},{"damage":0,"enemies":"3 Sentries","floor":6,"turns":1},{"damage":20,"enemies":"The Mushroom Lair","floor":8,"turns":7},{"damage":0,"enemies":"Lagavulin","floor":10,"turns":8},{"damage":7,"enemies":"2 Louse","floor":11,"turns":6},{"damage":19,"enemies":"The Guardian","floor":16,"turns":18},{"damage":2,"enemies":"Chosen","floor":18,"turns":11},{"damage":1,"enemies":"3 Byrds","floor":19,"turns":11},{"damage":8,"enemies":"Snecko","floor":20,"turns":13},{"damage":20,"enemies":"Shelled Parasite and Fungi","floor":21,"turns":11},{"damage":45,"enemies":"Book of Stabbing","floor":24,"turns":8},{"damage":19,"enemies":"Cultist and Chosen","floor":28,"turns":11},{"damage":31,"enemies":"Sentry and Sphere","floor":31,"turns":7},{"damage":51,"enemies":"Automaton","floor":33,"turns":19},{"damage":21,"enemies":"3 Darklings","floor":35,"turns":9},{"damage":32,"enemies":"3 Shapes","floor":39,"turns":7},{"damage":28,"enemies":"Transient","floor":41,"turns":3}],"seed_played":"-5204294439800902224","potions_obtained":[{"floor":1,"key":"Regen Potion"},{"floor":8,"key":"Poison Potion"},{"floor":10,"key":"Regen Potion"},{"floor":16,"key":"SteroidPotion"},{"floor":19,"key":"Poison Potion"},{"floor":22,"key":"FairyPotion"},{"floor":24,"key":"Block Potion"}],"is_trial":false,"path_per_floor":["M","?","$","?","M","E","R","?","T","E","M","?","$","$","R","B",null,"M","M","M","M","?","R","E","R","T","R","M","$","T","M","R","B",null,"M","?","?","$","M","R","M"],"character_chosen":"THE_SILENT","items_purchased":["Footwork","Footwork","Blood Vial","Infinite Blades","Membership Card","Poisoned Stab","Apotheosis"],"campfire_rested":2,"item_purchase_floors":[3,13,14,14,29,29,38],"current_hp_per_floor":[63,56,56,45,45,45,45,40,40,40,48,48,48,48,48,51,65,65,66,60,42,42,42,17,41,41,41,24,24,24,35,59,29,67,50,50,50,50,20,20,0],"gold":34,"neow_bonus":"THREE_ENEMY_KILL","is_prod":false,"is_daily":false,"chose_seed":false,"campfire_upgraded":5,"win_rate":0,"timestamp":1549058396,"path_taken":["M","?","$","?","M","E","R","?","T","E","?","?","?","$","R","BOSS","M","M","M","M","?","R","E","R","T","R","M","?","?","?","R","BOSS","M","?","?","?","M","R","M"],"build_version":"2019-01-23","purchased_purges":3,"victory":false,"max_hp_per_floor":[70,70,70,70,70,70,70,70,70,70,70,70,70,70,70,70,70,70,70,70,70,70,70,80,80,80,80,80,80,80,80,80,80,80,82,82,82,82,82,82,82],"card_choices":[{"not_picked":["Expertise","Riddle With Holes"],"picked":"Poisoned Stab","floor":1},{"not_picked":["Choke","Finisher"],"picked":"PiercingWail","floor":5},{"not_picked":["Underhanded Strike","Flying Knee","Acrobatics"],"picked":"SKIP","floor":6},{"not_picked":["Poisoned Stab","Blade Dance"],"picked":"Malaise","floor":8},{"not_picked":["Underhanded Strike","Escape Plan"],"picked":"Dodge and Roll","floor":10},{"not_picked":["Sucker Punch","Prepared"],"picked":"Well Laid Plans","floor":11},{"not_picked":["Burst","Tools of the Trade"],"picked":"Malaise","floor":16},{"not_picked":["Backflip","Dodge and Roll"],"picked":"Bane","floor":18},{"not_picked":["Sucker Punch","Leg Sweep"],"picked":"PiercingWail","floor":19},{"not_picked":["Backflip+1","Dagger Throw"],"picked":"Caltrops+1","floor":20},{"not_picked":["Slice","Bane"],"picked":"Cloak And Dagger","floor":21},{"not_picked":["Doppelganger","Dodge and Roll","Quick Slash+1"],"picked":"SKIP","floor":24},{"not_picked":["Choke","Finisher"],"picked":"Caltrops","floor":28},{"not_picked":["Cloak And Dagger","Sucker Punch+1"],"picked":"Predator+1","floor":31},{"not_picked":["Malaise","Bullet Time"],"picked":"Adrenaline","floor":33},{"not_picked":["Heel Hook","Poisoned Stab","Eviscerate"],"picked":"Singing Bowl","floor":35},{"not_picked":["Sucker Punch+1","Dagger Throw+1"],"picked":"Flechettes+1","floor":39}],"player_experience":555257,"relics_obtained":[{"floor":6,"key":"Pantograph"},{"floor":8,"key":"Odd Mushroom"},{"floor":9,"key":"Dodecahedron"},{"floor":10,"key":"Centennial Puzzle"},{"floor":24,"key":"Pear"},{"floor":26,"key":"Singing Bowl"},{"floor":30,"key":"Potion Belt"}],"event_choices":[{"cards_removed":["Strike_G"],"damage_healed":0,"gold_gain":0,"player_choice":"Card Removal","damage_taken":7,"max_hp_gain":0,"max_hp_loss":0,"event_name":"Golden Wing","floor":2,"gold_loss":0},{"damage_healed":0,"gold_gain":75,"player_choice":"Gather Gold","damage_taken":11,"max_hp_gain":0,"max_hp_loss":0,"event_name":"World of Goop","floor":4,"gold_loss":0},{"damage_healed":0,"gold_gain":0,"player_choice":"Fought Mushrooms","damage_taken":0,"max_hp_gain":0,"max_hp_loss":0,"event_name":"Mushrooms","floor":8,"gold_loss":0},{"damage_healed":0,"gold_gain":275,"player_choice":"Desecrate","damage_taken":0,"max_hp_gain":0,"max_hp_loss":0,"event_name":"Golden Shrine","floor":12,"gold_loss":0,"cards_obtained":["Regret"]},{"damage_healed":0,"gold_gain":0,"player_choice":"Got Potions","damage_taken":0,"max_hp_gain":0,"max_hp_loss":0,"event_name":"Lab","floor":22,"gold_loss":0},{"damage_healed":0,"gold_gain":0,"player_choice":"Ignored","damage_taken":0,"max_hp_gain":0,"max_hp_loss":0,"event_name":"Tomb of Lord Red Mask","floor":36,"gold_loss":0},{"cards_removed":["Infinite Blades"],"damage_healed":0,"gold_gain":0,"player_choice":"Removed Power","damage_taken":0,"max_hp_gain":0,"max_hp_loss":0,"event_name":"Falling","floor":37,"gold_loss":0}],"is_beta":false,"boss_relics":[{"not_picked":["Fusion Hammer","Cursed Key"],"picked":"Lizard Tail"},{"not_picked":["Ring of the Serpent","WristBlade"],"picked":"Coffee Dripper"}],"items_purged_floors":[13,14,38],"is_endless":false,"potions_floor_spawned":[1,8,10,16,19,20,24],"killed_by":"Transient","ascension_level":11}