{"gold_per_floor":[110,71,71,121,46,46,90,90,90,90,114,148,164,200,200,200],"floor_reached":16,"playtime":920,"items_purged":["Injury"],"score":254,"play_id":"5b48b01e-4d94-4813-8cc6-ee635ec41042","local_time":"20180910214605","is_ascension_mode":true,"campfire_choices":[{"data":"Footwork","floor":6,"key":"SMITH"},{"data":"Footwork","floor":8,"key":"SMITH"},{"data":"Noxious Fumes","floor":15,"key":"SMITH"}],"neow_cost":"NONE","seed_source_timestamp":8620845765117,"circlet_count":0,"master_deck":["Defend_G","Defend_G","Defend_G","Defend_G","Defend_G","Strike_G","Strike_G","Strike_G","Strike_G","Strike_G","Survivor","Neutralize","AscendersBane","Footwork+1","Footwork+1","Dagger Throw","Backflip","Dash","Noxious Fumes+1"],"relics":["Ring of the Snake","NeowsBlessing","Golden Idol","WingedGreaves","Bag of Preparation","Bottled Flame","Ancient Tea Set","Regal Pillow"],"potions_floor_usage":[14,14,16],"damage_taken":[{"damage":0,"enemies":"2 Louse","floor":1,"turns":1},{"damage":0,"enemies":"Lagavulin","floor":7,"turns":1},{"damage":0,"enemies":"Small Slimes","floor":11,"turns":1},{"damage":20,"enemies":"3 Sentries","floor":12,"turns":17},{"damage":0,"enemies":"Cultist","floor":13,"turns":4},{"damage":13,"enemies":"Gremlin Nob","floor":14,"turns":6},{"damage":30,"enemies":"Slime Boss","floor":16,"turns":9}],"seed_played":"3910386943787684400","potions_obtained":[{"floor":12,"key":"PowerPotion"},{"floor":13,"key":"AttackPotion"},{"floor":14,"key":"GamblersBrew"}],"is_trial":false,"path_per_floor":["M","$","?","?","$","R","E","R","T","T","M","E","M","E","R"],"character_chosen":"THE_SILENT","items_purchased":["Footwork"],"campfire_rested":0,"item_purchase_floors":[2],"current_hp_per_floor":[59,59,59,59,59,59,59,59,59,59,59,39,39,26,26,0],"gold":200,"neow_bonus":"THREE_ENEMY_KILL","is_prod":false,"is_daily":false,"chose_seed":false,"campfire_upgraded":3,"win_rate":0,"timestamp":1536608765,"path_taken":["M","$","?","?","?","R","E","R","T","?","?","E","M","E","R","BOSS"],"build_version":"2018-09-06","purchased_purges":1,"victory":false,"max_hp_per_floor":[66,66,66,66,66,66,66,66,66,66,66,66,66,66,66,66],"card_choices":[{"not_picked":["Dodge and Roll","Slice"],"picked":"Footwork","floor":1},{"not_picked":["Escape Plan","Prepared"],"picked":"Dagger Throw","floor":7},{"not_picked":["Underhanded Strike","Bane"],"picked":"Backflip","floor":11},{"not_picked":["Choke","Reflex","Backflip"],"picked":"SKIP","floor":12},{"not_picked":["Dagger Spray","Underhanded Strike"],"picked":"Dash","floor":13},{"not_picked":["Bouncing Flask","After Image"],"picked":"Noxious Fumes","floor":14}],"player_experience":936760,"relics_obtained":[{"floor":7,"key":"WingedGreaves"},{"floor":9,"key":"Bag of Preparation"},{"floor":10,"key":"Bottled Flame"},{"floor":12,"key":"Ancient Tea Set"},{"floor":14,"key":"Regal Pillow"}],"event_choices":[{"event_name":"Golden Idol","player_choice":"Take Wound","floor":3,"damage_taken":0},{"event_name":"Golden Shrine","player_choice":"Pray","floor":4,"damage_taken":0}],"is_beta":false,"boss_relics":[],"items_purged_floors":[5],"is_endless":false,"potions_floor_spawned":[12,13,14],"killed_by":"Slime Boss","ascension_level":16}