{"gold_per_floor":[112,130,130,141,141,141,216,249,275,251,251,251,201,11,11,109,109,119,133,150,12,12],"floor_reached":22,"playtime":2427,"items_purged":["Strike_R","Strike_R"],"score":218,"play_id":"a10a122d-7a9b-451e-a0f7-2f2620a6a0a2","local_time":"20190131143743","is_ascension_mode":true,"campfire_choices":[{"data":"True Grit","floor":6,"key":"SMITH"},{"floor":11,"key":"REST"},{"data":"Inflame","floor":15,"key":"SMITH"}],"neow_cost":"NONE","seed_source_timestamp":1191453138471788,"circlet_count":0,"master_deck":["Strike_R","Defend_R","Defend_R","Defend_R","Defend_R","Bash","Dropkick","True Grit+1","Battle Trance","Inflame+1","Warcry","Rampage","Uppercut","Feed","Shrug It Off","Shockwave","Warcry","Whirlwind","Ghostly Armor","Clothesline","Rage"],"relics":["Burning Blood","NeowsBlessing","Lantern","Orrery"],"potions_floor_usage":[16,16,22,22],"damage_taken":[{"damage":0,"enemies":"Small Slimes","floor":1,"turns":1},{"damage":0,"enemies":"2 Louse","floor":2,"turns":1},{"damage":0,"enemies":"Jaw Worm","floor":4,"turns":1},{"damage":38,"enemies":"Gremlin Nob","floor":8,"turns":5},{"damage":48,"enemies":"Hexaghost","floor":16,"turns":12},{"damage":16,"enemies":"Chosen","floor":18,"turns":6},{"damage":26,"enemies":"3 Byrds","floor":19,"turns":8},{"damage":54,"enemies":"3 Cultists","floor":20,"turns":6},{"damage":29,"enemies":"Snecko","floor":22,"turns":7}],"seed_played":"-2032244782388730512","potions_obtained":[{"floor":4,"key":"BloodPotion"},{"floor":8,"key":"Dexterity Potion"},{"floor":16,"key":"Energy Potion"},{"floor":19,"key":"Block Potion"}],"is_trial":false,"path_per_floor":["M","M","?","M","?","R","?","E","T","$","R","?","?","$","R","B",null,"M","M","M","$","M"],"character_chosen":"IRONCLAD","items_purchased":["Warcry","Rampage","Uppercut","Rage"],"campfire_rested":1,"item_purchase_floors":[10,14,14,21],"current_hp_per_floor":[80,80,80,80,80,80,69,37,37,37,61,66,66,66,66,32,85,75,58,10,10,0],"gold":12,"neow_bonus":"THREE_ENEMY_KILL","is_prod":false,"is_daily":false,"chose_seed":false,"campfire_upgraded":2,"win_rate":0,"timestamp":1548941863,"path_taken":["M","M","?","M","?","R","?","E","T","?","R","?","?","?","R","BOSS","M","M","M","$","M"],"build_version":"2019-01-23","purchased_purges":2,"victory":false,"max_hp_per_floor":[80,80,80,80,80,80,80,80,80,80,80,85,85,85,85,85,85,85,88,88,88,88],"card_choices":[{"not_picked":["Heavy Blade","Entrench"],"picked":"Dropkick","floor":1},{"not_picked":["Seeing Red","Iron Wave"],"picked":"True Grit","floor":2},{"not_picked":["Clash","Clothesline"],"picked":"Battle Trance","floor":4},{"not_picked":["Evolve","Rampage"],"picked":"Inflame","floor":8},{"not_picked":["Barricade","Bludgeon"],"picked":"Feed","floor":16},{"not_picked":["Intimidate","Thunderclap"],"picked":"Shrug It Off","floor":17},{"not_picked":["Metallicize","Armaments"],"picked":"Shockwave","floor":17},{"not_picked":["Wild Strike","Infernal Blade"],"picked":"Warcry","floor":17},{"not_picked":["Metallicize","Burning Pact"],"picked":"Whirlwind","floor":17},{"not_picked":["Perfected Strike","Brutality"],"picked":"Ghostly Armor","floor":18},{"not_picked":["Cleave+1","Iron Wave"],"picked":"Clothesline","floor":19},{"not_picked":["Anger","Iron Wave","Feel No Pain"],"picked":"SKIP","floor":20}],"player_experience":461241,"relics_obtained":[{"floor":8,"key":"Lantern"}],"event_choices":[{"cards_removed":["Strike_R"],"damage_healed":0,"gold_gain":0,"player_choice":"Forget","damage_taken":0,"max_hp_gain":0,"max_hp_loss":0,"event_name":"Living Wall","floor":3,"gold_loss":0},{"damage_healed":0,"gold_gain":0,"player_choice":"Ignored","damage_taken":0,"max_hp_gain":0,"max_hp_loss":0,"event_name":"Liars Game","floor":5,"gold_loss":0},{"damage_healed":0,"gold_gain":75,"player_choice":"Gather Gold","damage_taken":11,"max_hp_gain":0,"max_hp_loss":0,"event_name":"World of Goop","floor":7,"gold_loss":0},{"damage_healed":0,"gold_gain":0,"player_choice":"Donut","damage_taken":0,"max_hp_gain":5,"max_hp_loss":0,"event_name":"Big Fish","floor":12,"gold_loss":0},{"cards_removed":["Strike_R"],"damage_healed":0,"gold_gain":0,"player_choice":"Card Removal","damage_taken":0,"max_hp_gain":0,"max_hp_loss":0,"event_name":"The Cleric","floor":13,"gold_loss":50}],"is_beta":false,"boss_relics":[{"not_picked":["Black Star","Tiny House"],"picked":"Orrery"}],"items_purged_floors":[14,21],"is_endless":false,"potions_floor_spawned":[4,8,16,19],"killed_by":"Snecko","ascension_level":4}