{"gold_per_floor":[110,110,185,185,205,205,220,234,309,325,500,33,49,49,49,144,144,159,129],"floor_reached":19,"playtime":859,"items_purged":["Doubt"],"score":159,"play_id":"66d2414e-d765-41a9-94a2-cc00690cda0c","local_time":"20181027160407","is_ascension_mode":false,"campfire_choices":[{"data":"Spot Weakness","floor":6,"key":"SMITH"},{"floor":15,"key":"REST"}],"neow_cost":"NONE","seed_source_timestamp":1376775906433407,"circlet_count":0,"master_deck":["Strike_R","Strike_R","Strike_R","Strike_R","Strike_R","Bash","Double Tap+1","True Grit+1","Clothesline","Spot Weakness+1","Clothesline","Armaments","Perfected Strike","Dual Wield","Flex","Reaper","Uppercut+1"],"relics":["Astrolabe","Vajra","Bottled Flame","Pen Nib","Pear","Eternal Feather"],"potions_floor_usage":[10],"damage_taken":[{"damage":8,"enemies":"Small Slimes","floor":1,"turns":3},{"damage":6,"enemies":"2 Louse","floor":5,"turns":2},{"damage":4,"enemies":"Cultist","floor":7,"turns":3},{"damage":13,"enemies":"3 Louse","floor":8,"turns":5},{"damage":6,"enemies":"Exordium Wildlife","floor":10,"turns":3},{"damage":4,"enemies":"Blue Slaver","floor":13,"turns":2},{"damage":17,"enemies":"Slime Boss","floor":16,"turns":8},{"damage":78,"enemies":"3 Byrds","floor":18,"turns":7},{"damage":11,"enemies":"2 Thieves","floor":19,"turns":2}],"seed_played":"-4947569365083631408","potions_obtained":[{"floor":1,"key":"Ancient Potion"},{"floor":8,"key":"AttackPotion"},{"floor":10,"key":"Dexterity Potion"}],"is_trial":false,"path_per_floor":["M","?","?","?","M","R","M","M","T","M","?","$","M","?","R","B",null,"M"],"character_chosen":"IRONCLAD","items_purchased":["Pen Nib","Pear"],"campfire_rested":1,"item_purchase_floors":[12,12],"current_hp_per_floor":[72,72,61,54,48,48,44,31,31,25,25,35,31,24,51,34,90,19,8],"gold":129,"neow_bonus":"BOSS_RELIC","is_prod":false,"is_daily":false,"chose_seed":false,"campfire_upgraded":1,"win_rate":0.0,"timestamp":1540609447,"path_taken":["M","?","?","?","M","R","M","?","T","M","?","$","M","?","R","BOSS","M","M"],"build_version":"2018-10-25v2","purchased_purges":1,"victory":false,"max_hp_per_floor":[80,80,80,80,80,80,80,80,80,80,80,90,90,90,90,90,90,90,90],"card_choices":[{"not_picked":["Feel No Pain","Headbutt"],"picked":"Clothesline","floor":1},{"not_picked":["Havoc","Blood for Blood"],"picked":"Clothesline","floor":5},{"not_picked":["Bludgeon","Shrug It Off"],"picked":"Armaments","floor":7},{"not_picked":["Blood for Blood","Intimidate"],"picked":"Perfected Strike","floor":8},{"not_picked":["Wild Strike","Clash"],"picked":"Dual Wield","floor":10},{"not_picked":["Wild Strike","Clothesline"],"picked":"Flex","floor":13},{"not_picked":["Berserk","Fiend Fire"],"picked":"Reaper","floor":16},{"not_picked":["Perfected Strike","Evolve+1"],"picked":"Uppercut+1","floor":18}],"player_experience":253776,"relics_obtained":[{"floor":9,"key":"Bottled Flame"}],"event_choices":[{"damage_healed":0,"gold_gain":0,"cards_transformed":["Defend_R"],"player_choice":"Change","damage_taken":0,"max_hp_gain":0,"max_hp_loss":0,"event_name":"Living Wall","floor":2,"gold_loss":0,"cards_obtained":["Spot Weakness"]},{"damage_healed":0,"gold_gain":75,"player_choice":"Gather Gold","damage_taken":11,"max_hp_gain":0,"max_hp_loss":0,"event_name":"World of Goop","floor":3,"gold_loss":0},{"damage_healed":0,"gold_gain":0,"player_choice":"Success","damage_taken":7,"relics_obtained":["Vajra"],"max_hp_gain":0,"max_hp_loss":0,"event_name":"Scrap Ooze","floor":4,"gold_loss":0},{"damage_healed":0,"gold_gain":175,"player_choice":"AGREE","damage_taken":0,"max_hp_gain":0,"max_hp_loss":0,"event_name":"Liars Game","floor":11,"gold_loss":0,"cards_obtained":["Doubt"]},{"cards_removed":["Evolve"],"damage_healed":0,"gold_gain":0,"player_choice":"Card Removal","damage_taken":7,"max_hp_gain":0,"max_hp_loss":0,"event_name":"Golden Wing","floor":14,"gold_loss":0}],"is_beta":false,"boss_relics":[{"not_picked":["White Beast Statue","Philosopher\u0027s Stone"],"picked":"Eternal Feather"}],"items_purged_floors":[12],"is_endless":false,"potions_floor_spawned":[1,8,10],"killed_by":"2 Thieves","ascension_level":0}