{"gold_per_floor":[116,41,65,57,86,98,127,139,178,190,216,239,281,305,317,403,415,440,60,70,90,102,136,155,155,179,193,193,204,24,38,38,110,110,120,120,120,130,142,142,167,187,212,212,212,227,227,237,237,237],"floor_reached":50,"playtime":2455,"items_purged":["Wraith Form v2+1","Strike_G"],"score":974,"play_id":"221ff3b3-233e-498a-b585-3db48ca28983","local_time":"20190130103514","is_ascension_mode":true,"campfire_choices":[{"data":"Skewer","floor":6.0,"key":"SMITH"},{"data":"Neutralize","floor":8.0,"key":"SMITH"},{"data":"Deadly Poison","floor":10.0,"key":"SMITH"},{"floor":15.0,"key":"REST"},{"floor":25.0,"key":"REST"},{"data":"Noxious Fumes","floor":28.0,"key":"SMITH"},{"floor":32.0,"key":"REST"},{"data":"Catalyst","floor":40.0,"key":"SMITH"},{"floor":44.0,"key":"REST"},{"floor":49.0,"key":"REST"}],"neow_cost":"NONE","seed_source_timestamp":470201448680236,"circlet_count":0,"master_deck":["AscendersBane","Defend_G","Defend_G","Defend_G","Defend_G","Survivor","Neutralize+1","Infinite Blades","Deadly Poison+1","Skewer+1","Flying Knee","Crippling Poison","PiercingWail","Noxious Fumes+1","Terror","Envenom","Well Laid Plans+1","Blur+1","Leg Sweep","Dagger Spray","Backflip+1","Footwork","Infinite Blades+1","Deflect","Cloak And Dagger","Cloak And Dagger","Catalyst+1","Deflect","Burst","Backstab","Caltrops","Bane+1","Noxious Fumes","Clumsy","Choke","Deep Breath"],"special_seed":0,"relics":["Ring of the Snake","Bronze Scales","MawBank","Blood Vial","Mummified Hand","Astrolabe","Chemical X","Strawberry","Dream Catcher","Cursed Key","Paper Crane","Snake Skull"],"potions_floor_usage":[],"damage_taken":[{"damage":1.0,"enemies":"2 Louse","floor":1.0,"turns":2.0},{"damage":2.0,"enemies":"Cultist","floor":3.0,"turns":4.0},{"damage":0.0,"enemies":"Small Slimes","floor":5.0,"turns":3.0},{"damage":4.0,"enemies":"Red Slaver","floor":7.0,"turns":5.0},{"damage":11.0,"enemies":"Exordium Thugs","floor":11.0,"turns":3.0},{"damage":0.0,"enemies":"Exordium Wildlife","floor":12.0,"turns":3.0},{"damage":20.0,"enemies":"Lagavulin","floor":13.0,"turns":5.0},{"damage":1.0,"enemies":"2 Fungi Beasts","floor":14.0,"turns":3.0},{"damage":14.0,"enemies":"Hexaghost","floor":16.0,"turns":7.0},{"damage":3.0,"enemies":"3 Byrds","floor":18.0,"turns":3.0},{"damage":3.0,"enemies":"2 Thieves","floor":20.0,"turns":4.0},{"damage":15.0,"enemies":"Shelled Parasite and Fungi","floor":21.0,"turns":4.0},{"damage":28.0,"enemies":"3 Cultists","floor":22.0,"turns":6.0},{"damage":0.0,"enemies":"Gremlin Leader","floor":23.0,"turns":5.0},{"damage":25.0,"enemies":"Snake Plant","floor":24.0,"turns":5.0},{"damage":17.0,"enemies":"Shelled Parasite and Fungi","floor":27.0,"turns":5.0},{"damage":25.0,"enemies":"3 Cultists","floor":29.0,"turns":6.0},{"damage":0.0,"enemies":"Centurion and Healer","floor":31.0,"turns":6.0},{"damage":22.0,"enemies":"Champ","floor":33.0,"turns":9.0},{"damage":34.0,"enemies":"3 Shapes","floor":35.0,"turns":4.0},{"damage":0.0,"enemies":"Orb Walker","floor":38.0,"turns":3.0},{"damage":22.0,"enemies":"Jaw Worm Horde","floor":39.0,"turns":4.0},{"damage":23.0,"enemies":"Nemesis","floor":41.0,"turns":7.0},{"damage":10.0,"enemies":"Spire Growth","floor":42.0,"turns":6.0},{"damage":4.0,"enemies":"Transient","floor":46.0,"turns":5.0},{"damage":14.0,"enemies":"Jaw Worm Horde","floor":48.0,"turns":5.0},{"damage":33,"enemies":"Donu and Deca","floor":50,"turns":2}],"seed_played":"4387126160341574798","potions_obtained":[{"floor":4.0,"key":"Regen Potion"},{"floor":5.0,"key":"AttackPotion"},{"floor":13.0,"key":"Regen Potion"},{"floor":18.0,"key":"Energy Potion"},{"floor":20.0,"key":"Weak Potion"},{"floor":21.0,"key":"SteroidPotion"},{"floor":31.0,"key":"EntropicBrew"},{"floor":35.0,"key":"Block Potion"},{"floor":41.0,"key":"Fire Potion"},{"floor":46.0,"key":"GamblersBrew"}],"is_trial":false,"path_per_floor":["M","?","M","?","M","R","M","R","T","R","M","M","E","M","R","B",null,"M","$","M","M","M","E","M","R","T","M","R","M","$","M","R","B",null,"M","?","?","M","M","R","E","M","T","R","?","M","?","M","R","B"],"character_chosen":"THE_SILENT","items_purchased":["Chemical X","Leg Sweep","Catalyst"],"campfire_rested":5,"item_purchase_floors":[19,19,30],"current_hp_per_floor":[58,58,56,56,56,56,52,52,52,52,43,45,27,28,47,50,62,61,61,60,47,21,45,22,43,43,28,28,5,5,7,28,23,61,29,60,60,60,38,38,17,9,9,27,27,25,25,13,31,0],"gold":237,"neow_bonus":"RANDOM_COMMON_RELIC","is_prod":false,"is_daily":false,"chose_seed":false,"campfire_upgraded":5,"win_rate":0,"timestamp":1548840914,"path_taken":["M","?","?","?","M","R","M","R","T","R","M","M","E","M","R","BOSS","M","?","M","M","M","E","M","R","T","?","R","M","$","M","R","BOSS","M","?","?","?","M","R","E","M","T","R","?","?","?","M","R","BOSS"],"build_version":"2019-01-23","purchased_purges":2,"victory":false,"max_hp_per_floor":[66,66,66,66,66,66,66,66,66,66,66,66,66,66,66,66,66,66,66,66,66,66,73,73,73,73,73,73,73,73,73,73,73,73,73,60,60,60,60,60,60,60,60,60,60,60,60,60,60,60],"card_choices":[{"not_picked":["Prepared","Dagger Throw"],"picked":"Infinite Blades","floor":1.0},{"not_picked":["Deflect","Bouncing Flask"],"picked":"Deadly Poison","floor":3.0},{"not_picked":["Slice","Dagger Throw"],"picked":"Skewer","floor":5.0},{"not_picked":["Reflex","Skewer"],"picked":"Flying Knee","floor":7.0},{"not_picked":["Setup","Outmaneuver"],"picked":"Crippling Poison","floor":11.0},{"not_picked":["Phantasmal Killer","Slice"],"picked":"PiercingWail","floor":12.0},{"not_picked":["Slice","Dagger Throw"],"picked":"Noxious Fumes","floor":13.0},{"not_picked":["Dagger Spray","Acrobatics"],"picked":"Terror","floor":14.0},{"not_picked":["Die Die Die","Grand Finale"],"picked":"Envenom","floor":16.0},{"not_picked":["Bouncing Flask","Flying Knee+1","Underhanded Strike"],"picked":"SKIP","floor":18.0},{"not_picked":["Underhanded Strike","Dodge and Roll"],"picked":"Dagger Spray","floor":20.0},{"not_picked":["Deadly Poison","Poisoned Stab"],"picked":"Backflip+1","floor":21.0},{"not_picked":["Corpse Explosion","Slice"],"picked":"Footwork","floor":22.0},{"not_picked":["Dagger Throw","Deadly Poison"],"picked":"Infinite Blades+1","floor":23.0},{"not_picked":["Outmaneuver","Well Laid Plans"],"picked":"Deflect","floor":24.0},{"not_picked":["Concentrate","Sucker Punch"],"picked":"Cloak And Dagger","floor":27.0},{"not_picked":["Underhanded Strike","Dodge and Roll"],"picked":"Cloak And Dagger","floor":29.0},{"not_picked":["Dagger Throw","Dagger Spray+1","Underhanded Strike"],"picked":"SKIP","floor":31.0},{"not_picked":["Reflex","Prepared"],"picked":"Deflect","floor":32.0},{"not_picked":["Malaise","Venomology"],"picked":"Burst","floor":33.0},{"not_picked":["Dagger Throw","Masterful Stab+1"],"picked":"Backstab","floor":35.0},{"not_picked":["Backflip","Outmaneuver"],"picked":"Caltrops","floor":38.0},{"not_picked":["Finisher","Prepared+1"],"picked":"Bane+1","floor":39.0},{"not_picked":["Dash","Terror","Poisoned Stab"],"picked":"SKIP","floor":41.0},{"not_picked":["Flechettes","Cloak And Dagger"],"picked":"Noxious Fumes","floor":42.0},{"not_picked":["Poisoned Stab+1","All Out Attack","Tools of the Trade"],"picked":"SKIP","floor":46.0},{"not_picked":["PanicButton","Secret Weapon"],"picked":"Deep Breath","floor":47.0},{"not_picked":["Poisoned Stab","Underhanded Strike","Deadly Poison"],"picked":"SKIP","floor":48.0}],"player_experience":1135312,"relics_obtained":[{"floor":9.0,"key":"Blood Vial"},{"floor":13.0,"key":"Mummified Hand"},{"floor":23.0,"key":"Strawberry"},{"floor":26.0,"key":"Dream Catcher"},{"floor":41.0,"key":"Paper Crane"},{"floor":43.0,"key":"Snake Skull"}],"event_choices":[{"damage_healed":0.0,"max_hp_gain":0.0,"max_hp_loss":0.0,"gold_gain":0.0,"event_name":"WeMeetAgain","player_choice":"Paid Gold","floor":2.0,"gold_loss":75.0,"damage_taken":0.0,"relics_obtained":["MawBank"]},{"damage_healed":0.0,"max_hp_gain":0.0,"max_hp_loss":0.0,"gold_gain":0.0,"event_name":"The Woman in Blue","player_choice":"Bought 1 Potion","floor":4.0,"gold_loss":0.0,"damage_taken":0.0},{"damage_healed":60.0,"max_hp_gain":0.0,"max_hp_loss":13.0,"gold_gain":0.0,"event_name":"The Moai Head","player_choice":"Heal","floor":36.0,"gold_loss":0.0,"damage_taken":0.0},{"cards_removed":["Strike_G"],"damage_healed":0.0,"max_hp_gain":0.0,"max_hp_loss":0.0,"gold_gain":0.0,"event_name":"Bonfire Elementals","player_choice":"Offered Basic","floor":37.0,"gold_loss":0.0,"damage_taken":0.0},{"damage_healed":0.0,"max_hp_gain":0.0,"max_hp_loss":0.0,"gold_gain":0.0,"cards_transformed":["Defend_G"],"event_name":"Transmorgrifier","player_choice":"Transformed","floor":45.0,"gold_loss":0.0,"damage_taken":0.0,"cards_obtained":["Choke"]},{"damage_healed":0.0,"max_hp_gain":0.0,"max_hp_loss":0.0,"gold_gain":0.0,"event_name":"SensoryStone","player_choice":"Memory 1","floor":47.0,"gold_loss":0.0,"damage_taken":0.0}],"is_beta":false,"boss_relics":[{"not_picked":["WristBlade","Eternal Feather"],"picked":"Astrolabe"},{"not_picked":["Runic Dome","White Beast Statue"],"picked":"Cursed Key"}],"items_purged_floors":[19,30],"is_endless":false,"potions_floor_spawned":[5,12,13,18,20,21,31,35,41,46],"killed_by":"Donu and Deca","ascension_level":16}