{"gold_per_floor":[211,228,228,403,422,422,441,441,441,466,498,232,232,232,232,330,330,342,360,374,289,62,62,92,125,197,197,213,213,313,346,346,445,495,514,528,243,243,258,258,285,195,222,222,235,245,280,295,295,295],"floor_reached":51,"playtime":1750,"items_purged":["Doubt","Strike_R","Strike_R"],"score":870,"play_id":"9c37002a-101e-49f2-bac3-5eeba49ae067","local_time":"20190128122434","is_ascension_mode":false,"campfire_choices":[{"data":"Clash","floor":6.0,"key":"SMITH"},{"data":"Burning Pact","floor":8.0,"key":"SMITH"},{"data":"Bash","floor":13.0,"key":"SMITH"},{"data":"Clash","floor":15.0,"key":"SMITH"},{"data":"Body Slam","floor":23.0,"key":"SMITH"},{"data":"Feel No Pain","floor":27.0,"key":"SMITH"},{"data":"Dark Embrace","floor":29.0,"key":"SMITH"},{"data":"Feel No Pain","floor":32.0,"key":"SMITH"},{"data":"Feel No Pain","floor":40.0,"key":"SMITH"},{"data":"Juggernaut","floor":44.0,"key":"SMITH"},{"floor":49.0,"key":"DIG"}],"neow_cost":"NONE","seed_source_timestamp":6577217646647,"circlet_count":0,"master_deck":["Defend_R","Defend_R","Defend_R","Defend_R+1","Bash+1","Sword Boomerang+1","Burning Pact+1","Clash+1","Rage+1","Flame Barrier+1","Shrug It Off+1","Offering+1","Havoc+1","Second Wind+1","Feel No Pain+1","Body Slam+1","Feel No Pain+1","Dual Wield+1","Dark Embrace+1","Headbutt+1","Juggernaut+1","Impervious+1","Feel No Pain+1","True Grit+1","Havoc+1","Seeing Red+1"],"special_seed":0,"relics":["Burning Blood","Pear","Toxic Egg 2","MawBank","Anchor","Empty Cage","Sundial","Red Mask","Bag of Preparation","Singing Bowl","FossilizedHelix","Kunai","Strawberry","Tiny House","Shovel","Regal Pillow","Bottled Flame","Unceasing Top"],"potions_floor_usage":[50,50,50],"damage_taken":[{"damage":11.0,"enemies":"Jaw Worm","floor":1.0,"turns":4.0},{"damage":2.0,"enemies":"2 Louse","floor":2.0,"turns":3.0},{"damage":1.0,"enemies":"Cultist","floor":5.0,"turns":3.0},{"damage":9.0,"enemies":"2 Fungi Beasts","floor":7.0,"turns":5.0},{"damage":13.0,"enemies":"3 Sentries","floor":10.0,"turns":7.0},{"damage":5.0,"enemies":"Looter","floor":11.0,"turns":3.0},{"damage":25.0,"enemies":"Slime Boss","floor":16.0,"turns":9.0},{"damage":10.0,"enemies":"Shell Parasite","floor":18.0,"turns":9.0},{"damage":6.0,"enemies":"3 Byrds","floor":19.0,"turns":4.0},{"damage":6.0,"enemies":"Centurion and Healer","floor":20.0,"turns":6.0},{"damage":14.0,"enemies":"Masked Bandits","floor":24.0,"turns":4.0},{"damage":8.0,"enemies":"Slavers","floor":25.0,"turns":4.0},{"damage":6.0,"enemies":"Snake Plant","floor":28.0,"turns":5.0},{"damage":6.0,"enemies":"Colosseum Slavers","floor":30.0,"turns":3.0},{"damage":6.0,"enemies":"Colosseum Nobs","floor":30.0,"turns":3.0},{"damage":0.0,"enemies":"Book of Stabbing","floor":31.0,"turns":3.0},{"damage":20.0,"enemies":"Automaton","floor":33.0,"turns":5.0},{"damage":8.0,"enemies":"3 Darklings","floor":35.0,"turns":3.0},{"damage":0.0,"enemies":"3 Shapes","floor":36.0,"turns":2.0},{"damage":14.0,"enemies":"Maw","floor":39.0,"turns":7.0},{"damage":24.0,"enemies":"Giant Head","floor":41.0,"turns":9.0},{"damage":0.0,"enemies":"3 Darklings","floor":45.0,"turns":3.0},{"damage":0.0,"enemies":"Transient","floor":46.0,"turns":5.0},{"damage":29.0,"enemies":"Reptomancer","floor":47.0,"turns":6.0},{"damage":0.0,"enemies":"Sphere and 2 Shapes","floor":48.0,"turns":4.0},{"damage":3,"enemies":"Time Eater","floor":50,"turns":9}],"seed_played":"5314045912305066327","potions_obtained":[{"floor":1.0,"key":"Poison Potion"},{"floor":10.0,"key":"Strength Potion"},{"floor":11.0,"key":"Regen Potion"},{"floor":14.0,"key":"Fruit Juice"},{"floor":14.0,"key":"LiquidBronze"},{"floor":14.0,"key":"Fire Potion"},{"floor":19.0,"key":"Dexterity Potion"},{"floor":28.0,"key":"FairyPotion"},{"floor":39.0,"key":"Swift Potion"},{"floor":41.0,"key":"Block Potion"},{"floor":47.0,"key":"PowerPotion"}],"is_trial":false,"path_per_floor":["M","M","?","?","M","R","M","R","T","E","M","$","R","?","R","B",null,"M","M","M","?","$","R","?","E","T","R","M","R","?","E","R","B",null,"M","M","$","?","M","R","E","?","T","R","M","M","E","M","R","B",null],"character_chosen":"IRONCLAD","items_purchased":["Shrug It Off+1","Anchor","Feel No Pain","Body Slam","Impervious+1","Feel No Pain"],"campfire_rested":0,"item_purchase_floors":[12,12,22,22,37,37],"current_hp_per_floor":[75,79,71,71,76,76,73,73,73,66,67,67,67,72,72,53,95,91,91,91,91,91,91,83,81,81,81,81,81,81,96,96,82,111,111,115,115,115,109,109,93,93,93,93,99,107,84,90,90,93],"gold":295,"neow_bonus":"HUNDRED_GOLD","is_prod":false,"is_daily":false,"chose_seed":false,"campfire_upgraded":10,"win_rate":0,"timestamp":1548645874,"path_taken":["M","M","?","?","M","R","M","R","T","E","M","$","R","?","R","BOSS","M","M","?","?","$","R","?","E","T","R","M","R","?","E","R","BOSS","M","M","$","?","M","R","E","?","T","R","?","M","E","M","R","BOSS"],"build_version":"2019-01-23","purchased_purges":3,"victory":true,"max_hp_per_floor":[80,80,90,90,90,90,90,90,90,90,90,90,90,95,95,95,95,95,95,95,95,95,95,95,95,95,95,95,95,95,104,104,104,111,113,115,115,115,117,117,119,119,119,119,119,121,121,121,121,121],"card_choices":[{"not_picked":["Rage","Armaments"],"picked":"Sword Boomerang","floor":1.0},{"not_picked":["Armaments","Rage"],"picked":"Clash","floor":2.0},{"not_picked":["Barricade","Havoc"],"picked":"Burning Pact","floor":5.0},{"not_picked":["True Grit","Perfected Strike"],"picked":"Clash","floor":7.0},{"not_picked":["Bloodletting+1","Iron Wave"],"picked":"Rage+1","floor":10.0},{"not_picked":["Thunderclap","Headbutt"],"picked":"Flame Barrier+1","floor":11.0},{"not_picked":["Impervious+1","Fiend Fire"],"picked":"Offering+1","floor":16.0},{"not_picked":["Heavy Blade","Clothesline","Uppercut"],"picked":"SKIP","floor":18.0},{"not_picked":["Pommel Strike","Shrug It Off+1"],"picked":"Havoc+1","floor":19.0},{"not_picked":["Shrug It Off+1","Whirlwind+1"],"picked":"Second Wind+1","floor":20.0},{"not_picked":["Sword Boomerang","Clash"],"picked":"Feel No Pain","floor":24.0},{"not_picked":["Armaments+1","Sword Boomerang"],"picked":"Dual Wield+1","floor":25.0},{"not_picked":["Wild Strike","Blood for Blood"],"picked":"Dark Embrace","floor":28.0},{"not_picked":["Havoc+1","Rupture"],"picked":"Headbutt+1","floor":30.0},{"not_picked":["Heavy Blade+1","Armaments+1","Rupture+1"],"picked":"Singing Bowl","floor":31.0},{"not_picked":["Demon Form","Feed"],"picked":"Juggernaut","floor":33.0},{"not_picked":["Heavy Blade","Sever Soul","Fire Breathing"],"picked":"Singing Bowl","floor":34.0},{"not_picked":["Headbutt+1","Sword Boomerang","Twin Strike+1"],"picked":"Singing Bowl","floor":35.0},{"not_picked":["Body Slam+1","Rage+1","Cleave"],"picked":"Singing Bowl","floor":36.0},{"not_picked":["Cleave+1","Headbutt+1","Carnage"],"picked":"Singing Bowl","floor":39.0},{"not_picked":["Heavy Blade","Bloodletting+1","Limit Break+1"],"picked":"Singing Bowl","floor":41.0},{"not_picked":["Anger+1","Armaments+1"],"picked":"True Grit+1","floor":45.0},{"not_picked":["Shockwave+1","Flex+1","Sword Boomerang+1"],"picked":"Singing Bowl","floor":46.0},{"not_picked":["Armaments+1","Shrug It Off+1"],"picked":"Havoc+1","floor":47.0},{"not_picked":["Sword Boomerang+1","Clash+1"],"picked":"Seeing Red+1","floor":48.0}],"player_experience":1000266,"relics_obtained":[{"floor":9.0,"key":"Toxic Egg 2"},{"floor":10.0,"key":"MawBank"},{"floor":24.0,"key":"Red Mask"},{"floor":25.0,"key":"Bag of Preparation"},{"floor":26.0,"key":"Singing Bowl"},{"floor":30.0,"key":"FossilizedHelix"},{"floor":30.0,"key":"Kunai"},{"floor":31.0,"key":"Strawberry"},{"floor":41.0,"key":"Shovel"},{"floor":43.0,"key":"Regal Pillow"},{"floor":47.0,"key":"Bottled Flame"},{"floor":49.0,"key":"Unceasing Top"}],"event_choices":[{"damage_healed":0.0,"max_hp_gain":0.0,"max_hp_loss":0.0,"gold_gain":0.0,"event_name":"Scrap Ooze","player_choice":"Success","floor":3.0,"gold_loss":0.0,"damage_taken":18.0,"relics_obtained":["Pear"]},{"damage_healed":0.0,"max_hp_gain":0.0,"max_hp_loss":0.0,"gold_gain":175.0,"event_name":"Liars Game","player_choice":"AGREE","floor":4.0,"gold_loss":0.0,"damage_taken":0.0,"cards_obtained":["Doubt"]},{"damage_healed":0.0,"max_hp_gain":0.0,"max_hp_loss":0.0,"gold_gain":0.0,"event_name":"Lab","player_choice":"Got Potions","floor":14.0,"gold_loss":0.0,"damage_taken":0.0},{"damage_healed":0.0,"max_hp_gain":0.0,"max_hp_loss":0.0,"gold_gain":0.0,"event_name":"Addict","player_choice":"Obtained Relic","floor":21.0,"gold_loss":85.0,"damage_taken":0.0,"relics_obtained":["Sundial"]},{"damage_healed":0.0,"max_hp_gain":0.0,"max_hp_loss":0.0,"gold_gain":0.0,"event_name":"Masked Bandits","player_choice":"Fought Bandits","floor":24.0,"gold_loss":0.0,"damage_taken":0.0},{"damage_healed":0.0,"max_hp_gain":0.0,"max_hp_loss":0.0,"gold_gain":0.0,"event_name":"Colosseum","player_choice":"Fight","floor":30.0,"gold_loss":0.0,"damage_taken":0.0},{"damage_healed":0.0,"max_hp_gain":0.0,"max_hp_loss":0.0,"gold_gain":0.0,"event_name":"Colosseum","player_choice":"Fought Nobs","floor":30.0,"gold_loss":0.0,"damage_taken":0.0},{"cards_removed":["Clash"],"damage_healed":0.0,"max_hp_gain":0.0,"max_hp_loss":0.0,"gold_gain":0.0,"event_name":"Falling","player_choice":"Removed Attack","floor":38.0,"gold_loss":0.0,"damage_taken":0.0},{"cards_removed":["Strike_R"],"damage_healed":0.0,"max_hp_gain":0.0,"max_hp_loss":0.0,"gold_gain":0.0,"event_name":"Designer","player_choice":"Upgrade and Remove","floor":42.0,"gold_loss":90.0,"damage_taken":0.0,"cards_upgraded":["Sword Boomerang"]}],"is_beta":false,"boss_relics":[{"not_picked":["Coffee Dripper","White Beast Statue"],"picked":"Empty Cage"},{"not_picked":["Pandora\u0027s Box","Calling Bell"],"picked":"Tiny House"}],"items_purged_floors":[12,22,37],"is_endless":false,"potions_floor_spawned":[1,10,11,19,28,30,30,39,41,47],"ascension_level":0}