{"path_per_floor":["M","M","?","M","$","M","R","?","T","R","M","E","R","M","R","B",null,"M","?","$","?","?","R","M","R","T","R","M","R","$","M","R","B",null,"M","M","?","M","$","R","M","R","T","?","$","?","R","M","R"],"character_chosen":"IRONCLAD","items_purchased":["Body Slam","Lantern","Shrug It Off"],"gold_per_floor":[114,126,105,120,67,85,85,115,115,115,130,163,163,174,174,270,270,280,280,9,9,9,9,19,19,44,44,55,55,55,68,68,165,165,175,191,191,208,108,108,125,125,125,125,0,54,54,72,72,72],"floor_reached":50,"campfire_rested":1,"playtime":2124,"current_hp_per_floor":[80,80,80,80,80,80,80,80,80,80,80,80,80,80,80,47,80,80,80,80,80,80,80,79,79,79,79,80,80,80,61,61,9,80,80,79,79,60,60,60,59,59,59,59,59,48,72,71,71,0],"items_purged":["Strike_R","Strike_R","Defend_R"],"gold":72,"score":440,"play_id":"d71190e4-cbfd-4935-9aad-9f7acbb3b09d","local_time":"20180327012749","is_prod":false,"is_daily":false,"is_ascension_mode":false,"campfire_upgraded":11,"timestamp":1522106869,"path_taken":["M","M","?","M","$","M","R","?","T","R","M","E","R","M","R","BOSS","M","?","$","?","?","R","M","R","T","R","M","R","?","M","R","BOSS","M","M","?","M","$","R","M","R","T","?","$","?","R","M","R","BOSS"],"build_version":"2018-03-22v2","purchased_purges":3,"victory":false,"master_deck":["Strike_R","Defend_R","Defend_R","Defend_R","Bash","Metallicize+1","Clothesline+1","Impervious","Body Slam+1","Shrug It Off+1","Rampage+1","Body Slam+1","Ghostly Armor+1","Shrug It Off+1","Body Slam+1","Offering+1","Entrench+1","Shrug It Off+1","Bludgeon"],"max_hp_per_floor":[80,80,80,80,80,80,80,80,80,80,80,80,80,80,80,80,80,80,80,80,80,80,80,80,80,80,80,80,80,80,80,80,80,80,80,80,80,80,80,80,80,80,80,80,80,80,80,80,80,80],"relics":["Burning Blood","Blue Candle","Bottled Tornado","Question Card","Lantern","Dream Catcher","Lizard Tail","Meat on the Bone","Shovel","Champion Belt","Frozen Egg 2"],"card_choices":[{"not_picked":["Rupture","Warcry"],"picked":"Clothesline","floor":1},{"not_picked":["Reckless Charge","Intimidate"],"picked":"Impervious","floor":2},{"not_picked":["Flex","Iron Wave"],"picked":"Shrug It Off","floor":6},{"not_picked":["Body Slam","Wild Strike"],"picked":"Rampage","floor":12},{"not_picked":["Rampage","Flex"],"picked":"Body Slam","floor":14},{"not_picked":["Flex","Rupture","Searing Blow"],"picked":"Body Slam","floor":31},{"not_picked":["Feed","Limit Break","Fiend Fire"],"picked":"Offering","floor":33},{"not_picked":["Anger","Headbutt","Pommel Strike"],"picked":"Entrench","floor":35},{"not_picked":["Sword Boomerang","Anger","Twin Strike"],"picked":"Shrug It Off","floor":36},{"not_picked":["Heavy Blade","Feel No Pain","Cleave"],"picked":"Bludgeon","floor":41}],"player_experience":171863,"potions_floor_usage":[11,12,28,28,33,33,50,50],"damage_taken":[{"damage":0,"enemies":"2 Louse","floor":1,"turns":4},{"damage":0,"enemies":"Small Slimes","floor":2,"turns":4},{"damage":1,"enemies":"Cultist","floor":4,"turns":4},{"damage":2,"enemies":"3 Louse","floor":6,"turns":5},{"damage":0,"enemies":"Blue Slaver","floor":11,"turns":3},{"damage":3,"enemies":"Lagavulin","floor":12,"turns":9},{"damage":0,"enemies":"Large Slime","floor":14,"turns":5},{"damage":39,"enemies":"Hexaghost","floor":16,"turns":11},{"damage":5,"enemies":"Shell Parasite","floor":18,"turns":6},{"damage":7,"enemies":"3 Byrds","floor":24,"turns":7},{"damage":1,"enemies":"Sentry and Sphere","floor":28,"turns":7},{"damage":25,"enemies":"Cultist and Chosen","floor":31,"turns":8},{"damage":58,"enemies":"Automaton","floor":33,"turns":13},{"damage":4,"enemies":"3 Darklings","floor":35,"turns":7},{"damage":7,"enemies":"3 Shapes","floor":36,"turns":7},{"damage":25,"enemies":"Sphere and 2 Shapes","floor":38,"turns":9},{"damage":7,"enemies":"3 Darklings","floor":41,"turns":8},{"damage":17,"enemies":"Sphère mystérieuse","floor":46,"turns":7},{"damage":7,"enemies":"4 Shapes","floor":48,"turns":6},{"damage":138,"enemies":"Time Eater","floor":50,"turns":17}],"event_choices":[{"event_name":"World of Goop","player_choice":"Left","floor":3,"damage_taken":0},{"event_name":"Dead Adventurer","player_choice":"Searched \u00272\u0027 times","floor":8,"damage_taken":0},{"event_name":"The Library","player_choice":"Read","floor":19,"damage_taken":0},{"event_name":"Addict","player_choice":"Ignored","floor":21,"damage_taken":0},{"event_name":"Back to Basics","player_choice":"Elegance","floor":22,"damage_taken":0},{"event_name":"Tomb of Lord Red Mask","player_choice":"Ignored","floor":37,"damage_taken":0},{"event_name":"Accursed Blacksmith","player_choice":"Rummage","floor":44,"damage_taken":0},{"event_name":"Mysterious Sphere","player_choice":"Fight","floor":46,"damage_taken":0}],"boss_relics":[{"not_picked":["Mark of Pain","White Beast Statue"],"picked":"Question Card"},{"not_picked":["Velvet Choker","Black Blood"],"picked":"Lizard Tail"}],"potions_floor_spawned":[2,4,11,12,14,24,31,36,48],"seed_played":"7477210468221553088","killed_by":"Time Eater","ascension_level":0,"is_trial":false}