{"path_per_floor":["M","M","?","M","$","R","?","T","T","R","E","M","$","?","R","B",null,"M","M","?","M","$","R","M","M","T","R","M","E","?","M","R","B"],"character_chosen":"IRONCLAD","items_purchased":["Bandage Up","Battle Trance","Deep Breath","Shrug It Off"],"gold_per_floor":[110,128,303,315,53,53,53,53,53,53,87,101,12,42,42,137,137,155,171,171,185,32,32,52,63,132,132,145,176,101,115,115,220],"floor_reached":34,"campfire_rested":3,"playtime":2433,"current_hp_per_floor":[80,80,80,80,80,80,80,80,80,80,67,58,58,58,58,10,80,80,58,58,39,39,63,53,54,54,78,64,31,31,26,50,7],"items_purged":["Doubt","Strike_R"],"gold":220,"score":354,"play_id":"5af4fe32-247b-47e5-8b62-e8616fe70dfd","local_time":"20180309132844","is_prod":false,"is_daily":false,"is_ascension_mode":true,"campfire_upgraded":2,"timestamp":1520598524,"path_taken":["M","M","?","M","$","R","?","?","T","R","E","M","?","?","R","BOSS","M","?","?","M","$","R","M","M","T","R","M","E","?","M","R","BOSS"],"build_version":"2018-03-01-PROD1","purchased_purges":3,"victory":false,"master_deck":["Strike_R","Strike_R","Strike_R","Defend_R","Defend_R","Defend_R","Defend_R","Bash","Body Slam+1","Disarm","Combust","Bandage Up+1","Battle Trance","Thunderclap","Twin Strike","Deep Breath","Offering","Pommel Strike+1","Metallicize","Shrug It Off","Perfected Strike+1","Iron Wave","Shockwave","Juggernaut"],"max_hp_per_floor":[80,80,80,80,80,80,80,80,80,80,80,80,80,80,80,80,80,80,80,80,80,80,80,80,80,80,80,80,80,80,80,80,80],"relics":["Burning Blood","NeowsBlessing","Bronze Scales","Gambling Chip","Self Forming Clay","Peace Pipe","Lizard Tail","Shuriken","Bottled Lightning","Velvet Choker"],"card_choices":[{"not_picked":["Clash","Armaments"],"picked":"Body Slam"},{"not_picked":["Clothesline","Second Wind"],"picked":"Disarm"},{"not_picked":["Sword Boomerang","Searing Blow"],"picked":"Combust"},{"not_picked":["Clash","Limit Break"],"picked":"Thunderclap"},{"not_picked":["Clothesline","Headbutt"],"picked":"Twin Strike"},{"not_picked":["Brutality","Double Tap"],"picked":"Offering"},{"not_picked":["Bloodletting","Iron Wave"],"picked":"Pommel Strike"},{"not_picked":["Sword Boomerang","Cleave"],"picked":"Metallicize"},{"not_picked":["Cleave","Warcry"],"picked":"Perfected Strike"},{"not_picked":["Fiend Fire","Cleave"],"picked":"Iron Wave"},{"not_picked":["Cleave","Anger"],"picked":"Shockwave"},{"not_picked":["Reaper","Brutality"],"picked":"Juggernaut"}],"player_experience":171668,"potions_floor_usage":[16,29,29,33],"damage_taken":[{"damage":0,"enemies":"2 Louse","floor":1,"turns":1},{"damage":0,"enemies":"Jaw Worm","floor":2,"turns":1},{"damage":0,"enemies":"Small Slimes","floor":4,"turns":1},{"damage":25,"enemies":"3 Sentries","floor":11,"turns":5},{"damage":21,"enemies":"Exordium Wildlife","floor":12,"turns":4},{"damage":60,"enemies":"Slime Boss","floor":16,"turns":11},{"damage":4,"enemies":"3 Byrds","floor":18,"turns":3},{"damage":34,"enemies":"Spheric Guardian","floor":19,"turns":6},{"damage":31,"enemies":"Centurion and Healer","floor":21,"turns":5},{"damage":22,"enemies":"Snake Plant","floor":24,"turns":5},{"damage":11,"enemies":"Chosen and Byrds","floor":25,"turns":6},{"damage":26,"enemies":"Centurion and Healer","floor":28,"turns":4},{"damage":45,"enemies":"Gremlin Leader","floor":29,"turns":7},{"damage":17,"enemies":"Sentry and Sphere","floor":31,"turns":4},{"damage":100,"enemies":"Automaton","floor":33,"turns":12}],"event_choices":[{"event_name":"Liars Game","player_choice":"agreed","floor":3,"damage_taken":0},{"event_name":"Big Fish","player_choice":"Box","floor":7,"damage_taken":0},{"event_name":"Dead Adventurer","player_choice":"Searched \u00271\u0027 times","floor":14,"damage_taken":0},{"event_name":"Cursed Tome","player_choice":"Ignored","floor":20,"damage_taken":0},{"event_name":"Beggar","player_choice":"Gave Gold","floor":30,"damage_taken":0}],"boss_relics":[{"not_picked":["Calling Bell","Black Blood"],"picked":"Lizard Tail"},{"not_picked":["Runic Cube","Eternal Feather"],"picked":"Velvet Choker"}],"potions_floor_spawned":[12,16,24,25,29,33],"seed_played":"2314863120888504409","ascension_level":2,"is_trial":false}