{"path_per_floor":["M","?","?","?","?","E","R","?","T","E","M","R","M","$","R","B",null,"M","?","?","?","M","R","M","M","T","M","R","M","T","$","R"],"character_chosen":"IRONCLAD","items_purchased":["Metallicize","Whetstone","Battle Trance"],"gold_per_floor":[110,110,110,110,110,141,141,141,141,175,194,194,205,87,87,189,189,203,203,203,128,148,148,165,179,205,217,217,231,258,2,2,2],"floor_reached":33,"campfire_rested":2,"playtime":1371,"current_hp_per_floor":[80,80,80,73,55,45,69,80,80,51,57,57,63,63,63,44,77,77,77,77,77,71,71,49,27,27,15,53,61,61,61,61,0],"items_purged":["Parasite","Strike_R"],"gold":2,"score":278,"play_id":"ea2fcc4a-8631-49c9-8677-b78c4cf5f63b","local_time":"20180402170421","is_prod":false,"is_daily":false,"is_ascension_mode":false,"campfire_upgraded":4,"timestamp":1522681461,"path_taken":["M","?","?","?","?","E","R","?","T","E","M","R","M","$","R","BOSS","M","?","?","?","M","R","M","M","T","M","R","M","?","?","R","BOSS"],"build_version":"2018-03-29v2","purchased_purges":2,"victory":false,"master_deck":["Strike_R+1","Defend_R+1","Defend_R+1","Defend_R+1","Defend_R+1","Bash+1","Pummel+1","Spot Weakness+1","Power Through","Carnage","Shrug It Off","Metallicize+1","Double Tap","Shrug It Off+1","Heavy Blade+1","Spot Weakness+1","Flex+1","True Grit+1","Battle Trance"],"max_hp_per_floor":[80,80,80,80,80,80,80,80,80,80,80,80,80,77,77,77,77,77,77,77,77,77,77,77,77,77,77,77,79,79,79,79,79],"relics":["Burning Blood","Juzu Bracelet","Ancient Tea Set","The Courier","Peace Pipe","Regal Pillow","Philosopher\u0027s Stone","Singing Bowl","Orichalcum","Whetstone"],"card_choices":[{"not_picked":["Whirlwind","Double Tap"],"picked":"Spot Weakness","floor":1},{"not_picked":["Thunderclap","Warcry"],"picked":"Power Through","floor":6},{"not_picked":["Power Through","True Grit"],"picked":"Carnage","floor":10},{"not_picked":["Blood for Blood","Headbutt"],"picked":"Shrug It Off","floor":11},{"not_picked":["Juggernaut","Brutality"],"picked":"Double Tap","floor":16},{"not_picked":["Body Slam","Clash"],"picked":"Shrug It Off","floor":18},{"not_picked":["Wild Strike","Uppercut"],"picked":"Spot Weakness","floor":22},{"not_picked":["Spot Weakness","Body Slam"],"picked":"Flex","floor":25},{"not_picked":["Cleave","Fire Breathing"],"picked":"True Grit","floor":27}],"player_experience":264002,"potions_floor_usage":[16,18,18],"damage_taken":[{"damage":0,"enemies":"2 Louse","floor":1,"turns":3},{"damage":16,"enemies":"3 Sentries","floor":6,"turns":9},{"damage":35,"enemies":"Lagavulin","floor":10,"turns":8},{"damage":0,"enemies":"Cultist","floor":11,"turns":2},{"damage":0,"enemies":"Small Slimes","floor":13,"turns":3},{"damage":25,"enemies":"The Guardian","floor":16,"turns":11},{"damage":3,"enemies":"2 Thieves","floor":18,"turns":3},{"damage":12,"enemies":"Shell Parasite","floor":22,"turns":4},{"damage":28,"enemies":"Chosen and Byrds","floor":24,"turns":11},{"damage":28,"enemies":"Centurion and Healer","floor":25,"turns":5},{"damage":18,"enemies":"Snake Plant","floor":27,"turns":4},{"damage":0,"enemies":"Snecko","floor":29,"turns":3},{"damage":61,"enemies":"Champ","floor":33,"turns":9}],"event_choices":[{"event_name":"Accursed Blacksmith","player_choice":"Rummage","floor":2,"damage_taken":0},{"event_name":"Living Wall","player_choice":"Grow","floor":3,"damage_taken":0},{"event_name":"Golden Wing","player_choice":"Card Removal","floor":4,"damage_taken":0},{"event_name":"Scrap Ooze","player_choice":"success","floor":5,"damage_taken":18},{"event_name":"Mushrooms","player_choice":"Healed and dodged fight","floor":8,"damage_taken":0},{"event_name":"Back to Basics","player_choice":"Simplicity","floor":19,"damage_taken":0},{"event_name":"The Library","player_choice":"Read","floor":20,"damage_taken":0},{"event_name":"Beggar","player_choice":"Gave Gold","floor":21,"damage_taken":0}],"boss_relics":[{"not_picked":["Black Star","Snecko Eye"],"picked":"Philosopher\u0027s Stone"}],"potions_floor_spawned":[1,10,11,16,24,25,27],"seed_played":"-6645633304959412155","killed_by":"Champ","ascension_level":0,"is_trial":false}