{"gold_per_floor":[113,130,16,16,16,16,27,46,46,60,60,60,135,160,160,286,286,307,307,230,248,273,273,273,273,324,340,355,355,378,402,402,402],"floor_reached":33,"playtime":390,"items_purged":["Defend_R"],"score":241,"play_id":"0770ce6a-cd8e-42cc-bf01-6e6074b91b6b","local_time":"20180703235357","is_ascension_mode":false,"campfire_choices":[{"data":"Whirlwind","floor":6,"key":"SMITH"},{"data":"Bash","floor":15,"key":"SMITH"},{"floor":23,"key":"REST"},{"floor":25,"key":"REST"},{"floor":29,"key":"REST"},{"floor":32,"key":"REST"}],"neow_cost":"NONE","seed_source_timestamp":82008980879165,"circlet_count":0,"master_deck":["Strike_R","Strike_R","Strike_R","Strike_R","Strike_R","Bash+1","Whirlwind+1","Double Tap+1","Exhume+1","Fire Breathing+1","Pommel Strike+1","J.A.X."],"relics":["Busted Crown","Darkstone Periapt","Golden Idol","Astrolabe","Bag of Marbles"],"potions_floor_usage":[16,16,22,31,33],"damage_taken":[{"damage":0,"enemies":"2 Louse","floor":1,"turns":2},{"damage":8,"enemies":"Small Slimes","floor":2,"turns":3},{"damage":0,"enemies":"Cultist","floor":7,"turns":2},{"damage":13,"enemies":"Red Slaver","floor":8,"turns":2},{"damage":0,"enemies":"3 Louse","floor":10,"turns":1},{"damage":0,"enemies":"Gremlin Gang","floor":14,"turns":1},{"damage":45,"enemies":"Hexaghost","floor":16,"turns":8},{"damage":30,"enemies":"2 Thieves","floor":18,"turns":3},{"damage":33,"enemies":"Shell Parasite","floor":21,"turns":3},{"damage":3,"enemies":"3 Cultists","floor":22,"turns":2},{"damage":6,"enemies":"Centurion and Healer","floor":27,"turns":2},{"damage":16,"enemies":"Cultist and Chosen","floor":28,"turns":3},{"damage":27,"enemies":"Snake Plant","floor":30,"turns":2},{"damage":13,"enemies":"Chosen and Byrds","floor":31,"turns":4},{"damage":40,"enemies":"Automaton","floor":33,"turns":4}],"seed_played":"6406273425435417731","potions_obtained":[{"floor":2,"key":"Weak Potion"},{"floor":14,"key":"Fire Potion"},{"floor":18,"key":"Dexterity Potion"},{"floor":21,"key":"Explosive Potion"},{"floor":30,"key":"PowerPotion"}],"is_trial":false,"path_per_floor":["M","M","$","?","$","R","M","M","T","M","$","?","?","M","R","B",null,"M","?","?","M","M","R","?","R","T","M","M","R","M","M","R"],"character_chosen":"IRONCLAD","items_purchased":["Whirlwind"],"campfire_rested":4,"item_purchase_floors":[3],"current_hp_per_floor":[80,72,72,72,72,72,72,59,59,59,59,59,48,48,48,3,74,44,44,44,11,8,30,30,52,52,46,30,52,25,12,34,0],"gold":402,"neow_bonus":"BOSS_RELIC","is_prod":false,"is_daily":false,"chose_seed":false,"campfire_upgraded":2,"win_rate":0,"timestamp":1530687237,"path_taken":["M","M","$","?","$","R","M","M","T","?","$","?","?","M","R","BOSS","M","?","?","M","?","R","?","R","T","M","M","R","M","M","R","BOSS"],"build_version":"2018-07-02","purchased_purges":1,"victory":false,"max_hp_per_floor":[80,80,80,80,80,80,80,80,80,80,80,74,74,74,74,74,74,74,74,74,74,74,74,74,74,74,74,74,74,74,74,74,74],"card_choices":[{"not_picked":[],"picked":"Double Tap","floor":16}],"player_experience":484719,"relics_obtained":[{"floor":9,"key":"Darkstone Periapt"},{"floor":26,"key":"Bag of Marbles"}],"event_choices":[{"event_name":"The Cleric","player_choice":"Leave","floor":4,"damage_taken":0},{"event_name":"Golden Idol","player_choice":"Lose Max HP","floor":12,"damage_taken":0},{"event_name":"World of Goop","player_choice":"Gather Gold","floor":13,"damage_taken":0},{"event_name":"Upgrade Shrine","player_choice":"Upgraded","floor":19,"damage_taken":0},{"event_name":"Drug Dealer","player_choice":"Got JAXXED","floor":20,"damage_taken":0},{"event_name":"The Mausoleum","player_choice":"No","floor":24,"damage_taken":0}],"boss_relics":[{"not_picked":["Eternal Feather","Snecko Eye"],"picked":"Astrolabe"}],"items_purged_floors":[3],"is_endless":false,"potions_floor_spawned":[2,14,18,21,30],"killed_by":"Automaton","ascension_level":0}