{"gold_per_floor":[114,131,0,0,0,0,35,49,99,99,124,22,33,48,48,48],"floor_reached":16,"playtime":491,"items_purged":[],"score":187,"play_id":"b1ee550a-f949-46cd-98f1-5c5cb85fcc06","local_time":"20180704220957","is_ascension_mode":true,"campfire_choices":[{"floor":6,"key":"DIG"},{"floor":10,"key":"DIG"},{"floor":15,"key":"DIG"}],"neow_cost":"NONE","seed_source_timestamp":10736332615724,"circlet_count":0,"master_deck":["Strike_B","Strike_B","Strike_B","Strike_B","Defend_B","Defend_B","Defend_B","Defend_B","Zap","Dualcast","AscendersBane","Sweeping Beam","Glacier","Cold Snap","Rip and Tear","Gash","Loop","Stack"],"relics":["Busted Crown","FaceOfCleric","Shovel","Torii","Blue Candle","Lantern","Regal Pillow","Happy Flower","Calipers"],"potions_floor_usage":[16,16],"damage_taken":[{"damage":12,"enemies":"Small Slimes","floor":1,"turns":3},{"damage":0,"enemies":"Cultist","floor":2,"turns":3},{"damage":8,"enemies":"Lagavulin","floor":7,"turns":10},{"damage":0,"enemies":"2 Louse","floor":8,"turns":3},{"damage":21,"enemies":"Gremlin Nob","floor":11,"turns":5},{"damage":0,"enemies":"Exordium Wildlife","floor":13,"turns":2},{"damage":0,"enemies":"Lots of Slimes","floor":14,"turns":5},{"damage":30,"enemies":"Hexaghost","floor":16,"turns":11}],"seed_played":"7928093207937585596","potions_obtained":[{"floor":1,"key":"GamblersBrew"},{"floor":2,"key":"LiquidBronze"},{"floor":11,"key":"Poison Potion"}],"is_trial":false,"path_per_floor":["M","M","$","?","T","R","E","M","T","R","E","$","M","M","R"],"character_chosen":"DEFECT","items_purchased":["Glacier","Cold Snap","Loop","Stack"],"campfire_rested":0,"item_purchase_floors":[3,3,12,12],"current_hp_per_floor":[52,52,52,52,52,52,45,46,46,46,26,26,27,28,28,0],"gold":48,"neow_bonus":"BOSS_RELIC","is_prod":false,"is_daily":false,"chose_seed":false,"campfire_upgraded":0,"win_rate":0,"timestamp":1530767397,"path_taken":["M","M","$","?","?","R","E","?","T","R","E","$","M","M","R","BOSS"],"build_version":"2018-07-03","purchased_purges":0,"victory":false,"max_hp_per_floor":[71,71,71,71,71,71,72,73,73,73,74,74,75,76,76,76],"card_choices":[{"not_picked":[],"picked":"Sweeping Beam","floor":2},{"not_picked":[],"picked":"Rip and Tear","floor":8},{"not_picked":[],"picked":"Gash","floor":11}],"player_experience":505131,"relics_obtained":[{"floor":5,"key":"Shovel"},{"floor":6,"key":"Torii"},{"floor":7,"key":"Blue Candle"},{"floor":9,"key":"Lantern"},{"floor":10,"key":"Regal Pillow"},{"floor":11,"key":"Happy Flower"},{"floor":15,"key":"Calipers"}],"event_choices":[{"event_name":"FaceTrader","player_choice":"Trade","floor":4,"damage_taken":0}],"boss_relics":[],"items_purged_floors":[],"is_endless":false,"potions_floor_spawned":[1,2,11,14],"killed_by":"Hexaghost","ascension_level":14}