{"gold_per_floor":[117,135,135,152,227,227,261,261,286,286,301,333,333,350,350,424,424,434,444,454,9,9,9,9,9,9,9,41,51,62,78,78,78],"floor_reached":33,"playtime":1185,"items_purged":["Strike_B"],"score":554,"play_id":"f4e1cf86-1434-4b32-af3b-f236dd563099","local_time":"20181210215030","is_ascension_mode":true,"campfire_choices":[{"data":"Go for the Eyes","floor":6,"key":"SMITH"},{"floor":8,"key":"REST"},{"data":"Chaos","floor":13,"key":"SMITH"},{"data":"Coolheaded","floor":15,"key":"SMITH"},{"data":"Fission","floor":25,"key":"SMITH"},{"floor":27,"key":"REST"},{"data":"Defragment","floor":32,"key":"SMITH"}],"neow_cost":"NONE","seed_source_timestamp":20495596035837,"circlet_count":0,"master_deck":["AscendersBane","Strike_B","Strike_B","Strike_B","Defend_B","Defend_B","Defend_B","Defend_B","Zap","Dualcast","Biased Cognition+1","Darkness","Go for the Eyes+1","Coolheaded+1","Chaos+1","Compile Driver","Fission+1","Loop","Self Repair+1","Defragment+1","Cold Snap+1","Rainbow"],"relics":["Cracked Core","Regal Pillow","Blood Vial","Oddly Smooth Stone","Eternal Feather","Meat on the Bone","Cables","Potion Belt"],"potions_floor_usage":[12,19,31],"damage_taken":[{"damage":0,"enemies":"Cultist","floor":1,"turns":2},{"damage":12,"enemies":"Small Slimes","floor":2,"turns":4},{"damage":8,"enemies":"2 Louse","floor":4,"turns":3},{"damage":20,"enemies":"Lagavulin","floor":7,"turns":6},{"damage":13,"enemies":"Blue Slaver","floor":11,"turns":3},{"damage":20,"enemies":"3 Sentries","floor":12,"turns":7},{"damage":5,"enemies":"2 Fungi Beasts","floor":14,"turns":4},{"damage":18,"enemies":"Hexaghost","floor":16,"turns":8},{"damage":15,"enemies":"Shell Parasite","floor":18,"turns":5},{"damage":8,"enemies":"3 Byrds","floor":19,"turns":6},{"damage":16,"enemies":"Snake Plant","floor":20,"turns":4},{"damage":60,"enemies":"Gremlin Leader","floor":28,"turns":8},{"damage":8,"enemies":"Chosen and Byrds","floor":29,"turns":4},{"damage":10,"enemies":"Sentry and Sphere","floor":30,"turns":4},{"damage":3,"enemies":"Shelled Parasite and Fungi","floor":31,"turns":5},{"damage":96,"enemies":"Collector","floor":33,"turns":9}],"seed_played":"3474256411926292015","potions_obtained":[{"floor":2,"key":"Energy Potion"},{"floor":4,"key":"Explosive Potion"},{"floor":18,"key":"AttackPotion"},{"floor":20,"key":"Strength Potion"},{"floor":29,"key":"SkillPotion"},{"floor":31,"key":"SkillPotion"}],"is_trial":false,"path_per_floor":["M","M","?","M","?","R","E","R","T","?","M","E","R","M","R","B",null,"M","M","M","$","?","?","?","R","T","R","E","M","M","M","R","B"],"character_chosen":"DEFECT","items_purchased":["Defragment","Meat on the Bone"],"campfire_rested":2,"item_purchase_floors":[21,21],"current_hp_per_floor":[64,52,57,49,38,38,18,55,55,55,44,26,26,23,23,7,59,46,40,26,26,26,26,4,16,16,67,31,47,61,70,81,0],"gold":78,"neow_bonus":"ONE_RANDOM_RARE_CARD","is_prod":false,"is_daily":false,"chose_seed":false,"campfire_upgraded":5,"win_rate":0,"timestamp":1544446230,"path_taken":["M","M","?","M","?","R","E","R","T","?","M","E","R","M","R","BOSS","M","M","M","$","?","?","?","R","T","R","E","M","M","M","R","BOSS"],"build_version":"2018-12-06","purchased_purges":1,"victory":false,"max_hp_per_floor":[71,71,76,76,76,76,76,76,76,76,76,76,76,76,76,76,76,76,76,76,76,76,76,81,81,81,81,81,81,81,81,81,81],"card_choices":[{"not_picked":["Beam Cell","Scrape"],"picked":"Darkness","floor":1},{"not_picked":["Rebound","Sweeping Beam"],"picked":"Go for the Eyes","floor":2},{"not_picked":["Beam Cell","Sweeping Beam","Tempest"],"picked":"SKIP","floor":4},{"not_picked":["Aggregate","Stack"],"picked":"Coolheaded","floor":7},{"not_picked":["Barrage","Reprogram","Chaos"],"picked":"SKIP","floor":11},{"not_picked":["Skim","Meteor Strike"],"picked":"Chaos","floor":12},{"not_picked":["Stack","Turbo"],"picked":"Compile Driver","floor":14},{"not_picked":["Hyperbeam","Amplify"],"picked":"Fission","floor":16},{"not_picked":["Sweeping Beam","Beam Cell","Gash"],"picked":"SKIP","floor":18},{"not_picked":["Turbo","Darkness"],"picked":"Loop","floor":19},{"not_picked":["Turbo","Gash"],"picked":"Self Repair+1","floor":20},{"not_picked":["Cold Snap+1","Go for the Eyes","Doom and Gloom"],"picked":"SKIP","floor":28},{"not_picked":["Cold Snap+1","Go for the Eyes","Doom and Gloom"],"picked":"SKIP","floor":28},{"not_picked":["Go for the Eyes","Doom and Gloom"],"picked":"Cold Snap+1","floor":28},{"not_picked":["Leap+1","Aggregate","Go for the Eyes"],"picked":"SKIP","floor":29},{"not_picked":["Sunder","Ball Lightning+1"],"picked":"Rainbow","floor":30},{"not_picked":["Conserve Battery","Leap","Gash"],"picked":"SKIP","floor":31}],"player_experience":801277,"relics_obtained":[{"floor":7,"key":"Regal Pillow"},{"floor":9,"key":"Blood Vial"},{"floor":12,"key":"Oddly Smooth Stone"},{"floor":26,"key":"Cables"},{"floor":28,"key":"Potion Belt"}],"event_choices":[{"damage_healed":0,"gold_gain":0,"player_choice":"Donut","damage_taken":0,"max_hp_gain":5,"max_hp_loss":0,"event_name":"Big Fish","floor":3,"gold_loss":0},{"damage_healed":0,"gold_gain":75,"player_choice":"Gather Gold","damage_taken":11,"max_hp_gain":0,"max_hp_loss":0,"event_name":"World of Goop","floor":5,"gold_loss":0},{"damage_healed":0,"gold_gain":0,"player_choice":"Grow","damage_taken":0,"max_hp_gain":0,"max_hp_loss":0,"event_name":"Living Wall","floor":10,"gold_loss":0,"cards_upgraded":["Biased Cognition"]},{"damage_healed":0,"gold_gain":0,"player_choice":"Ignored","damage_taken":0,"max_hp_gain":0,"max_hp_loss":0,"event_name":"Vampires","floor":22,"gold_loss":0},{"damage_healed":0,"gold_gain":0,"player_choice":"Ignored","damage_taken":0,"max_hp_gain":0,"max_hp_loss":0,"event_name":"Cursed Tome","floor":23,"gold_loss":0},{"damage_healed":0,"gold_gain":0,"player_choice":"Shed Blood","damage_taken":27,"max_hp_gain":5,"max_hp_loss":0,"event_name":"Forgotten Altar","floor":24,"gold_loss":0}],"is_beta":false,"boss_relics":[{"not_picked":["Velvet Choker","Calling Bell"],"picked":"Eternal Feather"}],"items_purged_floors":[21],"is_endless":false,"potions_floor_spawned":[2,4,7,18,20,29,31],"killed_by":"Collector","ascension_level":20}