{"gold_per_floor":[10,10,28,28,43,54,54,80,127,24,24,35,185,55,55,55],"floor_reached":16,"playtime":373,"items_purged":["Strike_B","Doubt"],"score":200,"play_id":"d168da01-55c3-4ec1-8a8c-7c5989f0f283","local_time":"20181228195006","is_ascension_mode":true,"campfire_choices":[{"data":"Static Discharge","floor":7,"key":"SMITH"},{"data":"Fission","floor":11,"key":"SMITH"},{"data":"Streamline","floor":15,"key":"SMITH"}],"neow_cost":"NO_GOLD","seed_source_timestamp":34861281270046,"circlet_count":0,"master_deck":["AscendersBane","Strike_B","Strike_B","Defend_B","Defend_B","Defend_B","Defend_B","Zap","Dualcast","Fission+1","Compile Driver","Gash","Melter","Static Discharge+1","Go for the Eyes","Cold Snap","Streamline+1"],"relics":["Cracked Core","Singing Bowl","Potion Belt"],"potions_floor_usage":[8,16],"damage_taken":[{"damage":4,"enemies":"Small Slimes","floor":1,"turns":3},{"damage":1,"enemies":"2 Louse","floor":3,"turns":3},{"damage":7,"enemies":"Jaw Worm","floor":5,"turns":3},{"damage":10,"enemies":"3 Louse","floor":6,"turns":3},{"damage":25,"enemies":"3 Sentries","floor":8,"turns":6},{"damage":4,"enemies":"Looter","floor":12,"turns":3},{"damage":13,"enemies":"Slime Boss","floor":16,"turns":5}],"seed_played":"8712474718637926780","potions_obtained":[{"floor":6,"key":"AttackPotion"},{"floor":8,"key":"Poison Potion"}],"is_trial":false,"path_per_floor":["M","?","M","?","M","M","R","E","T","$","R","M","?","$","R","B"],"character_chosen":"DEFECT","items_purchased":["Go for the Eyes","Streamline"],"campfire_rested":0,"item_purchase_floors":[10,14],"current_hp_per_floor":[60,60,59,52,45,35,35,12,12,12,12,8,8,8,8,0],"gold":55,"neow_bonus":"THREE_RARE_CARDS","is_prod":false,"is_daily":false,"chose_seed":false,"campfire_upgraded":3,"win_rate":0,"timestamp":1545994206,"path_taken":["M","?","M","?","M","M","R","E","T","$","R","?","?","$","R","BOSS"],"build_version":"2018-12-20","purchased_purges":2,"victory":false,"max_hp_per_floor":[71,71,71,71,71,71,71,73,73,73,73,73,73,73,73,73],"card_choices":[{"not_picked":["Rainbow","Echo Form"],"picked":"Fission","floor":0},{"not_picked":["Barrage","Gash"],"picked":"Compile Driver","floor":1},{"not_picked":["Consume","Rebound"],"picked":"Gash","floor":3},{"not_picked":["Blizzard","Scrape"],"picked":"Melter","floor":5},{"not_picked":["Turbo","Chaos"],"picked":"Static Discharge","floor":6},{"not_picked":["Fusion","Storm","Aggregate"],"picked":"Singing Bowl","floor":8},{"not_picked":["Streamline","Beam Cell"],"picked":"Cold Snap","floor":12}],"player_experience":877005,"relics_obtained":[{"floor":8,"key":"Singing Bowl"},{"floor":9,"key":"Potion Belt"}],"event_choices":[{"damage_healed":0,"gold_gain":0,"player_choice":"Leave","damage_taken":0,"max_hp_gain":0,"max_hp_loss":0,"event_name":"The Cleric","floor":2,"gold_loss":0},{"cards_removed":["Strike_B"],"damage_healed":0,"gold_gain":0,"player_choice":"Card Removal","damage_taken":7,"max_hp_gain":0,"max_hp_loss":0,"event_name":"Golden Wing","floor":4,"gold_loss":0},{"damage_healed":0,"gold_gain":150,"player_choice":"AGREE","damage_taken":0,"max_hp_gain":0,"max_hp_loss":0,"event_name":"Liars Game","floor":13,"gold_loss":0,"cards_obtained":["Doubt"]}],"is_beta":false,"boss_relics":[],"items_purged_floors":[10,14],"is_endless":false,"potions_floor_spawned":[6,8],"killed_by":"Slime Boss","ascension_level":20}