{"path_per_floor":["M","?","$","M","M","R","M","R","T","M","M","E","M","?","R","B",null,"M","M","M","?","$","R","E","M","T","M","M","R","M","$","R","B",null,"M","M","?","M","$","R","T","M","T","E","?","R","M","M","R","B"],"character_chosen":"IRONCLAD","items_purchased":["Anchor","Energy Potion","Offering"],"gold_per_floor":[114,64,64,79,94,94,109,109,134,149,164,194,209,209,209,309,309,324,339,354,354,279,279,309,324,399,414,429,429,444,144,144,244,244,259,274,274,289,26,26,101,116,166,196,196,196,211,226,226,226],"floor_reached":51,"campfire_rested":0,"playtime":1093,"current_hp_per_floor":[76,76,76,80,80,80,80,80,80,80,80,80,80,90,90,77,90,90,90,68,68,68,68,70,72,72,76,61,61,67,67,67,73,90,90,88,88,90,90,90,90,90,90,84,73,79,81,83,89,83],"items_purged":["Cleave","Spot Weakness","Searing Blow"],"gold":226,"score":931,"play_id":"5e1849a7-3a78-481c-b0c5-e740fd9a14b2","local_time":"20180411143051","daily_mods":["Draft","Time Dilation","Uncertain Future"],"is_prod":false,"is_daily":true,"is_ascension_mode":false,"campfire_upgraded":9,"timestamp":1523449851,"path_taken":["M","?","$","M","M","R","?","R","T","M","M","E","M","?","R","BOSS","M","M","M","?","$","R","E","M","T","?","M","R","M","?","R","BOSS","M","M","?","M","$","R","?","M","T","E","?","R","M","M","R","BOSS"],"build_version":"2018-04-05v2","purchased_purges":3,"victory":true,"master_deck":["Hemokinesis+1","Heavy Blade+1","Battle Trance","Whirlwind+1","Flex+1","Heavy Blade+1","Sword Boomerang","Anger+1","Uppercut+1","Clash","Flex+1","Flex+1","Offering","Offering","Master of Strategy","Offering","Flex+1","Madness+1","Madness+1"],"max_hp_per_floor":[80,80,80,80,80,80,80,80,80,80,80,80,80,90,90,90,90,90,90,90,90,90,90,90,90,90,90,90,90,90,90,90,90,90,90,90,90,90,90,90,90,90,90,90,90,90,90,90,90,90],"relics":["Burning Blood","Bag of Preparation","Omamori","Pear","Black Star","Bag of Marbles","Whetstone","Question Card","Anchor","Eternal Feather","The Courier","Art of War","Ancient Tea Set","Juzu Bracelet"],"card_choices":[{"not_picked":["True Grit","Burning Pact"],"picked":"Hemokinesis","floor":0},{"not_picked":["Iron Wave","Perfected Strike"],"picked":"Heavy Blade","floor":0},{"not_picked":["Ghostly Armor","Blood for Blood"],"picked":"Battle Trance","floor":0},{"not_picked":["Spot Weakness","Body Slam"],"picked":"Cleave","floor":0},{"not_picked":["Fire Breathing","Perfected Strike"],"picked":"Searing Blow","floor":0},{"not_picked":["Reckless Charge","Burning Pact"],"picked":"Whirlwind","floor":0},{"not_picked":["Sentinel","Warcry"],"picked":"Flex","floor":0},{"not_picked":["Disarm","Perfected Strike"],"picked":"Heavy Blade","floor":0},{"not_picked":["Clothesline","Searing Blow"],"picked":"Sword Boomerang","floor":0},{"not_picked":["Heavy Blade","Clothesline"],"picked":"Spot Weakness","floor":0},{"not_picked":["Wild Strike","Combust"],"picked":"Anger","floor":0},{"not_picked":["Shrug It Off","Rage"],"picked":"Uppercut","floor":0},{"not_picked":["Dual Wield","Shrug It Off"],"picked":"Heavy Blade","floor":0},{"not_picked":["Corruption","Second Wind"],"picked":"Clash","floor":0},{"not_picked":["Armaments","Headbutt"],"picked":"Flex","floor":0},{"not_picked":["Perfected Strike","Pommel Strike"],"picked":"Flex","floor":7},{"not_picked":["Corruption","Shrug It Off"],"picked":"Offering","floor":10},{"not_picked":["Reaper","Barricade","Fiend Fire"],"picked":"Offering","floor":33},{"not_picked":["Mind Blast","Purity","Jack Of All Trades"],"picked":"Master of Strategy","floor":37},{"not_picked":["Heavy Blade","Wild Strike","Infernal Blade"],"picked":"Flex","floor":44}],"player_experience":185973,"potions_floor_usage":[12,24,33],"damage_taken":[{"damage":10,"enemies":"Small Slimes","floor":1,"turns":2},{"damage":0,"enemies":"2 Louse","floor":4,"turns":1},{"damage":0,"enemies":"Cultist","floor":5,"turns":1},{"damage":0,"enemies":"2 Fungi Beasts","floor":7,"turns":1},{"damage":0,"enemies":"3 Louse","floor":10,"turns":1},{"damage":3,"enemies":"Looter","floor":11,"turns":1},{"damage":4,"enemies":"Lagavulin","floor":12,"turns":1},{"damage":0,"enemies":"Exordium Wildlife","floor":13,"turns":1},{"damage":19,"enemies":"The Guardian","floor":16,"turns":2},{"damage":4,"enemies":"2 Thieves","floor":18,"turns":1},{"damage":4,"enemies":"Spheric Guardian","floor":19,"turns":1},{"damage":28,"enemies":"Snake Plant","floor":20,"turns":2},{"damage":4,"enemies":"Book of Stabbing","floor":24,"turns":1},{"damage":4,"enemies":"Cultist and Chosen","floor":25,"turns":1},{"damage":2,"enemies":"Centurion and Healer","floor":27,"turns":1},{"damage":21,"enemies":"Snake Plant","floor":28,"turns":2},{"damage":0,"enemies":"3 Cultists","floor":30,"turns":1},{"damage":0,"enemies":"Collector","floor":33,"turns":1},{"damage":2,"enemies":"Orb Walker","floor":35,"turns":1},{"damage":8,"enemies":"3 Shapes","floor":36,"turns":1},{"damage":4,"enemies":"Maw","floor":38,"turns":1},{"damage":4,"enemies":"4 Shapes","floor":42,"turns":1},{"damage":12,"enemies":"Giant Head","floor":44,"turns":1},{"damage":4,"enemies":"3 Darklings","floor":47,"turns":1},{"damage":4,"enemies":"Maw","floor":48,"turns":1},{"damage":12,"enemies":"Donu and Deca","floor":50,"turns":1}],"event_choices":[{"event_name":"The Cleric","player_choice":"Card Removal","floor":2,"damage_taken":0},{"event_name":"Big Fish","player_choice":"Box","floor":14,"damage_taken":0},{"event_name":"Ghosts","player_choice":"Ignored","floor":21,"damage_taken":0},{"event_name":"SensoryStone","player_choice":"Memory 1","floor":37,"damage_taken":0},{"event_name":"Winding Halls","player_choice":"Embrace Madness","floor":45,"damage_taken":0}],"boss_relics":[{"not_picked":["Orrery","Black Blood"],"picked":"Black Star"},{"not_picked":["Runic Pyramid","Astrolabe"],"picked":"Eternal Feather"}],"potions_floor_spawned":[1,7,10,12,16,18,20,27,28,35,42,48],"seed_played":"-391097367170320496","ascension_level":0,"is_trial":false}