{"gold_per_floor":[114,39,54,54,69,69,84,84,109,124,160,160,175,205,205,305,305,305,305,305,305,305,305,220,220,220,220,220,220,13,13,13,13,13,13,13,13,13,13,13,13,13,13,13,13,13,13,13,13,13],"floor_reached":51,"playtime":1271,"items_purged":["Heavy Blade","Twin Strike"],"score":826,"play_id":"c6e2177b-bbc5-44a0-bead-3c2e8fbf1d9f","local_time":"20181230201605","daily_mods":["Draft","Uncertain Future","Lethality"],"is_ascension_mode":false,"campfire_choices":[{"data":"Heavy Blade","floor":6.0,"key":"SMITH"},{"data":"Rage","floor":8.0,"key":"SMITH"},{"data":"Armaments","floor":15.0,"key":"SMITH"},{"data":"Offering","floor":23.0,"key":"SMITH"},{"data":"Body Slam","floor":28.0,"key":"SMITH"},{"data":"Limit Break","floor":32.0,"key":"SMITH"},{"data":"Battle Trance","floor":40.0,"key":"SMITH"},{"data":"Inflame","floor":42,"key":"SMITH"},{"floor":49,"key":"REST"}],"neow_cost":"","seed_source_timestamp":0,"circlet_count":0,"master_deck":["Whirlwind","Shrug It Off","Shrug It Off","Iron Wave","Disarm","Sword Boomerang","Body Slam+1","Carnage","Battle Trance+1","Flame Barrier","Shockwave","Heavy Blade+1","Thunderclap","Pummel","Rage+1","Sword Boomerang","Armaments+1","Offering+1","Impervious","True Grit","Inflame+1","Shrug It Off","Burning Pact","Pommel Strike+1","Immolate","Limit Break+1","Impervious","Battle Trance+1","Reaper","Warcry+1","Seeing Red+1","Reaper+1"],"special_seed":17895,"relics":["Burning Blood","Sundial","Anchor","Pantograph","Bag of Marbles","Ectoplasm","Nloth\u0027s Gift","Smiling Mask","Mango","Black Star","Molten Egg 2","Art of War","Ancient Tea Set"],"potions_floor_usage":[50,50],"damage_taken":[{"damage":11.0,"enemies":"Small Slimes","floor":1.0,"turns":2.0},{"damage":0.0,"enemies":"2 Louse","floor":3.0,"turns":1.0},{"damage":0.0,"enemies":"Cultist","floor":5.0,"turns":2.0},{"damage":2.0,"enemies":"Exordium Thugs","floor":7.0,"turns":3.0},{"damage":0.0,"enemies":"Large Slime","floor":10.0,"turns":2.0},{"damage":5.0,"enemies":"Gremlin Nob","floor":11.0,"turns":3.0},{"damage":0.0,"enemies":"Red Slaver","floor":13.0,"turns":2.0},{"damage":0.0,"enemies":"3 Sentries","floor":14.0,"turns":3.0},{"damage":6.0,"enemies":"Hexaghost","floor":16.0,"turns":4.0},{"damage":0.0,"enemies":"Shell Parasite","floor":18.0,"turns":2.0},{"damage":0.0,"enemies":"Chosen","floor":19.0,"turns":2.0},{"damage":6.0,"enemies":"Snake Plant","floor":20.0,"turns":3.0},{"damage":6.0,"enemies":"Centurion and Healer","floor":22.0,"turns":2.0},{"damage":6.0,"enemies":"Gremlin Leader","floor":27.0,"turns":3.0},{"damage":6.0,"enemies":"Chosen and Byrds","floor":29.0,"turns":3.0},{"damage":0.0,"enemies":"Snecko","floor":31.0,"turns":3.0},{"damage":25.0,"enemies":"Automaton","floor":33.0,"turns":7.0},{"damage":6.0,"enemies":"Orb Walker","floor":35.0,"turns":1.0},{"damage":0.0,"enemies":"3 Shapes","floor":36.0,"turns":3.0},{"damage":59.0,"enemies":"Transient","floor":37.0,"turns":5.0},{"damage":1.0,"enemies":"Spire Growth","floor":38.0,"turns":3.0},{"damage":15.0,"enemies":"Jaw Worm Horde","floor":39.0,"turns":3.0},{"damage":36,"enemies":"Giant Head","floor":41,"turns":7},{"damage":0,"enemies":"Sphere and 2 Shapes","floor":44,"turns":2},{"damage":38,"enemies":"Donu and Deca","floor":50,"turns":4}],"seed_played":"4116191872151590988","potions_obtained":[{"floor":1.0,"key":"Weak Potion"},{"floor":3.0,"key":"Energy Potion"},{"floor":11.0,"key":"GamblersBrew"},{"floor":16.0,"key":"SneckoOil"},{"floor":18.0,"key":"Dexterity Potion"},{"floor":33.0,"key":"FearPotion"}],"is_trial":false,"path_per_floor":["M","$","M","?","M","R","M","R","T","M","?","?","M","E","R","B",null,"M","M","M","?","M","R","?","?","T","E","R","M","$","M","R","B",null,"M","M","M","M","M","R","E","R","T","M","?","$","?","$","R","B",null],"character_chosen":"IRONCLAD","items_purchased":["Limit Break"],"campfire_rested":1,"item_purchase_floors":[30],"current_hp_per_floor":[75,75,80,73,79,79,80,80,80,80,80,85,85,85,85,85,85,85,85,85,85,85,85,85,85,85,99,99,99,99,99,99,80,99,99,99,46,51,76,76,73,73,73,79,79,79,79,79,99,67],"gold":13,"neow_bonus":"","is_prod":false,"is_daily":true,"chose_seed":false,"campfire_upgraded":8,"win_rate":0,"timestamp":1546168565,"path_taken":["M","$","M","?","M","R","M","R","T","M","?","?","M","E","R","BOSS","M","M","M","?","M","R","?","?","T","E","R","M","$","M","R","BOSS","M","M","M","M","M","R","E","R","T","M","?","?","?","$","R","BOSS"],"build_version":"2018-12-20","purchased_purges":2,"victory":true,"max_hp_per_floor":[80,80,80,80,80,80,80,80,80,80,80,85,85,85,85,85,85,85,85,85,85,85,85,85,85,85,99,99,99,99,99,99,99,99,99,99,99,99,99,99,99,99,99,99,99,99,99,99,99,99],"card_choices":[{"not_picked":["Bloodletting","Pummel"],"picked":"Whirlwind","floor":0.0},{"not_picked":["Disarm","Searing Blow"],"picked":"Shrug It Off","floor":0.0},{"not_picked":["Power Through","Havoc"],"picked":"Shrug It Off","floor":0.0},{"not_picked":["Rupture","Body Slam"],"picked":"Iron Wave","floor":0.0},{"not_picked":["Pommel Strike","Fire Breathing"],"picked":"Disarm","floor":0.0},{"not_picked":["Perfected Strike","Heavy Blade"],"picked":"Iron Wave","floor":0.0},{"not_picked":["Cleave","Bloodletting"],"picked":"Sword Boomerang","floor":0.0},{"not_picked":["Rupture","Havoc"],"picked":"Body Slam","floor":0.0},{"not_picked":["Twin Strike","Clash"],"picked":"Carnage","floor":0.0},{"not_picked":["Corruption","Shrug It Off"],"picked":"Battle Trance","floor":0.0},{"not_picked":["Anger","Burning Pact"],"picked":"Twin Strike","floor":0.0},{"not_picked":["Flex","Cleave"],"picked":"Flame Barrier","floor":0.0},{"not_picked":["Feel No Pain","Body Slam"],"picked":"Shockwave","floor":0.0},{"not_picked":["Iron Wave","Clash"],"picked":"Heavy Blade","floor":0.0},{"not_picked":["Anger","Hemokinesis"],"picked":"Thunderclap","floor":0.0},{"not_picked":["Reckless Charge","Headbutt"],"picked":"Heavy Blade","floor":1.0},{"not_picked":["Headbutt","Cleave","Hemokinesis"],"picked":"SKIP","floor":3.0},{"not_picked":["Pommel Strike","Twin Strike"],"picked":"Pummel","floor":5.0},{"not_picked":["Sentinel","Clothesline"],"picked":"Rage","floor":7.0},{"not_picked":["Heavy Blade","Warcry","Flame Barrier"],"picked":"SKIP","floor":10.0},{"not_picked":["Flame Barrier","Twin Strike"],"picked":"Sword Boomerang","floor":11.0},{"not_picked":["Sever Soul","Cleave"],"picked":"Armaments","floor":13.0},{"not_picked":["Corruption","Clothesline"],"picked":"Offering","floor":14.0},{"not_picked":["Juggernaut","Bludgeon"],"picked":"Impervious","floor":16.0},{"not_picked":["Armaments+1","Headbutt"],"picked":"True Grit","floor":18.0},{"not_picked":["Iron Wave","Flex"],"picked":"Inflame","floor":19.0},{"not_picked":["True Grit","Pommel Strike+1"],"picked":"Shrug It Off","floor":20.0},{"not_picked":["Anger","Burning Pact"],"picked":"Pommel Strike+1","floor":22.0},{"not_picked":["Anger+1","Flex+1"],"picked":"Immolate","floor":27.0},{"not_picked":["Infernal Blade","Heavy Blade","Clash"],"picked":"SKIP","floor":29.0},{"not_picked":["Pommel Strike","True Grit","Sword Boomerang+1"],"picked":"SKIP","floor":31.0},{"not_picked":["Brutality","Juggernaut"],"picked":"Impervious","floor":33.0},{"not_picked":["Heavy Blade","Inflame+1"],"picked":"Battle Trance+1","floor":35.0},{"not_picked":["Burning Pact","Inflame","Clothesline+1"],"picked":"SKIP","floor":36.0},{"not_picked":["Spot Weakness+1","Iron Wave","Wild Strike"],"picked":"SKIP","floor":37.0},{"not_picked":["Iron Wave+1","Inflame+1"],"picked":"Reaper","floor":38.0},{"not_picked":["Havoc+1","Feel No Pain"],"picked":"Warcry+1","floor":39.0},{"not_picked":["Dropkick+1","True Grit","Warcry"],"picked":"SKIP","floor":41},{"not_picked":["Inflame+1","Pommel Strike+1"],"picked":"Seeing Red+1","floor":44}],"player_experience":888764,"relics_obtained":[{"floor":9.0,"key":"Anchor"},{"floor":11.0,"key":"Pantograph"},{"floor":14.0,"key":"Bag of Marbles"},{"floor":26.0,"key":"Smiling Mask"},{"floor":27.0,"key":"Mango"},{"floor":41,"key":"Molten Egg 2"},{"floor":41,"key":"Art of War"},{"floor":43,"key":"Ancient Tea Set"}],"event_choices":[{"damage_healed":0.0,"max_hp_gain":0.0,"max_hp_loss":0.0,"gold_gain":0.0,"event_name":"Scrap Ooze","player_choice":"Success","floor":4.0,"gold_loss":0.0,"damage_taken":7.0,"relics_obtained":["Sundial"]},{"damage_healed":0.0,"max_hp_gain":0.0,"max_hp_loss":0.0,"gold_gain":0.0,"event_name":"Dead Adventurer","player_choice":"Searched \u00271\u0027 times","floor":11.0,"gold_loss":0.0,"damage_taken":0.0},{"damage_healed":0.0,"max_hp_gain":5.0,"max_hp_loss":0.0,"gold_gain":0.0,"event_name":"Big Fish","player_choice":"Donut","floor":12.0,"gold_loss":0.0,"damage_taken":0.0},{"damage_healed":0.0,"max_hp_gain":0.0,"max_hp_loss":0.0,"gold_gain":0.0,"event_name":"The Library","player_choice":"Read","floor":21.0,"gold_loss":0.0,"damage_taken":0.0,"cards_obtained":["Burning Pact"]},{"damage_healed":0.0,"max_hp_gain":0.0,"max_hp_loss":0.0,"gold_gain":0.0,"event_name":"Addict","player_choice":"Obtained Relic","floor":24.0,"gold_loss":85.0,"damage_taken":0.0,"relics_obtained":["Blue Candle"]},{"damage_healed":0.0,"max_hp_gain":0.0,"max_hp_loss":0.0,"gold_gain":0.0,"event_name":"N\u0027loth","player_choice":"Traded Relic","floor":25.0,"relics_lost":["Blue Candle"],"gold_loss":0.0,"damage_taken":0.0,"relics_obtained":["Nloth\u0027s Gift"]},{"cards_removed":["Iron Wave"],"damage_healed":0,"gold_gain":0,"player_choice":"Purged","damage_taken":0,"max_hp_gain":0,"max_hp_loss":0,"event_name":"Purifier","floor":45,"gold_loss":0},{"damage_healed":0,"gold_gain":0,"player_choice":"Copied","damage_taken":0,"max_hp_gain":0,"max_hp_loss":0,"event_name":"Duplicator","floor":47,"gold_loss":0,"cards_obtained":["Reaper"]}],"is_beta":false,"boss_relics":[{"not_picked":["Busted Crown","Orrery"],"picked":"Ectoplasm"},{"not_picked":["Runic Dome","Runic Cube"],"picked":"Black Star"}],"items_purged_floors":[2,30],"is_endless":false,"potions_floor_spawned":[1,3,11,13,16,18,27,31,33,35,39],"ascension_level":0}