{"gold_per_floor":[109,124,140,140,157,184,184,209,209,209,209,235,269,285,285,285],"floor_reached":16,"playtime":764,"items_purged":[],"score":232,"play_id":"50dec278-8e2a-47d9-9c84-caaae0e1ca3c","local_time":"20180708141718","is_ascension_mode":true,"campfire_choices":[{"floor":7,"key":"REST"},{"floor":11,"key":"REST"},{"data":"Zap","floor":15,"key":"SMITH"}],"neow_cost":"NONE","seed_source_timestamp":589154947181,"circlet_count":0,"master_deck":["Strike_B","Strike_B","Strike_B","Defend_B","Defend_B","Defend_B","Defend_B","Zap+1","Dualcast","AscendersBane","Fusion","Sweeping Beam","Beam Cell","Beam Cell","Compile Driver","Beam Cell","Chill","Injury","Ball Lightning","Conserve Battery"],"relics":["Cracked Core","Symbiotic Virus","Boot","Bottled Flame","Dodecahedron","Golden Idol","Potion Belt","Strawberry"],"potions_floor_usage":[],"damage_taken":[{"damage":0,"enemies":"2 Louse","floor":1,"turns":3},{"damage":7,"enemies":"Small Slimes","floor":2,"turns":2},{"damage":7,"enemies":"Jaw Worm","floor":3,"turns":2},{"damage":6,"enemies":"Blue Slaver","floor":5,"turns":3},{"damage":20,"enemies":"Lagavulin","floor":6,"turns":5},{"damage":16,"enemies":"Gremlin Nob","floor":8,"turns":3},{"damage":0,"enemies":"3 Sentries","floor":13,"turns":7},{"damage":5,"enemies":"Gremlin Gang","floor":14,"turns":3},{"damage":42,"enemies":"The Guardian","floor":16,"turns":8}],"seed_played":"-5565652540218561958","potions_obtained":[{"floor":2,"key":"Ancient Potion"},{"floor":5,"key":"FocusPotion"},{"floor":13,"key":"Ancient Potion"},{"floor":14,"key":"Explosive Potion"}],"is_trial":false,"path_per_floor":["M","M","M","?","M","E","R","E","T","?","R","T","E","M","R"],"character_chosen":"DEFECT","items_purchased":[],"campfire_rested":2,"item_purchase_floors":[],"current_hp_per_floor":[68,61,54,36,30,10,32,16,16,16,38,38,45,40,40,0],"gold":285,"neow_bonus":"TRANSFORM_CARD","is_prod":false,"is_daily":false,"chose_seed":false,"campfire_upgraded":1,"win_rate":0,"timestamp":1531052238,"path_taken":["M","M","M","?","M","E","R","E","T","?","R","?","E","M","R","BOSS"],"build_version":"2018-07-05","purchased_purges":0,"victory":false,"max_hp_per_floor":[75,75,75,75,75,75,75,75,75,75,75,75,82,82,82,82],"card_choices":[{"not_picked":["Stack","Redo"],"picked":"Sweeping Beam","floor":1},{"not_picked":["Gash","Stack"],"picked":"Beam Cell","floor":2},{"not_picked":["Fusion","Conserve Battery"],"picked":"Beam Cell","floor":3},{"not_picked":["Gash","Rebound"],"picked":"Compile Driver","floor":5},{"not_picked":["Thunder Strike","Redo"],"picked":"Beam Cell","floor":6},{"not_picked":["Multi-Cast","Hologram"],"picked":"Chill","floor":8},{"not_picked":["Beam Cell","Aggregate"],"picked":"Ball Lightning","floor":13},{"not_picked":["Recycle","Tempest"],"picked":"Conserve Battery","floor":14}],"player_experience":803549,"relics_obtained":[{"floor":6,"key":"Boot"},{"floor":8,"key":"Bottled Flame"},{"floor":9,"key":"Dodecahedron"},{"floor":12,"key":"Potion Belt"},{"floor":13,"key":"Strawberry"}],"event_choices":[{"event_name":"Scrap Ooze","player_choice":"success","floor":4,"damage_taken":18},{"event_name":"Golden Idol","player_choice":"Take Wound","floor":10,"damage_taken":0}],"boss_relics":[],"items_purged_floors":[],"is_endless":false,"potions_floor_spawned":[2,5,13,14],"killed_by":"The Guardian","ascension_level":12}