{"gold_per_floor":[112,129,129,28,28,28,55,71,71,71,84,84,4,62,62,137,137,150,50,61,40,40],"floor_reached":22,"playtime":721,"items_purged":["Strike_R","Pain","Strike_R"],"score":414,"play_id":"1e352a38-5366-41c5-835b-1a695b557c9a","local_time":"20190112110423","is_ascension_mode":true,"campfire_choices":[{"data":"Cleave","floor":6,"key":"SMITH"},{"data":"Rampage","floor":10,"key":"SMITH"},{"data":"Bash","floor":12,"key":"SMITH"},{"data":"Clothesline","floor":15,"key":"SMITH"}],"neow_cost":"NONE","seed_source_timestamp":74025820803503,"circlet_count":0,"master_deck":["AscendersBane","Defend_R","Defend_R","Defend_R","Defend_R","Bash+1","Pommel Strike","Flame Barrier","Cleave+1","Rampage+1","Clothesline+1","Fiend Fire","Seeing Red+1","Second Wind+1","Shrug It Off+1","True Grit","True Grit"],"relics":["Burning Blood","NeowsBlessing","WarpedTongs","Ornamental Fan","The Courier","Centennial Puzzle","Astrolabe"],"potions_floor_usage":[14,22],"damage_taken":[{"damage":0,"enemies":"Jaw Worm","floor":1,"turns":1},{"damage":0,"enemies":"Cultist","floor":2,"turns":1},{"damage":0,"enemies":"Lagavulin","floor":7,"turns":2},{"damage":7,"enemies":"2 Louse","floor":8,"turns":3},{"damage":8,"enemies":"Looter","floor":11,"turns":3},{"damage":41,"enemies":"Lagavulin Event","floor":14,"turns":6},{"damage":16,"enemies":"The Guardian","floor":16,"turns":10},{"damage":12,"enemies":"Shell Parasite","floor":18,"turns":9},{"damage":10,"enemies":"Chosen","floor":20,"turns":4},{"damage":25,"enemies":"Sentry and Sphere","floor":22,"turns":6}],"seed_played":"1530030984214504944","potions_obtained":[{"floor":11,"key":"EssenceOfSteel"},{"floor":16,"key":"SpeedPotion"}],"is_trial":false,"path_per_floor":["M","M","?","$","?","R","E","M","T","R","M","R","$","?","R","B",null,"M","$","M","$","M"],"character_chosen":"IRONCLAD","items_purchased":["Cleave","True Grit"],"campfire_rested":0,"item_purchase_floors":[4,21],"current_hp_per_floor":[74,75,75,75,75,75,75,74,74,74,72,72,72,37,37,27,63,57,57,53,53,28],"gold":40,"neow_bonus":"THREE_ENEMY_KILL","is_prod":false,"is_daily":false,"chose_seed":false,"campfire_upgraded":4,"win_rate":0,"timestamp":1547319863,"path_taken":["M","M","?","$","?","R","E","?","T","R","M","R","$","?","R","BOSS","M","$","M","$","M"],"build_version":"2019-01-10","purchased_purges":3,"victory":false,"max_hp_per_floor":[75,75,75,75,75,75,75,75,75,75,75,75,75,75,75,75,75,75,75,75,75,75],"card_choices":[{"not_picked":["Havoc","Twin Strike"],"picked":"Pommel Strike","floor":1},{"not_picked":["Body Slam","Flex"],"picked":"Flame Barrier","floor":2},{"not_picked":["Dropkick","Body Slam"],"picked":"Rampage","floor":7},{"not_picked":["Perfected Strike","Heavy Blade","Blood for Blood"],"picked":"SKIP","floor":11},{"not_picked":["Perfected Strike","Havoc"],"picked":"Clothesline","floor":14},{"not_picked":["Juggernaut","Brutality"],"picked":"Fiend Fire","floor":16},{"not_picked":["Flame Barrier+1","Flex"],"picked":"True Grit","floor":18}],"player_experience":1011569,"relics_obtained":[{"floor":7,"key":"Ornamental Fan"},{"floor":9,"key":"The Courier"},{"floor":14,"key":"Centennial Puzzle"}],"event_choices":[{"damage_healed":0,"gold_gain":0,"player_choice":"Leave","damage_taken":0,"max_hp_gain":0,"max_hp_loss":0,"event_name":"The Cleric","floor":3,"gold_loss":0},{"damage_healed":0,"gold_gain":0,"player_choice":"Rummage","damage_taken":0,"relics_obtained":["WarpedTongs"],"max_hp_gain":0,"max_hp_loss":0,"event_name":"Accursed Blacksmith","floor":5,"gold_loss":0,"cards_obtained":["Pain"]},{"damage_healed":0,"gold_gain":0,"player_choice":"Searched \u00272\u0027 times","damage_taken":0,"max_hp_gain":0,"max_hp_loss":0,"event_name":"Dead Adventurer","floor":14,"gold_loss":0}],"is_beta":true,"boss_relics":[{"not_picked":["Runic Dome","Calling Bell"],"picked":"Astrolabe"}],"items_purged_floors":[4,13,19],"is_endless":false,"potions_floor_spawned":[11,16],"killed_by":"Sentry and Sphere","ascension_level":20}