{"path_per_floor":["M","M","?","M","?","R","E","R","T","?","$","T","M","$","R","B",null,"M","?","?","M","?","R","M","R","T","M","M","$","E","?","R"],"character_chosen":"IRONCLAD","items_purchased":["Ghostly Armor","Spot Weakness"],"gold_per_floor":[117,128,203,213,213,213,244,244,244,244,95,95,106,28,28,124,124,143,143,143,157,57,57,67,67,67,81,101,1,26,26,26,26],"floor_reached":33,"campfire_rested":2,"playtime":1118,"current_hp_per_floor":[80,80,69,75,75,75,29,53,67,94,94,94,93,93,93,53,94,94,94,94,92,92,92,79,79,79,63,43,43,18,18,46,0],"items_purged":["Strike_R","Decay"],"gold":26,"score":263,"play_id":"14fd7063-7f8c-4390-8800-0656f87a192d","local_time":"20180325235759","is_prod":false,"is_daily":false,"is_ascension_mode":false,"campfire_upgraded":4,"timestamp":1522015079,"path_taken":["M","M","?","M","?","R","E","R","T","?","$","?","M","$","R","BOSS","M","?","?","M","?","R","M","R","T","M","M","$","E","?","R","BOSS"],"build_version":"2018-03-22v2","purchased_purges":2,"victory":false,"master_deck":["Strike_R","Strike_R","Strike_R","Strike_R","Defend_R","Defend_R","Defend_R","Defend_R","Bash","Cleave+1","Heavy Blade+1","True Grit+1","Twin Strike","Ghostly Armor+1","Spot Weakness+1","Impervious","Sword Boomerang"],"max_hp_per_floor":[80,80,80,80,80,80,80,80,94,94,94,94,94,94,94,94,94,94,94,94,94,94,94,94,94,94,94,94,94,94,94,94,94],"relics":["Burning Blood","NeowsBlessing","Paper Frog","Mango","Champion Belt","Velvet Choker","Dead Branch","Ancient Tea Set","Bag of Preparation"],"card_choices":[{"not_picked":["Second Wind","Havoc"],"picked":"Cleave","floor":1},{"not_picked":["True Grit","Wild Strike"],"picked":"Heavy Blade","floor":2},{"not_picked":["Pommel Strike","Clothesline"],"picked":"True Grit","floor":4},{"not_picked":["Hemokinesis","Dual Wield"],"picked":"Twin Strike","floor":7},{"not_picked":["Feed","Bludgeon"],"picked":"Impervious","floor":16},{"not_picked":["Armaments","Searing Blow"],"picked":"Sword Boomerang","floor":30}],"player_experience":150770,"potions_floor_usage":[16,24,28,28],"damage_taken":[{"damage":0,"enemies":"Small Slimes","floor":1,"turns":1},{"damage":0,"enemies":"Jaw Worm","floor":2,"turns":1},{"damage":0,"enemies":"2 Louse","floor":4,"turns":1},{"damage":52,"enemies":"Lagavulin","floor":7,"turns":10},{"damage":7,"enemies":"2 Fungi Beasts","floor":13,"turns":3},{"damage":46,"enemies":"Hexaghost","floor":16,"turns":9},{"damage":3,"enemies":"Chosen","floor":18,"turns":6},{"damage":8,"enemies":"3 Byrds","floor":21,"turns":5},{"damage":19,"enemies":"Snake Plant","floor":24,"turns":6},{"damage":22,"enemies":"Centurion and Healer","floor":27,"turns":10},{"damage":26,"enemies":"Cultist and Chosen","floor":28,"turns":5},{"damage":31,"enemies":"Book of Stabbing","floor":30,"turns":5},{"damage":64,"enemies":"Champ","floor":33,"turns":8}],"event_choices":[{"event_name":"World of Goop","player_choice":"Gather Gold","floor":3,"damage_taken":0},{"event_name":"Living Wall","player_choice":"Grow","floor":5,"damage_taken":0},{"event_name":"Big Fish","player_choice":"Banana","floor":10,"damage_taken":0},{"event_name":"Vampires","player_choice":"Ignored","floor":19,"damage_taken":0},{"event_name":"Forgotten Altar","player_choice":"Smashed Altar","floor":20,"damage_taken":0},{"event_name":"Drug Dealer","player_choice":"Got JAXXED","floor":22,"damage_taken":0},{"event_name":"Addict","player_choice":"Gave JAX","floor":31,"damage_taken":0}],"boss_relics":[{"not_picked":["Black Blood","Pandora\u0027s Box"],"picked":"Velvet Choker"}],"potions_floor_spawned":[1,13,24,27],"seed_played":"2956857377651810358","killed_by":"Champ","ascension_level":0,"is_trial":false}