{"path_per_floor":["M","M","$","M","?","R","E","M","T","E","$","R","M","E","R","B",null,"M","?","?","?","M","M","R","E","T","R","$","M","E","?","R"],"character_chosen":"THE_SILENT","items_purchased":["Slice","Dash","Noxious Fumes","Leg Sweep"],"gold_per_floor":[112,126,103,114,114,114,149,160,186,217,4,4,19,52,52,153,153,173,173,173,173,193,213,213,245,245,245,170,180,209,209,209,209],"floor_reached":33,"campfire_rested":4,"playtime":3678,"current_hp_per_floor":[63,61,61,61,58,58,42,39,39,5,5,26,21,17,42,7,65,43,71,71,64,63,35,60,53,53,53,53,31,17,17,42,0],"items_purged":["Normality"],"gold":209,"score":449,"play_id":"94304f99-c572-402d-a124-9a435669331e","local_time":"20180524232142","is_prod":false,"is_daily":false,"chose_seed":false,"is_ascension_mode":true,"campfire_upgraded":2,"timestamp":1527196902,"campfire_choices":[{"data":"Dagger Spray","floor":6.0,"key":"SMITH"},{"floor":12.0,"key":"REST"},{"floor":15.0,"key":"REST"},{"floor":24,"key":"REST"},{"data":"Noxious Fumes","floor":27,"key":"SMITH"},{"floor":32,"key":"REST"}],"path_taken":["M","M","?","M","?","R","E","M","T","E","$","R","M","E","R","BOSS","M","?","?","?","M","M","R","E","T","R","$","M","E","?","R","BOSS"],"build_version":"2018-05-17","seed_source_timestamp":0,"purchased_purges":1,"victory":false,"master_deck":["Defend_G","Defend_G","Defend_G","Defend_G","Defend_G","Strike_G","Strike_G","Strike_G","Strike_G","Strike_G","Survivor","Neutralize","Deflect","Acrobatics","Slice","Dagger Spray+1","Caltrops","Deflect","Venomology","Dash","Noxious Fumes+1","Leg Sweep","Flying Knee","A Thousand Cuts","A Thousand Cuts","Crippling Poison+1","Dagger Spray+1","Finisher+1","Distraction+1","Backflip+1","Caltrops","Poisoned Stab+1","Regret","Distraction+1","Deadly Poison+1"],"max_hp_per_floor":[70,70,70,70,70,70,70,70,70,70,70,70,70,84,84,84,84,84,84,84,84,84,84,84,84,84,84,84,84,84,84,84,84],"relics":["Ring of the Snake","Juzu Bracelet","Art of War","Potion Belt","Dream Catcher","Mango","Cursed Key","Prayer Wheel","Happy Flower","Question Card","Snake Skull"],"card_choices":[{"not_picked":["Masterful Stab","Dodge and Roll"],"picked":"Deflect","floor":1.0},{"not_picked":["Underhanded Strike","Bouncing Flask"],"picked":"Acrobatics","floor":2.0},{"not_picked":["Flying Knee","Sucker Punch"],"picked":"Dagger Spray","floor":4.0},{"not_picked":["PiercingWail","Bane"],"picked":"Caltrops","floor":7.0},{"not_picked":["Dagger Spray","Quick Slash"],"picked":"Deflect","floor":8.0},{"not_picked":["PiercingWail","Backflip"],"picked":"Venomology","floor":10.0},{"not_picked":["Bane","Underhanded Strike"],"picked":"Flying Knee","floor":13.0},{"not_picked":["Calculated Gamble","Catalyst","Riddle With Holes"],"picked":"SKIP","floor":14.0},{"not_picked":["Backstab","Escape Plan"],"picked":"A Thousand Cuts","floor":15.0},{"not_picked":["Storm of Steel","Tools of the Trade"],"picked":"A Thousand Cuts","floor":16.0},{"not_picked":["Choke","Deflect"],"picked":"Crippling Poison+1","floor":18},{"not_picked":["Dagger Throw","Deflect"],"picked":"Dagger Spray+1","floor":22},{"not_picked":["Reflex","Choke"],"picked":"Finisher+1","floor":22},{"not_picked":["Prepared+1","Backflip+1"],"picked":"Distraction+1","floor":23},{"not_picked":["Underhanded Strike","Expertise"],"picked":"Backflip+1","floor":23},{"not_picked":["Deflect","Corpse Explosion"],"picked":"Caltrops","floor":24},{"not_picked":["Leg Sweep","Concentrate"],"picked":"Poisoned Stab+1","floor":25},{"not_picked":["Dodge and Roll","Reflex","Sucker Punch","Quick Slash+1"],"picked":"SKIP","floor":29},{"not_picked":["Riddle With Holes","Slice","Blur","Poisoned Stab"],"picked":"SKIP","floor":29},{"not_picked":["Backflip","Slice","Predator"],"picked":"Distraction+1","floor":30},{"not_picked":["Underhanded Strike+1","Masterful Stab+1","Quick Slash"],"picked":"Deadly Poison+1","floor":32}],"player_experience":646104,"potions_floor_usage":[23,23,25,25,30,30,30,33],"damage_taken":[{"damage":0.0,"enemies":"Cultist","floor":1.0,"turns":3.0},{"damage":2.0,"enemies":"2 Louse","floor":2.0,"turns":3.0},{"damage":0.0,"enemies":"Small Slimes","floor":4.0,"turns":4.0},{"damage":16.0,"enemies":"3 Sentries","floor":7.0,"turns":10.0},{"damage":3.0,"enemies":"Looter","floor":8.0,"turns":4.0},{"damage":34.0,"enemies":"Lagavulin","floor":10.0,"turns":9.0},{"damage":5.0,"enemies":"2 Fungi Beasts","floor":13.0,"turns":5.0},{"damage":18.0,"enemies":"Gremlin Nob","floor":14.0,"turns":5.0},{"damage":35.0,"enemies":"The Guardian","floor":16.0,"turns":11.0},{"damage":22,"enemies":"2 Thieves","floor":18,"turns":5},{"damage":1,"enemies":"3 Byrds","floor":22,"turns":3},{"damage":37,"enemies":"Snecko","floor":23,"turns":6},{"damage":7,"enemies":"Gremlin Leader","floor":25,"turns":7},{"damage":22,"enemies":"Sentry and Sphere","floor":29,"turns":4},{"damage":14,"enemies":"Slavers","floor":30,"turns":5},{"damage":42,"enemies":"Automaton","floor":33,"turns":10}],"relics_obtained":[{"floor":7.0,"key":"Art of War"},{"floor":9.0,"key":"Potion Belt"},{"floor":10.0,"key":"Dream Catcher"},{"floor":14.0,"key":"Mango"},{"floor":25,"key":"Happy Flower"},{"floor":26,"key":"Question Card"},{"floor":30,"key":"Snake Skull"}],"event_choices":[{"event_name":"Scrap Ooze","player_choice":"success","floor":5.0,"damage_taken":3.0},{"event_name":"The Library","player_choice":"Heal","floor":19,"damage_taken":0},{"event_name":"Accursed Blacksmith","player_choice":"Rummage","floor":20,"damage_taken":0},{"event_name":"Knowing Skull","player_choice":"","floor":21,"damage_taken":0},{"event_name":"Ghosts","player_choice":"Ignored","floor":31,"damage_taken":0}],"boss_relics":[{"not_picked":["Astrolabe","White Beast Statue"],"picked":"Cursed Key"}],"potions_floor_spawned":[7,8,13,14,18,22,29],"seed_played":"8160851044187038364","killed_by":"Automaton","ascension_level":8,"potions_obtained":[{"floor":7.0,"key":"Block Potion"},{"floor":8.0,"key":"Swift Potion"},{"floor":13.0,"key":"GamblersBrew"},{"floor":14.0,"key":"Fire Potion"},{"floor":18,"key":"Energy Potion"},{"floor":22,"key":"GamblersBrew"},{"floor":29,"key":"Weak Potion"}],"is_trial":false}