{"gold_per_floor":[361,375,35,110,63,93,113,132,182,182,196,196,121,215,215,312,312,325,337,337,350,350,376,276,276,276,101,101,111,111,125,125,227,227,242,261,111,160,173,173,184,184,184,200,217,245,0,0,0,0,0,0,0,25,25],"floor_reached":56,"playtime":3785,"items_purged":["Strike_G","Strike_G","Strike_G","Defend_G"],"score":1347,"play_id":"0a1f12da-581e-4cda-b77f-d79ba73f9cc0","local_time":"20190124030607","is_ascension_mode":false,"campfire_choices":[{"data":"Acrobatics","floor":10.0,"key":"SMITH"},{"data":"Acrobatics","floor":12.0,"key":"SMITH"},{"data":"Underhanded Strike","floor":15.0,"key":"SMITH"},{"floor":25.0,"key":"REST"},{"data":"Underhanded Strike","floor":30.0,"key":"SMITH"},{"floor":32.0,"key":"REST"},{"floor":40,"key":"RECALL"},{"data":"Defend_G","floor":42,"key":"SMITH"},{"data":"Defend_G","floor":49,"key":"SMITH"},{"data":"Survivor","floor":52,"key":"SMITH"}],"neow_cost":"TEN_PERCENT_HP_LOSS","seed_source_timestamp":297945053120395,"circlet_count":0,"master_deck":["Defend_G+1","Defend_G+1","Survivor+1","Neutralize","Acrobatics+1","Acrobatics+1","Deep Breath+1","Underhanded Strike+1","Underhanded Strike+1","Tactician+1","Tactician+1","Acrobatics+1","Adrenaline+1","Acrobatics+1","Escape Plan+1","Writhe"],"special_seed":0,"relics":["Ring of the Snake","Toxic Egg 2","Matryoshka","Potion Belt","Strawberry","Tiny Chest","Cursed Key","Juzu Bracelet","Empty Cage","Tingsha","Smiling Mask","Vajra","Red Mask","Ice Cream","Pear"],"potions_floor_usage":[50,50,50,55],"damage_taken":[{"damage":0.0,"enemies":"2 Louse","floor":1.0,"turns":3.0},{"damage":0.0,"enemies":"Cultist","floor":2.0,"turns":4.0},{"damage":20.0,"enemies":"3 Sentries","floor":6.0,"turns":11.0},{"damage":0.0,"enemies":"Small Slimes","floor":7.0,"turns":2.0},{"damage":0.0,"enemies":"2 Fungi Beasts","floor":8.0,"turns":4.0},{"damage":0.0,"enemies":"Red Slaver","floor":11.0,"turns":2.0},{"damage":1.0,"enemies":"3 Sentries","floor":14.0,"turns":5.0},{"damage":14.0,"enemies":"The Guardian","floor":16.0,"turns":10.0},{"damage":0.0,"enemies":"3 Byrds","floor":18.0,"turns":4.0},{"damage":2.0,"enemies":"2 Thieves","floor":19.0,"turns":4.0},{"damage":19.0,"enemies":"Chosen and Byrds","floor":21.0,"turns":8.0},{"damage":23.0,"enemies":"Book of Stabbing","floor":23.0,"turns":8.0},{"damage":0.0,"enemies":"Cultist and Chosen","floor":29.0,"turns":1.0},{"damage":0.0,"enemies":"3 Cultists","floor":31.0,"turns":2.0},{"damage":0,"enemies":"Champ","floor":33,"turns":1},{"damage":0,"enemies":"3 Darklings","floor":35,"turns":2},{"damage":0,"enemies":"Orb Walker","floor":36,"turns":1},{"damage":0,"enemies":"2 Orb Walkers","floor":38,"turns":1},{"damage":0,"enemies":"Jaw Worm Horde","floor":39,"turns":1},{"damage":0,"enemies":"Maw","floor":41,"turns":1},{"damage":0,"enemies":"Sphere and 2 Shapes","floor":44,"turns":1},{"damage":0,"enemies":"4 Shapes","floor":45,"turns":1},{"damage":0,"enemies":"Reptomancer","floor":46,"turns":1},{"damage":0,"enemies":"Donu and Deca","floor":50,"turns":1},{"damage":0,"enemies":"Shield and Spear","floor":54,"turns":1},{"damage":50,"enemies":"The Heart","floor":55,"turns":4}],"seed_played":"3712424633416812744","potions_obtained":[{"floor":6.0,"key":"FearPotion"},{"floor":8.0,"key":"FearPotion"},{"floor":11.0,"key":"Energy Potion"},{"floor":14.0,"key":"SpeedPotion"},{"floor":21.0,"key":"EssenceOfSteel"},{"floor":29.0,"key":"PowerPotion"},{"floor":31.0,"key":"Dexterity Potion"},{"floor":36,"key":"Dexterity Potion"},{"floor":38,"key":"SkillPotion"},{"floor":45,"key":"Block Potion"},{"floor":54,"key":"Dexterity Potion"}],"is_trial":false,"path_per_floor":["M","M","$","?","$","E","M","M","T","R","M","R","$","?","R","B",null,"M","M","?","M","?","E","$","R","T","$","?","M","R","M","R","B",null,"M","M","$","?","M","R","M","R","T","M","M","E","?","?","R","B",null,"R","$","E","B",null],"character_chosen":"THE_SILENT","items_purchased":["Toxic Egg 2","Deep Breath+1","Underhanded Strike","Acrobatics+1"],"campfire_rested":2,"item_purchase_floors":[3,3,5,27],"current_hp_per_floor":[63,63,63,57,57,37,37,37,44,44,44,44,44,43,43,29,70,70,68,68,49,49,26,26,47,47,47,47,47,47,47,68,68,70,70,70,70,70,70,70,70,70,70,70,70,70,70,70,70,70,70,70,70,80,30],"gold":25,"neow_bonus":"TWO_FIFTY_GOLD","is_prod":false,"is_daily":false,"chose_seed":false,"campfire_upgraded":7,"win_rate":0,"timestamp":1548295567,"path_taken":["M","M","$","?","?","E","M","?","T","R","M","R","$","?","R","BOSS","M","M","?","?","?","E","$","R","T","$","?","M","R","M","R","BOSS","M","M","$","?","M","R","M","R","T","M","M","E","?","?","R","BOSS","R","$","E","BOSS"],"build_version":"2019-01-23","purchased_purges":4,"victory":true,"max_hp_per_floor":[63,63,63,63,63,63,63,63,70,70,70,70,70,70,70,70,70,70,70,70,70,70,70,70,70,70,70,70,70,70,70,70,70,70,70,70,70,70,70,70,70,70,70,70,70,70,70,70,70,70,70,70,70,80,80],"card_choices":[{"not_picked":["Dagger Throw","Escape Plan"],"picked":"Acrobatics","floor":1.0},{"not_picked":["Dodge and Roll","Dagger Spray"],"picked":"Acrobatics","floor":2.0},{"not_picked":["Flying Knee","Blade Dance+1"],"picked":"Underhanded Strike","floor":6.0},{"not_picked":["Dagger Spray","Quick Slash"],"picked":"Tactician+1","floor":7.0},{"not_picked":["Endless Agony","Catalyst+1","Finisher"],"picked":"SKIP","floor":8.0},{"not_picked":["Flying Knee","Dodge and Roll+1","Cloak And Dagger+1"],"picked":"SKIP","floor":11.0},{"not_picked":["Deadly Poison+1","Slice","Bane"],"picked":"SKIP","floor":18.0},{"not_picked":["Backstab+1","Outmaneuver+1","Poisoned Stab"],"picked":"SKIP","floor":19.0},{"not_picked":["Dagger Spray","Backstab","Poisoned Stab+1"],"picked":"SKIP","floor":21.0},{"not_picked":["Sucker Punch+1","Grand Finale","Storm of Steel+1"],"picked":"SKIP","floor":23.0},{"not_picked":["Slice+1","Footwork","Backflip+1"],"picked":"SKIP","floor":29.0},{"not_picked":["Flechettes+1","Poisoned Stab","Dodge and Roll+1"],"picked":"SKIP","floor":31.0},{"not_picked":["Envenom","Tools of the Trade"],"picked":"Adrenaline+1","floor":33},{"not_picked":["Quick Slash","Slice+1"],"picked":"Acrobatics+1","floor":35},{"not_picked":["Accuracy","Quick Slash+1","Venomology+1"],"picked":"SKIP","floor":36},{"not_picked":["Finisher","Deadly Poison+1","Quick Slash+1"],"picked":"SKIP","floor":39},{"not_picked":["Expertise+1","Dagger Throw"],"picked":"Escape Plan+1","floor":41},{"not_picked":["Deadly Poison+1","Cloak And Dagger+1","Expertise+1"],"picked":"SKIP","floor":44},{"not_picked":["Cloak And Dagger+1","Dagger Throw+1","Backflip+1"],"picked":"SKIP","floor":45},{"not_picked":["Dagger Spray+1","Setup+1","Flying Knee"],"picked":"SKIP","floor":46},{"not_picked":["Dagger Throw","Leg Sweep+1","Deflect+1"],"picked":"SKIP","floor":54}],"player_experience":291407,"relics_obtained":[{"floor":6.0,"key":"Matryoshka"},{"floor":9.0,"key":"Potion Belt"},{"floor":9.0,"key":"Strawberry"},{"floor":14.0,"key":"Tiny Chest"},{"floor":23.0,"key":"Juzu Bracelet"},{"floor":38,"key":"Tingsha"},{"floor":43,"key":"Smiling Mask"},{"floor":46,"key":"Vajra"},{"floor":54,"key":"Pear"}],"event_choices":[{"damage_healed":0.0,"max_hp_gain":0.0,"max_hp_loss":0.0,"gold_gain":75.0,"event_name":"FaceTrader","player_choice":"Touch","floor":4.0,"gold_loss":0.0,"damage_taken":6.0},{"damage_healed":0.0,"max_hp_gain":0.0,"max_hp_loss":0.0,"gold_gain":0.0,"event_name":"Dead Adventurer","player_choice":"Searched \u00272\u0027 times","floor":14.0,"gold_loss":0.0,"damage_taken":0.0},{"damage_healed":0.0,"max_hp_gain":0.0,"max_hp_loss":0.0,"gold_gain":0.0,"cards_transformed":["Strike_G"],"event_name":"Transmorgrifier","player_choice":"Transformed","floor":20.0,"gold_loss":0.0,"damage_taken":0.0,"cards_obtained":["Tactician"]},{"cards_removed":["Strike_G"],"damage_healed":0.0,"max_hp_gain":0.0,"max_hp_loss":0.0,"gold_gain":0.0,"event_name":"Back to Basics","player_choice":"Elegance","floor":22.0,"gold_loss":0.0,"damage_taken":0.0},{"damage_healed":0.0,"max_hp_gain":0.0,"max_hp_loss":0.0,"gold_gain":0.0,"event_name":"Vampires","player_choice":"Ignored","floor":28.0,"gold_loss":0.0,"damage_taken":0.0},{"damage_healed":0,"gold_gain":0,"player_choice":"Fight","damage_taken":0,"max_hp_gain":0,"max_hp_loss":0,"event_name":"Mysterious Sphere","floor":38,"gold_loss":0},{"damage_healed":0,"gold_gain":0,"player_choice":"Paid","damage_taken":0,"relics_obtained":["Red Mask"],"max_hp_gain":0,"max_hp_loss":0,"event_name":"Tomb of Lord Red Mask","floor":47,"gold_loss":245},{"damage_healed":0,"gold_gain":0,"player_choice":"Gave Potion","damage_taken":0,"relics_obtained":["Ice Cream"],"max_hp_gain":0,"max_hp_loss":0,"event_name":"WeMeetAgain","floor":48,"gold_loss":0}],"is_beta":false,"boss_relics":[{"not_picked":["Busted Crown","Snecko Eye"],"picked":"Cursed Key"},{"not_picked":["Runic Dome","Orrery"],"picked":"Empty Cage"}],"items_purged_floors":[13,24,27,37],"is_endless":false,"potions_floor_spawned":[6,8,11,14,21,29,31,36,38,45,54],"ascension_level":0}