{"gold_per_floor":[111,40,40,40,115,115,4,52,52,52,71,71,95,120,120,249,249,262,262,29,49,49,49],"floor_reached":23,"playtime":6161,"items_purged":["Regret"],"score":177,"play_id":"21bdd730-3501-40b6-9d3b-774290874440","local_time":"20181015205025","is_ascension_mode":false,"campfire_choices":[{"floor":6,"key":"REST"},{"floor":15,"key":"REST"}],"neow_cost":"NONE","seed_source_timestamp":351803651270752,"circlet_count":0,"master_deck":["Strike_B","Strike_B","Strike_B","Strike_B","Defend_B","Defend_B+1","Defend_B+1","Defend_B","Zap","Dualcast","Lockon","Conserve Battery","Steam","Undo","Redo","Coolheaded","Storm","Creative AI","Redo+1","RitualDagger","Genetic Algorithm","Chill"],"relics":["Fusion Hammer","Question Card","PreservedInsect","Orichalcum","Golden Idol","Black Star","ClockworkSouvenir"],"potions_floor_usage":[16,23],"damage_taken":[{"damage":1,"enemies":"Cultist","floor":1,"turns":4},{"damage":0,"enemies":"Small Slimes","floor":11,"turns":3},{"damage":0,"enemies":"Jaw Worm","floor":13,"turns":4},{"damage":0,"enemies":"2 Fungi Beasts","floor":14,"turns":5},{"damage":41,"enemies":"Hexaghost","floor":16,"turns":14},{"damage":11,"enemies":"Spheric Guardian","floor":18,"turns":5},{"damage":20,"enemies":"3 Byrds","floor":21,"turns":5},{"damage":22,"enemies":"3 Cultists","floor":23,"turns":5}],"seed_played":"7988464565294074977","potions_obtained":[{"floor":13,"key":"PowerPotion"},{"floor":16,"key":"GamblersBrew"},{"floor":18,"key":"SteroidPotion"}],"is_trial":false,"path_per_floor":["M","$","?","?","?","R","$","T","T","?","M","?","M","M","R","B",null,"M","?","$","M","?"],"character_chosen":"DEFECT","items_purchased":["Conserve Battery","Steam","Undo","ClockworkSouvenir","Genetic Algorithm"],"campfire_rested":2,"item_purchase_floors":[2,2,7,20,20],"current_hp_per_floor":[74,74,74,74,63,75,75,75,75,60,60,42,42,42,64,23,75,64,58,58,38,31,9],"gold":49,"neow_bonus":"BOSS_RELIC","is_prod":false,"is_daily":false,"chose_seed":false,"campfire_upgraded":0,"win_rate":0.0,"timestamp":1539589825,"path_taken":["M","$","?","?","?","R","?","?","T","?","M","?","M","?","R","BOSS","M","?","$","M","?","M"],"build_version":"2018-10-11","purchased_purges":1,"victory":false,"max_hp_per_floor":[75,75,75,75,75,75,75,75,75,75,75,75,75,75,75,75,75,75,75,75,75,75,75],"card_choices":[{"not_picked":["Hologram","Recycle"],"picked":"Lockon","floor":1},{"not_picked":["Hologram","Hello World","Turbo"],"picked":"Redo","floor":11},{"not_picked":["Conserve Battery","Machine Learning","Gash"],"picked":"Coolheaded","floor":13},{"not_picked":["Barrage","Streamline","Redo"],"picked":"Storm","floor":14},{"not_picked":["Reboot","Core Surge","Meteor Strike"],"picked":"Creative AI","floor":16},{"not_picked":["Streamline","Auto Shields+1","Reinforced Body"],"picked":"Redo+1","floor":18},{"not_picked":["Gash","Defragment","Beam Cell"],"picked":"Chill","floor":21}],"player_experience":62274,"relics_obtained":[{"floor":8,"key":"PreservedInsect"},{"floor":9,"key":"Orichalcum"}],"event_choices":[{"event_name":"Big Fish","player_choice":"Box","floor":3,"damage_taken":0},{"event_name":"The Cleric","player_choice":"Leave","floor":4,"damage_taken":0},{"event_name":"World of Goop","player_choice":"Gather Gold","floor":5,"damage_taken":0},{"event_name":"Shining Light","player_choice":"Entered Light","floor":10,"damage_taken":0},{"event_name":"Golden Idol","player_choice":"Take Damage","floor":12,"damage_taken":0},{"event_name":"Nest","player_choice":"Joined the Cult","floor":19,"damage_taken":0},{"event_name":"Wheel of Change","player_choice":"Damage","floor":22,"damage_taken":0}],"is_beta":false,"boss_relics":[{"not_picked":["Lizard Tail","Tiny House"],"picked":"Black Star"}],"items_purged_floors":[7],"is_endless":false,"potions_floor_spawned":[13,16,18],"killed_by":"3 Cultists","ascension_level":0}