{"gold_per_floor":[119,294,309,333,353,353,372,372,399,399,453,472,472,491,491,587,587,600,550,550,561,575,575],"floor_reached":23,"playtime":1094,"items_purged":[],"score":208,"play_id":"46cc8891-eafe-414f-83ee-b29d5b00c127","local_time":"20181015190725","is_ascension_mode":false,"campfire_choices":[{"data":"Sunder","floor":6.0,"key":"SMITH"},{"data":"Recycle","floor":13.0,"key":"SMITH"},{"floor":15.0,"key":"REST"}],"neow_cost":"TEN_PERCENT_HP_LOSS","seed_source_timestamp":0,"circlet_count":0,"master_deck":["Defend_B","Defend_B","Defend_B","Zap","Dualcast","Compile Driver","Leap","Sunder+1","Doubt","Recycle+1","Lockon","Rebound","Go for the Eyes","Consume","Multi-Cast","Streamline+1","Bite","Bite","Bite","Bite","Bite","Static Discharge","Gash"],"special_seed":0,"relics":["Cracked Core","Strawberry","FaceOfCleric","Juzu Bracelet","Ancient Tea Set","Happy Flower","Busted Crown"],"potions_floor_usage":[],"damage_taken":[{"damage":1.0,"enemies":"2 Louse","floor":1.0,"turns":3.0},{"damage":0.0,"enemies":"Jaw Worm","floor":3.0,"turns":3.0},{"damage":1.0,"enemies":"Cultist","floor":5.0,"turns":3.0},{"damage":17.0,"enemies":"Exordium Thugs","floor":7.0,"turns":5.0},{"damage":6.0,"enemies":"Looter","floor":12.0,"turns":3.0},{"damage":8.0,"enemies":"Lots of Slimes","floor":14.0,"turns":3.0},{"damage":31.0,"enemies":"Hexaghost","floor":16.0,"turns":7.0},{"damage":17.0,"enemies":"Chosen","floor":18.0,"turns":5.0},{"damage":16.0,"enemies":"Shell Parasite","floor":21.0,"turns":6.0},{"damage":34,"enemies":"3 Cultists","floor":22,"turns":4},{"damage":21,"enemies":"Snake Plant","floor":23,"turns":2}],"seed_played":"-6246952789300738824","potions_obtained":[{"floor":1.0,"key":"Strength Potion"},{"floor":5.0,"key":"FocusPotion"},{"floor":12.0,"key":"Swift Potion"},{"floor":14.0,"key":"Poison Potion"},{"floor":18.0,"key":"Weak Potion"}],"is_trial":false,"path_per_floor":["M","?","M","T","M","R","M","?","T","?","T","M","R","M","R","B",null,"M","?","?","M","M"],"character_chosen":"DEFECT","items_purchased":[],"campfire_rested":1,"item_purchase_floors":[],"current_hp_per_floor":[67,67,67,74,73,73,56,56,56,53,53,48,48,41,64,34,78,62,62,55,46,17,0],"gold":575,"neow_bonus":"TRANSFORM_TWO_CARDS","is_prod":false,"is_daily":false,"chose_seed":false,"campfire_upgraded":2,"win_rate":0.0,"timestamp":1539583645,"path_taken":["M","?","?","?","M","R","M","?","T","?","?","M","R","M","R","BOSS","M","?","?","M","M","M"],"build_version":"2018-10-11","purchased_purges":0,"victory":false,"max_hp_per_floor":[68,68,68,75,75,75,75,75,75,75,75,76,76,77,77,78,78,79,79,55,56,57,57],"card_choices":[{"not_picked":["Force Field","Cold Snap"],"picked":"Sunder","floor":1.0},{"not_picked":["Streamline","Double Energy"],"picked":"Recycle","floor":3.0},{"not_picked":["Hologram","Reinforced Body"],"picked":"Lockon","floor":5.0},{"not_picked":["Cold Snap","Force Field"],"picked":"Rebound","floor":7.0},{"not_picked":["Steam","Turbo"],"picked":"Go for the Eyes","floor":12.0},{"not_picked":["Hologram","Redo"],"picked":"Consume","floor":14.0},{"not_picked":["Reboot","Hyperbeam"],"picked":"Multi-Cast","floor":16.0},{"not_picked":[],"picked":"Streamline+1","floor":18.0},{"not_picked":[],"picked":"Static Discharge","floor":21.0},{"not_picked":[],"picked":"Gash","floor":22}],"player_experience":61180,"relics_obtained":[{"floor":4.0,"key":"Strawberry"},{"floor":9.0,"key":"Juzu Bracelet"},{"floor":11.0,"key":"Happy Flower"}],"event_choices":[{"event_name":"Liars Game","player_choice":"agreed","floor":2.0,"damage_taken":0.0},{"event_name":"FaceTrader","player_choice":"Trade","floor":8.0,"damage_taken":0.0},{"event_name":"Scrap Ooze","player_choice":"success","floor":10.0,"damage_taken":3.0},{"event_name":"The Joust","player_choice":"Bet on Murderer","floor":19.0,"damage_taken":0.0},{"event_name":"Vampires","player_choice":"Became a vampire","floor":20.0,"damage_taken":0.0}],"is_beta":false,"boss_relics":[{"not_picked":["Cursed Key","Velvet Choker"],"picked":"Busted Crown"}],"items_purged_floors":[],"is_endless":false,"potions_floor_spawned":[1,5,12,14,18],"killed_by":"Snake Plant","ascension_level":0}