{"path_per_floor":["M","$","M","M","?","R","E","R","T","R","$","R","?","?","R","B",null,"M","$","M","$","M","R","M","?","T","?","$","E","M","M","R","B",null,"M","?","M","?","M","E","R","?","T","R","?","M"],"character_chosen":"IRONCLAD","items_purchased":["Flash of Steel","Lantern","Battle Trance","Flex"],"gold_per_floor":[110,5,24,35,135,135,170,170,197,197,122,122,122,122,122,227,227,245,98,118,50,69,69,85,85,108,108,60,88,100,110,110,208,208,220,220,233,233,244,269,269,269,269,269,0,12],"floor_reached":47,"campfire_rested":5,"playtime":3199,"current_hp_per_floor":[88,88,88,88,88,88,73,73,73,73,73,88,70,70,88,46,88,88,88,86,86,84,84,69,69,69,69,69,64,56,29,55,9,88,44,44,50,72,72,33,59,59,59,85,85,49],"items_purged":["Strike_R"],"gold":12,"score":467,"play_id":"547b145b-bf67-4291-83fc-0ac79537824a","local_time":"20180307235045","is_prod":false,"is_daily":false,"is_ascension_mode":true,"campfire_upgraded":4,"timestamp":1520463045,"path_taken":["M","$","M","?","?","R","E","R","T","R","$","R","?","?","R","BOSS","M","$","M","$","M","R","M","?","T","?","?","E","M","M","R","BOSS","M","?","M","?","M","E","R","?","T","R","?","M","?"],"build_version":"2018-03-01-PROD1","purchased_purges":1,"victory":false,"master_deck":["Strike_R","Strike_R","Defend_R","Defend_R","Defend_R","Defend_R","Bash","Armaments+1","Flash of Steel+1","Whirlwind+1","Iron Wave+1","Anger+1","Spot Weakness+1","Infernal Blade+1","Offering","Spot Weakness+1","Sword Boomerang","Battle Trance","Heavy Blade","Shrug It Off","Writhe","Clumsy","Flex","Flex","Metallicize+1","Iron Wave","Limit Break","Headbutt+1","Second Wind+1","Trip","Havoc","Heavy Blade","Shrug It Off","Twin Strike","Heavy Blade+1","Flex+1","Rampage+1"],"max_hp_per_floor":[88,88,88,88,88,88,88,88,88,88,88,88,88,88,88,88,88,88,88,88,88,88,88,88,88,88,88,88,88,88,88,88,88,88,88,88,88,88,88,88,88,88,88,88,88,88],"relics":["Burning Blood","Bottled Flame","Dream Catcher","Cursed Key","Lantern","Happy Flower","Omamori","Frozen Egg 2","Astrolabe","Smiling Mask","Bag of Marbles","Red Mask"],"card_choices":[{"not_picked":["Flame Barrier","Carnage"],"picked":"Armaments"},{"not_picked":["Wild Strike","Intimidate"],"picked":"Whirlwind"},{"not_picked":["Perfected Strike","Clash"],"picked":"Iron Wave"},{"not_picked":["Havoc","Wild Strike"],"picked":"Anger"},{"not_picked":["Searing Blow","Warcry"],"picked":"Spot Weakness"},{"not_picked":["Rage","Perfected Strike"],"picked":"Infernal Blade"},{"not_picked":["Brutality","Immolate"],"picked":"Offering"},{"not_picked":["Cleave","Wild Strike"],"picked":"Spot Weakness"},{"not_picked":["Clothesline","Sentinel"],"picked":"Sword Boomerang"},{"not_picked":["Second Wind","Havoc"],"picked":"Heavy Blade"},{"not_picked":["Entrench","Dark Embrace"],"picked":"Shrug It Off"},{"not_picked":["Barricade","Sentinel"],"picked":"Flex"},{"not_picked":["Shockwave","Combust"],"picked":"Rage"},{"not_picked":["Spot Weakness","Combust"],"picked":"Metallicize"},{"not_picked":["Perfected Strike","Corruption"],"picked":"Iron Wave"},{"not_picked":["Demon Form","Immolate"],"picked":"Limit Break"},{"not_picked":["Blood for Blood","Second Wind"],"picked":"Heavy Blade"},{"not_picked":["Clothesline","Cleave"],"picked":"Shrug It Off"},{"not_picked":["Cleave","True Grit"],"picked":"Twin Strike"},{"not_picked":["Perfected Strike","Brutality"],"picked":"Heavy Blade"},{"not_picked":["Warcry","Headbutt"],"picked":"Flex"},{"not_picked":["Spot Weakness","Burning Pact"],"picked":"Rampage"}],"player_experience":126585,"potions_floor_usage":[7,29,29,33,37,40],"damage_taken":[{"damage":5,"enemies":"Cultist","floor":1,"turns":4},{"damage":6,"enemies":"Jaw Worm","floor":3,"turns":3},{"damage":0,"enemies":"2 Louse","floor":4,"turns":3},{"damage":30,"enemies":"Lagavulin","floor":7,"turns":6},{"damage":48,"enemies":"The Guardian","floor":16,"turns":8},{"damage":0,"enemies":"Spheric Guardian","floor":18,"turns":3},{"damage":8,"enemies":"Chosen","floor":20,"turns":4},{"damage":8,"enemies":"Snecko","floor":22,"turns":4},{"damage":21,"enemies":"Snake Plant","floor":24,"turns":2},{"damage":17,"enemies":"Slavers","floor":29,"turns":4},{"damage":14,"enemies":"Sentry and Sphere","floor":30,"turns":4},{"damage":33,"enemies":"Centurion and Healer","floor":31,"turns":5},{"damage":52,"enemies":"Collector","floor":33,"turns":8},{"damage":50,"enemies":"3 Shapes","floor":35,"turns":4},{"damage":0,"enemies":"Orb Walker","floor":37,"turns":2},{"damage":18,"enemies":"3 Darklings","floor":39,"turns":4},{"damage":45,"enemies":"Giant Head","floor":40,"turns":7},{"damage":42,"enemies":"Sphere and 2 Shapes","floor":46,"turns":5},{"damage":61,"enemies":"4 Shapes","floor":47,"turns":5}],"event_choices":[{"event_name":"Golden Shrine","player_choice":"Pray","floor":5,"damage_taken":0},{"event_name":"Shining Light","player_choice":"Entered Light","floor":13,"damage_taken":0},{"event_name":"Upgrade Shrine","player_choice":"Upgraded","floor":14,"damage_taken":0},{"event_name":"The Mausoleum","player_choice":"Yes","floor":25,"damage_taken":0},{"event_name":"Cursed Tome","player_choice":"Ignored","floor":27,"damage_taken":0},{"event_name":"Match and Keep!","player_choice":"2 cards matched","floor":36,"damage_taken":0},{"event_name":"Winding Halls","player_choice":"Writhe","floor":38,"damage_taken":0},{"event_name":"Tomb of Lord Red Mask","player_choice":"Paid","floor":45,"damage_taken":0}],"boss_relics":[{"not_picked":["Pandora\u0027s Box","Calling Bell"],"picked":"Cursed Key"},{"not_picked":["Sozu","Snecko Eye"],"picked":"Astrolabe"}],"potions_floor_spawned":[1,4,16,18,22,24,33,39],"seed_played":"1817640311470793568","killed_by":"4 Shapes","ascension_level":1,"is_trial":false}