{"gold_per_floor":[109,127,144,60,76,76,102,102,102,102,27,46,46,63,63,161,161,176,194,43,142,162,162,162,162,162,162,195,195,73,73,73,73],"floor_reached":33,"playtime":1195,"items_purged":["Strike_R","Strike_R","Strike_R"],"score":409,"play_id":"956c0e8c-8377-4a7b-9795-347f45842da6","local_time":"20181009232031","daily_mods":["Specialized","Blue Cards","Night Terrors"],"is_ascension_mode":true,"campfire_choices":[{"data":"Beam Cell","floor":6,"key":"SMITH"},{"data":"Rampage","floor":10,"key":"SMITH"},{"data":"Scrape","floor":13,"key":"SMITH"},{"data":"Steam","floor":15,"key":"SMITH"},{"data":"Immolate","floor":23,"key":"SMITH"},{"floor":25,"key":"REST"},{"data":"Armaments","floor":27,"key":"SMITH"},{"data":"Clash","floor":32,"key":"SMITH"}],"neow_cost":"","seed_source_timestamp":11470855835794,"circlet_count":0,"master_deck":["Strike_R","Strike_R","Defend_R","Defend_R","Defend_R","Defend_R","Bash","Scrape+1","Scrape","Scrape","Scrape","Scrape","Steam+1","Cold Snap","Beam Cell+1","Rampage+1","Shrug It Off","Bludgeon+1","Coolheaded","Clothesline","Immolate+1","Gash","Auto Shields","Armaments+1","Clash+1","Stack","Leap","Disarm+1","Battle Trance","Steam"],"relics":["Burning Blood","Pantograph","Bottled Flame","Orrery","Smiling Mask","Bag of Marbles","Self Forming Clay"],"potions_floor_usage":[12,16,18,19,22,29,33],"damage_taken":[{"damage":6,"enemies":"Cultist","floor":1,"turns":3},{"damage":3,"enemies":"Jaw Worm","floor":2,"turns":4},{"damage":3,"enemies":"2 Louse","floor":3,"turns":3},{"damage":11,"enemies":"Exordium Thugs","floor":5,"turns":5},{"damage":27,"enemies":"Lagavulin","floor":7,"turns":6},{"damage":0,"enemies":"Looter","floor":12,"turns":1},{"damage":6,"enemies":"3 Louse","floor":14,"turns":4},{"damage":34,"enemies":"Hexaghost","floor":16,"turns":9},{"damage":12,"enemies":"Chosen","floor":18,"turns":3},{"damage":12,"enemies":"2 Thieves","floor":19,"turns":3},{"damage":34,"enemies":"Sentry and Sphere","floor":22,"turns":9},{"damage":32,"enemies":"Slavers","floor":28,"turns":7},{"damage":0,"enemies":"Centurion and Healer","floor":29,"turns":1},{"damage":83,"enemies":"Collector","floor":33,"turns":9}],"seed_played":"714059801750564076","potions_obtained":[{"floor":3,"key":"Weak Potion"},{"floor":5,"key":"Ancient Potion"},{"floor":7,"key":"Fire Potion"},{"floor":14,"key":"FearPotion"},{"floor":16,"key":"Poison Potion"},{"floor":19,"key":"SkillPotion"},{"floor":22,"key":"SmokeBomb"}],"is_trial":true,"path_per_floor":["M","M","M","$","M","R","E","?","T","R","$","M","R","M","R","B",null,"M","M","$","?","M","R","T","R","T","R","E","M","$","?","R"],"character_chosen":"IRONCLAD","items_purchased":["Rampage","Shrug It Off","Leap","Steam","Strength Potion"],"campfire_rested":1,"item_purchase_floors":[4,4,20,30,30],"current_hp_per_floor":[72,75,78,78,73,73,52,52,52,52,52,58,58,58,58,52,73,67,61,61,61,33,33,33,75,75,75,49,55,55,55,55,0],"gold":73,"neow_bonus":"","is_prod":false,"is_daily":false,"chose_seed":false,"campfire_upgraded":7,"win_rate":0,"timestamp":1539120031,"path_taken":["M","M","M","$","M","R","E","?","T","R","$","M","R","M","R","BOSS","M","M","$","?","?","R","?","R","T","R","E","?","$","?","R","BOSS"],"build_version":"2018-10-04v2","purchased_purges":3,"victory":false,"max_hp_per_floor":[80,80,80,80,80,80,80,80,80,80,80,80,80,80,80,80,80,80,80,80,80,80,80,80,75,75,75,75,75,75,75,75,75],"card_choices":[{"not_picked":["Sweeping Beam","Hologram"],"picked":"Steam","floor":1},{"not_picked":["Chill","Turbo"],"picked":"Cold Snap","floor":2},{"not_picked":["Steam Power","Iron Wave"],"picked":"Beam Cell","floor":3},{"not_picked":["Defragment","Rampage"],"picked":"Bludgeon","floor":5},{"not_picked":["Darkness","Second Wind","Exhume"],"picked":"SKIP","floor":7},{"not_picked":["Pommel Strike","Havoc"],"picked":"Coolheaded","floor":12},{"not_picked":["Body Slam","Doom and Gloom"],"picked":"Clothesline","floor":14},{"not_picked":["Fiend Fire","Brutality"],"picked":"Immolate","floor":16},{"not_picked":["Feel No Pain","Turbo"],"picked":"Gash","floor":17},{"not_picked":["Seeing Red","Wild Strike"],"picked":"Auto Shields","floor":17},{"not_picked":["Feel No Pain","Havoc"],"picked":"Armaments","floor":17},{"not_picked":["Tempest","Dual Wield"],"picked":"Clash","floor":18},{"not_picked":["Havoc","Coolheaded"],"picked":"Stack","floor":19},{"not_picked":["Turbo","Hemokinesis+1"],"picked":"Disarm","floor":22},{"not_picked":["Thunder Strike","Dual Wield"],"picked":"Battle Trance","floor":28}],"player_experience":938252,"relics_obtained":[{"floor":7,"key":"Pantograph"},{"floor":9,"key":"Bottled Flame"},{"floor":24,"key":"Smiling Mask"},{"floor":26,"key":"Bag of Marbles"},{"floor":28,"key":"Self Forming Clay"}],"event_choices":[{"event_name":"Living Wall","player_choice":"Grow","floor":8,"damage_taken":0},{"event_name":"Nest","player_choice":"Stole From Cult","floor":21,"damage_taken":0},{"event_name":"Accursed Blacksmith","player_choice":"Forge","floor":31,"damage_taken":0}],"is_beta":false,"boss_relics":[{"not_picked":["Eternal Feather","Runic Pyramid"],"picked":"Orrery"}],"items_purged_floors":[11,20,30],"is_endless":false,"potions_floor_spawned":[3,5,7,14,16,19,22,29],"killed_by":"Collector","ascension_level":9}