{"gold_per_floor":[119,119,73,37,52,52,84,100,168,184,184,184,200,22,22,117,117,131,92,106,106,123,123,123,123,123,142,64,64,93,10,10,109,159,169,184,184,484,502,502],"floor_reached":40,"playtime":1764,"items_purged":["Strike_B"],"score":651,"play_id":"d97a19a8-c3e4-4f36-9b50-eb1bb775d8f0","local_time":"20181004174734","is_ascension_mode":true,"campfire_choices":[{"data":"Defragment","floor":6,"key":"SMITH"},{"floor":11,"key":"REST"},{"floor":15,"key":"REST"},{"data":"Self Repair","floor":23,"key":"SMITH"},{"data":"Redo","floor":25,"key":"SMITH"},{"data":"Electrodynamics","floor":29,"key":"SMITH"},{"data":"Beam Cell","floor":32,"key":"SMITH"}],"neow_cost":"NONE","seed_source_timestamp":26412153675334,"circlet_count":0,"master_deck":["Strike_B","Strike_B","Strike_B+1","Defend_B","Defend_B","Defend_B","Defend_B","Zap+1","Dualcast","AscendersBane","Sweeping Beam","Defragment+1","Capacitor+1","Chill","Compile Driver+1","Coolheaded","Redo+1","Loop+1","Rebound","Electrodynamics+1","Cold Snap+1","Self Repair+1","Redo","Conserve Battery","Go for the Eyes","Glacier","Reboot","Beam Cell+1","Self Repair","Echo Form","Force Field","Coolheaded+1","Melter+1","Loop+1","Hologram+1"],"relics":["Cracked Core","Matryoshka","Smiling Mask","Whetstone","Kunai","Velvet Choker","Strawberry","Letter Opener","FossilizedHelix","Tiny House","Old Coin"],"potions_floor_usage":[13,16,18,22,27,33,40],"damage_taken":[{"damage":6,"enemies":"Cultist","floor":1,"turns":3},{"damage":1,"enemies":"2 Louse","floor":5,"turns":3},{"damage":45,"enemies":"3 Sentries","floor":7,"turns":6},{"damage":4,"enemies":"Small Slimes","floor":8,"turns":3},{"damage":0,"enemies":"Exordium Wildlife","floor":10,"turns":3},{"damage":1,"enemies":"Lots of Slimes","floor":13,"turns":2},{"damage":23,"enemies":"Hexaghost","floor":16,"turns":11},{"damage":24,"enemies":"3 Byrds","floor":18,"turns":4},{"damage":0,"enemies":"Spheric Guardian","floor":20,"turns":3},{"damage":9,"enemies":"Centurion and Healer","floor":22,"turns":10},{"damage":6,"enemies":"Chosen and Byrds","floor":27,"turns":5},{"damage":28,"enemies":"Book of Stabbing","floor":30,"turns":5},{"damage":52,"enemies":"Collector","floor":33,"turns":14},{"damage":30,"enemies":"3 Darklings","floor":35,"turns":4},{"damage":6,"enemies":"Orb Walker","floor":36,"turns":3},{"damage":0,"enemies":"Mind Bloom Boss Battle","floor":38,"turns":10},{"damage":38,"enemies":"Reptomancer","floor":39,"turns":12},{"damage":38,"enemies":"2 Orb Walkers","floor":40,"turns":3}],"seed_played":"-4627898315116953954","potions_obtained":[{"floor":7,"key":"SpeedPotion"},{"floor":10,"key":"Explosive Potion"},{"floor":12,"key":"Block Potion"},{"floor":13,"key":"Ancient Potion"},{"floor":16,"key":"Explosive Potion"},{"floor":20,"key":"Energy Potion"},{"floor":22,"key":"SkillPotion"},{"floor":34,"key":"LiquidBronze"},{"floor":35,"key":"Dexterity Potion"}],"is_trial":false,"path_per_floor":["M","T","?","$","M","R","E","M","T","M","R","?","M","$","R","B",null,"M","$","M","?","M","R","?","R","T","M","$","R","E","$","R","B",null,"M","M","?","?","M"],"character_chosen":"DEFECT","items_purchased":["Defragment","Loop","Rebound","Self Repair","Glacier","Beam Cell","Self Repair"],"campfire_rested":2,"item_purchase_floors":[4,14,14,19,28,31,31],"current_hp_per_floor":[62,62,62,62,61,61,16,12,12,12,34,34,33,33,55,32,64,40,40,47,72,70,70,70,70,77,81,81,81,53,53,53,18,71,48,42,42,59,38,0],"gold":502,"neow_bonus":"UPGRADE_CARD","is_prod":false,"is_daily":false,"chose_seed":false,"campfire_upgraded":5,"win_rate":0,"timestamp":1538668054,"path_taken":["M","?","?","?","M","R","E","?","T","?","R","?","M","$","R","BOSS","M","$","M","?","?","R","?","R","T","M","?","R","E","$","R","BOSS","M","M","?","?","M","E"],"build_version":"2018-09-27","purchased_purges":1,"victory":false,"max_hp_per_floor":[75,75,75,75,75,75,75,75,75,75,75,75,75,75,75,75,75,75,75,75,75,75,75,75,75,82,82,82,82,82,82,82,82,87,87,87,87,87,87,87],"card_choices":[{"not_picked":["Compile Driver","Scrape"],"picked":"Sweeping Beam","floor":1},{"not_picked":["Double Energy","Skim"],"picked":"Capacitor","floor":5},{"not_picked":["Steam","Turbo"],"picked":"Chill","floor":7},{"not_picked":["Auto Shields","Stack"],"picked":"Compile Driver","floor":8},{"not_picked":["Leap","Hello World"],"picked":"Coolheaded","floor":10},{"not_picked":["Fusion","Undo"],"picked":"Redo","floor":13},{"not_picked":["Amplify","Echo Form"],"picked":"Electrodynamics","floor":16},{"not_picked":["Stack","Steam"],"picked":"Cold Snap","floor":18},{"not_picked":["Aggregate","Compile Driver+1"],"picked":"Redo","floor":20},{"not_picked":["Double Energy","Turbo"],"picked":"Conserve Battery","floor":22},{"not_picked":["Compile Driver","Hello World"],"picked":"Go for the Eyes","floor":27},{"not_picked":["Steam","Cold Snap"],"picked":"Reboot","floor":30},{"not_picked":["Rainbow","Multi-Cast"],"picked":"Echo Form","floor":33},{"not_picked":["Lockon+1","Turbo"],"picked":"Force Field","floor":34},{"not_picked":["Cold Snap+1","Skim+1"],"picked":"Coolheaded+1","floor":35},{"not_picked":["Sunder","Lockon"],"picked":"Melter+1","floor":36},{"not_picked":["Beam Cell+1","Doom and Gloom"],"picked":"Loop+1","floor":38},{"not_picked":["Rebound","Redo+1"],"picked":"Hologram+1","floor":39}],"player_experience":825943,"relics_obtained":[{"floor":2,"key":"Matryoshka"},{"floor":7,"key":"Smiling Mask"},{"floor":9,"key":"Whetstone"},{"floor":9,"key":"Kunai"},{"floor":26,"key":"Strawberry"},{"floor":26,"key":"Letter Opener"},{"floor":30,"key":"FossilizedHelix"},{"floor":38,"key":"Old Coin"}],"event_choices":[{"event_name":"World of Goop","player_choice":"Left","floor":3,"damage_taken":0},{"event_name":"The Lab","player_choice":"Got Potions","floor":12,"damage_taken":0},{"event_name":"The Library","player_choice":"Heal","floor":21,"damage_taken":0},{"event_name":"Upgrade Shrine","player_choice":"Upgraded","floor":24,"damage_taken":0},{"event_name":"Accursed Blacksmith","player_choice":"Forge","floor":37,"damage_taken":0},{"event_name":"MindBloom","player_choice":"Fight","floor":38,"damage_taken":0}],"is_beta":false,"boss_relics":[{"not_picked":["Runic Dome","FrozenCore"],"picked":"Velvet Choker"},{"not_picked":["Black Star","Lizard Tail"],"picked":"Tiny House"}],"items_purged_floors":[14],"is_endless":false,"potions_floor_spawned":[7,10,13,16,20,22,35],"killed_by":"2 Orb Walkers","ascension_level":11}