{"gold_per_floor":[217,217,22,22,22,55,55,65,92,167,191,42,74,85,85,185,185,200,200,32,32,32,61,61,73,73,32,132,143,67,100,100,196,196,213,88,108,122,136,161,161,181,228,228,228,239,3,15,15,15],"floor_reached":51,"playtime":2908,"items_purged":["Defend_G","Strike_G","Strike_G","Parasite"],"score":746,"play_id":"8d274be4-c944-42b0-aa88-bdf070f79d46","local_time":"20190131233804","is_ascension_mode":false,"campfire_choices":[{"floor":15,"key":"REST"},{"data":"Apotheosis","floor":24,"key":"SMITH"},{"floor":32,"key":"REST"},{"data":"Envenom","floor":41,"key":"SMITH"},{"floor":44,"key":"REST"},{"floor":49,"key":"REST"}],"neow_cost":"NONE","seed_source_timestamp":9834795833814,"circlet_count":0,"master_deck":["Defend_G","Defend_G","Defend_G","Defend_G+1","Strike_G","Strike_G","Survivor","Neutralize","Poisoned Stab","Prepared+1","Apotheosis+1","Dagger Spray","Backflip","Footwork","Bullet Time","Infinite Blades","Infinite Blades+1","Flying Knee","Accuracy","Cloak And Dagger","Infinite Blades","A Thousand Cuts","Phantasmal Killer","Blade Dance+1","Envenom+1","Cloak And Dagger+1","Choke+1"],"relics":["Ring of the Serpent","Orichalcum","Potion Belt","War Paint","Ancient Tea Set","Pen Nib","Philosopher\u0027s Stone","Oddly Smooth Stone","Paper Crane","Vajra","Juzu Bracelet","Tingsha","Matryoshka","Dodecahedron","Pantograph","The Courier","Shuriken"],"potions_floor_usage":[13,13,23,28,33,42,46,50,50,50,50],"damage_taken":[{"damage":0,"enemies":"Jaw Worm","floor":1,"turns":8},{"damage":26,"enemies":"Lagavulin","floor":6,"turns":7},{"damage":1,"enemies":"Cultist","floor":8,"turns":4},{"damage":12,"enemies":"Gremlin Nob","floor":13,"turns":5},{"damage":1,"enemies":"Small Slimes","floor":14,"turns":3},{"damage":6,"enemies":"Slime Boss","floor":16,"turns":7},{"damage":0,"enemies":"Shell Parasite","floor":18,"turns":5},{"damage":3,"enemies":"Book of Stabbing","floor":23,"turns":7},{"damage":0,"enemies":"Spheric Guardian","floor":25,"turns":3},{"damage":10,"enemies":"Colosseum Slavers","floor":28,"turns":4},{"damage":0,"enemies":"Colosseum Nobs","floor":28,"turns":4},{"damage":6,"enemies":"Snake Plant","floor":29,"turns":5},{"damage":42,"enemies":"Slavers","floor":31,"turns":6},{"damage":0,"enemies":"Automaton","floor":33,"turns":6},{"damage":0,"enemies":"Orb Walker","floor":35,"turns":3},{"damage":10,"enemies":"3 Shapes","floor":37,"turns":6},{"damage":0,"enemies":"Writhing Mass","floor":38,"turns":6},{"damage":13,"enemies":"Spire Growth","floor":39,"turns":4},{"damage":2,"enemies":"Giant Head","floor":40,"turns":6},{"damage":1,"enemies":"3 Darklings","floor":42,"turns":5},{"damage":12,"enemies":"Jaw Worm Horde","floor":46,"turns":4},{"damage":19,"enemies":"Sphere and 2 Shapes","floor":48,"turns":5},{"damage":56,"enemies":"Awakened One","floor":50,"turns":9}],"seed_played":"2779607480559424247","potions_obtained":[{"floor":6,"key":"Block Potion"},{"floor":13,"key":"SpeedPotion"},{"floor":16,"key":"Energy Potion"},{"floor":18,"key":"Fire Potion"},{"floor":29,"key":"Explosive Potion"},{"floor":35,"key":"EssenceOfSteel"},{"floor":39,"key":"Block Potion"},{"floor":42,"key":"SneckoOil"}],"is_trial":false,"path_per_floor":["M","?","$","$","?","E","$","M","T","?","T","$","E","M","R","B",null,"M","?","$","T","T","E","R","M","T","$","?","M","$","E","R","B",null,"M","$","M","M","M","E","R","M","T","R","?","M","$","M","R","B",null],"character_chosen":"THE_SILENT","items_purchased":["Apotheosis","Dagger Spray","Regen Potion","Infinite Blades","Accuracy","Infinite Blades","Fire Potion","Explosive Potion","Dexterity Potion"],"campfire_rested":4,"item_purchase_floors":[3,3,12,20,27,30,47,47,47],"current_hp_per_floor":[70,70,70,70,63,37,37,36,36,25,25,25,28,27,48,42,70,70,70,70,70,70,67,67,67,67,67,57,51,51,9,30,30,70,70,70,60,60,47,45,45,44,44,65,65,53,53,34,54,11],"gold":15,"neow_bonus":"HUNDRED_GOLD","is_prod":false,"is_daily":false,"chose_seed":false,"campfire_upgraded":2,"win_rate":0,"timestamp":1548999484,"path_taken":["M","?","?","$","?","E","?","?","T","?","?","$","E","M","R","BOSS","M","?","$","?","?","E","R","M","T","?","?","M","$","E","R","BOSS","M","$","M","M","M","E","R","M","T","R","?","M","$","M","R","BOSS"],"build_version":"2019-01-23","purchased_purges":4,"victory":true,"max_hp_per_floor":[70,70,70,70,70,70,70,70,70,70,70,70,70,70,70,70,70,70,70,70,70,70,70,70,70,70,70,70,70,70,70,70,70,70,70,70,70,70,70,70,70,70,70,70,70,70,67,67,67,67],"card_choices":[{"not_picked":["Endless Agony","Dash"],"picked":"Poisoned Stab","floor":1},{"not_picked":["PiercingWail","All Out Attack","Leg Sweep"],"picked":"SKIP","floor":6},{"not_picked":["Deflect","Dagger Throw","Reflex"],"picked":"SKIP","floor":8},{"not_picked":["Concentrate","Outmaneuver"],"picked":"Backflip","floor":13},{"not_picked":["Dash","Sucker Punch"],"picked":"Footwork","floor":14},{"not_picked":["Glass Knife","Doppelganger"],"picked":"Bullet Time","floor":16},{"not_picked":["Dagger Spray","Riddle With Holes","Eviscerate"],"picked":"SKIP","floor":18},{"not_picked":["Malaise","Burst"],"picked":"Infinite Blades+1","floor":23},{"not_picked":["Sucker Punch","Backflip"],"picked":"Flying Knee","floor":25},{"not_picked":["Dodge and Roll+1","Outmaneuver+1"],"picked":"Cloak And Dagger","floor":28},{"not_picked":["Leg Sweep","PiercingWail+1","Acrobatics+1"],"picked":"SKIP","floor":29},{"not_picked":["Deflect","Tools of the Trade"],"picked":"A Thousand Cuts","floor":31},{"not_picked":["Storm of Steel","Bullet Time"],"picked":"Phantasmal Killer","floor":33},{"not_picked":["Concentrate","All Out Attack+1"],"picked":"Blade Dance+1","floor":35},{"not_picked":["Sucker Punch","Dagger Spray","Flying Knee"],"picked":"SKIP","floor":37},{"not_picked":["Sucker Punch+1","Dagger Spray+1","Glass Knife"],"picked":"SKIP","floor":38},{"not_picked":["Endless Agony","Flechettes+1","Underhanded Strike+1"],"picked":"SKIP","floor":39},{"not_picked":["Blade Dance+1","Footwork"],"picked":"Envenom","floor":40},{"not_picked":["Outmaneuver+1","Quick Slash"],"picked":"Cloak And Dagger+1","floor":42},{"not_picked":["Dagger Throw","Acrobatics","Dagger Spray+1"],"picked":"SKIP","floor":46},{"not_picked":["Dagger Throw","Backflip+1"],"picked":"Choke+1","floor":48}],"player_experience":65005,"relics_obtained":[{"floor":6,"key":"Potion Belt"},{"floor":9,"key":"War Paint"},{"floor":11,"key":"Ancient Tea Set"},{"floor":13,"key":"Pen Nib"},{"floor":21,"key":"Oddly Smooth Stone"},{"floor":22,"key":"Paper Crane"},{"floor":23,"key":"Vajra"},{"floor":26,"key":"Juzu Bracelet"},{"floor":28,"key":"Tingsha"},{"floor":28,"key":"Matryoshka"},{"floor":31,"key":"Dodecahedron"},{"floor":40,"key":"Pantograph"},{"floor":43,"key":"The Courier"},{"floor":43,"key":"Shuriken"}],"event_choices":[{"damage_healed":0,"gold_gain":0,"cards_transformed":["Strike_G"],"player_choice":"Transformed","damage_taken":0,"max_hp_gain":0,"max_hp_loss":0,"event_name":"Transmorgrifier","floor":2,"gold_loss":0,"cards_obtained":["Prepared"]},{"damage_healed":0,"gold_gain":0,"player_choice":"Success","damage_taken":7,"relics_obtained":["Orichalcum"],"max_hp_gain":0,"max_hp_loss":0,"event_name":"Scrap Ooze","floor":5,"gold_loss":0},{"damage_healed":0,"gold_gain":75,"player_choice":"Gather Gold","damage_taken":11,"max_hp_gain":0,"max_hp_loss":0,"event_name":"World of Goop","floor":10,"gold_loss":0},{"damage_healed":0,"gold_gain":0,"player_choice":"Full Heal","damage_taken":0,"max_hp_gain":0,"max_hp_loss":0,"event_name":"Wheel of Change","floor":19,"gold_loss":0},{"damage_healed":0,"gold_gain":0,"player_choice":"Fight","damage_taken":0,"max_hp_gain":0,"max_hp_loss":0,"event_name":"Colosseum","floor":28,"gold_loss":0},{"damage_healed":0,"gold_gain":0,"player_choice":"Fought Nobs","damage_taken":0,"max_hp_gain":0,"max_hp_loss":0,"event_name":"Colosseum","floor":28,"gold_loss":0},{"damage_healed":0,"gold_gain":0,"player_choice":"Ignored","damage_taken":0,"max_hp_gain":0,"max_hp_loss":0,"event_name":"Tomb of Lord Red Mask","floor":45,"gold_loss":0}],"is_beta":false,"boss_relics":[{"not_picked":["Sozu","Lizard Tail"],"picked":"Philosopher\u0027s Stone"},{"not_picked":["Pandora\u0027s Box","Orrery"],"picked":"Ring of the Serpent"}],"items_purged_floors":[12,20,36,47],"is_endless":false,"potions_floor_spawned":[6,13,16,18,28,29,35,39,42],"ascension_level":0}