{"path_per_floor":["M","M","?","?","M","R","M","R","T","E","?","M","M","?","R","B",null,"M","?","?","M","$","R","M","?","T","M","R","M","R","$","R","B",null,"M","M","M","?","?","R"],"character_chosen":"THE_SILENT","items_purchased":["Slice","Panache","Backflip"],"gold_per_floor":[114,124,124,124,144,144,162,162,162,190,190,202,215,215,215,312,312,332,332,332,304,206,206,225,225,225,237,237,257,257,34,34,131,131,149,168,187,187,187,187,187],"floor_reached":41,"campfire_rested":3,"playtime":5984,"current_hp_per_floor":[67,65,65,58,58,58,54,54,54,40,40,36,35,41,41,5,94,69,69,75,57,57,100,65,71,71,81,81,41,87,87,87,67,106,77,62,53,53,53,99,0],"items_purged":["Pain"],"gold":187,"score":627,"play_id":"a1d5a309-ed44-4a89-902e-b04460619c34","local_time":"20180325152553","is_prod":false,"is_daily":false,"is_ascension_mode":true,"campfire_upgraded":5,"timestamp":1521984353,"path_taken":["M","M","?","?","M","R","M","R","T","E","?","?","M","?","R","BOSS","M","?","?","M","$","R","M","?","T","M","R","M","R","$","R","BOSS","M","?","M","?","?","R","E"],"build_version":"2018-03-22v2","purchased_purges":1,"victory":false,"master_deck":["Defend_G","Defend_G","Defend_G","Defend_G+1","Strike_G","Strike_G","Strike_G","Strike_G","Survivor","Neutralize+1","Flying Knee","Leg Sweep+1","Infinite Blades+1","PiercingWail","Quick Slash","Noxious Fumes+1","Prepared","Malaise+1","Normality","After Image","Clumsy","Regret","Flying Knee","Writhe","Backflip+1","Slice","All Out Attack","Decay","Noxious Fumes+1","Poisoned Stab+1","Slice+1","Panache+1","Backflip","Envenom","Cloak And Dagger","Backstab","PiercingWail","Blur+1","Flying Knee+1","Outmaneuver+1","Leg Sweep+1"],"max_hp_per_floor":[70,70,70,70,70,70,70,70,70,70,70,70,70,76,76,76,94,94,94,100,100,100,100,100,106,106,106,106,106,106,106,106,106,106,106,106,106,106,106,106,106],"relics":["Ring of the Snake","Regal Pillow","Anchor","Pen Nib","Darkstone Periapt","Calling Bell","Oddly Smooth Stone","Orichalcum","Dream Catcher","War Paint","Blue Candle","Orrery"],"card_choices":[{"not_picked":["Dash","Acrobatics"],"picked":"Flying Knee","floor":1.0},{"not_picked":["Crippling Poison","A Thousand Cuts"],"picked":"Leg Sweep","floor":2.0},{"not_picked":["Cloak And Dagger","Acrobatics"],"picked":"Infinite Blades","floor":5.0},{"not_picked":["Sucker Punch","Poisoned Stab"],"picked":"PiercingWail","floor":7.0},{"not_picked":["Night Terror","Caltrops"],"picked":"Quick Slash","floor":10.0},{"not_picked":["Acrobatics","Dodge and Roll"],"picked":"Prepared","floor":12.0},{"not_picked":["PiercingWail","Crippling Poison"],"picked":"Malaise","floor":13.0},{"not_picked":["Unload","Wraith Form"],"picked":"After Image","floor":16.0},{"not_picked":["Eviscerate","Slice"],"picked":"Flying Knee","floor":18.0},{"not_picked":["Sucker Punch","Prepared"],"picked":"Backflip","floor":21.0},{"not_picked":["Backflip","Dodge and Roll"],"picked":"All Out Attack","floor":24.0},{"not_picked":["Slice","Catalyst"],"picked":"Noxious Fumes","floor":27.0},{"not_picked":["Underhanded Strike","Noxious Fumes"],"picked":"Poisoned Stab","floor":29.0},{"not_picked":["Dagger Throw","Infinite Blades"],"picked":"Slice","floor":30.0},{"not_picked":["Wraith Form","A Thousand Cuts"],"picked":"Envenom","floor":33.0},{"not_picked":["Backflip","Flying Knee"],"picked":"Cloak And Dagger","floor":34.0},{"not_picked":["Dagger Spray","Acrobatics"],"picked":"Backstab","floor":34.0},{"not_picked":["Backflip","Masterful Stab"],"picked":"PiercingWail","floor":34.0},{"not_picked":["Finisher","Outmaneuver"],"picked":"Blur","floor":34.0},{"not_picked":["Tactician","Deflect"],"picked":"Flying Knee","floor":34.0},{"not_picked":["Underhanded Strike","Dagger Throw"],"picked":"Outmaneuver","floor":37.0},{"not_picked":["Underhanded Strike","Heel Hook"],"picked":"Leg Sweep","floor":40.0}],"player_experience":329478,"potions_floor_usage":[],"damage_taken":[{"damage":3.0,"enemies":"2 Louse","floor":1.0,"turns":3.0},{"damage":2.0,"enemies":"Jaw Worm","floor":2.0,"turns":4.0},{"damage":0.0,"enemies":"Small Slimes","floor":5.0,"turns":3.0},{"damage":4.0,"enemies":"2 Fungi Beasts","floor":7.0,"turns":5.0},{"damage":14.0,"enemies":"Lagavulin","floor":10.0,"turns":7.0},{"damage":4.0,"enemies":"Large Slime","floor":12.0,"turns":5.0},{"damage":1.0,"enemies":"Looter","floor":13.0,"turns":3.0},{"damage":36.0,"enemies":"Slime Boss","floor":16.0,"turns":13.0},{"damage":25.0,"enemies":"3 Byrds","floor":18.0,"turns":7.0},{"damage":18.0,"enemies":"2 Thieves","floor":21.0,"turns":5.0},{"damage":35.0,"enemies":"Snecko","floor":24.0,"turns":8.0},{"damage":5.0,"enemies":"Snake Plant","floor":27.0,"turns":9.0},{"damage":40.0,"enemies":"Slaver and Parasite","floor":29.0,"turns":6.0},{"damage":20.0,"enemies":"Champ","floor":33.0,"turns":11.0},{"damage":44.0,"enemies":"3 Darklings","floor":35.0,"turns":7.0},{"damage":15.0,"enemies":"Orb Walker","floor":36.0,"turns":3.0},{"damage":9.0,"enemies":"4 Shapes","floor":37.0,"turns":6.0},{"damage":125,"enemies":"Giant Head","floor":41,"turns":10}],"event_choices":[{"event_name":"Big Fish","player_choice":"Box","floor":3.0,"damage_taken":0.0},{"event_name":"Golden Wing","player_choice":"Card Removal","floor":4.0,"damage_taken":0.0},{"event_name":"Living Wall","player_choice":"Change","floor":11.0,"damage_taken":0.0},{"event_name":"Accursed Blacksmith","player_choice":"Rummage","floor":14.0,"damage_taken":0.0},{"event_name":"Vampires","player_choice":"Ignored","floor":19.0,"damage_taken":0.0},{"event_name":"The Mausoleum","player_choice":"Yes","floor":20.0,"damage_taken":0.0},{"event_name":"Forgotten Altar","player_choice":"Smashed Altar","floor":25.0,"damage_taken":0.0},{"event_name":"Mysterious Sphere","player_choice":"Ignore","floor":39.0,"damage_taken":0.0}],"boss_relics":[],"potions_floor_spawned":[1,10,13,16,21,24,33,35],"seed_played":"-4930405718618466455","killed_by":"Giant Head","ascension_level":3,"is_trial":false}