{"gold_per_floor":[112,127,143,143,162,162,176,26,50,50,83,98,248,0,0,96,96,115,14,37,37,37,37,56,56,56,56,56,100,114,138,138,138],"floor_reached":33,"playtime":1008,"items_purged":["Strike_R","Doubt"],"score":436,"play_id":"6320e206-16a4-4908-8f80-2cf81f4922e8","local_time":"20180810143142","is_ascension_mode":true,"campfire_choices":[{"data":"Disarm","floor":6,"key":"SMITH"},{"data":"Bash","floor":10,"key":"SMITH"},{"data":"True Grit","floor":15,"key":"SMITH"},{"data":"True Grit","floor":23,"key":"SMITH"},{"data":"True Grit","floor":25,"key":"SMITH"},{"data":"Disarm","floor":27,"key":"SMITH"},{"data":"Armaments","floor":32,"key":"SMITH"}],"neow_cost":"TEN_PERCENT_HP_LOSS","seed_source_timestamp":435451144664,"circlet_count":0,"master_deck":["Strike_R","Strike_R","Strike_R","Defend_R","Defend_R","Defend_R","Bash+1","AscendersBane","Cleave","Sword Boomerang","Anger","Clothesline","Disarm+1","Iron Wave","Dual Wield","True Grit+1","Iron Wave","True Grit+1","Power Through","Perfected Strike","Jack Of All Trades","Offering","Disarm+1","Evolve","True Grit+1","Power Through","Armaments+1","Fiend Fire","Shrug It Off"],"relics":["Burning Blood","Golden Idol","Blood Vial","Bag of Marbles","Mark of Pain","Strawberry"],"potions_floor_usage":[16,16,24,33,33],"damage_taken":[{"damage":1,"enemies":"Cultist","floor":1,"turns":3},{"damage":0,"enemies":"2 Louse","floor":2,"turns":3},{"damage":0,"enemies":"Small Slimes","floor":3,"turns":3},{"damage":11,"enemies":"2 Fungi Beasts","floor":5,"turns":3},{"damage":4,"enemies":"3 Louse","floor":7,"turns":2},{"damage":31,"enemies":"Gremlin Nob","floor":11,"turns":5},{"damage":4,"enemies":"Large Slime","floor":12,"turns":5},{"damage":28,"enemies":"Slime Boss","floor":16,"turns":7},{"damage":7,"enemies":"Chosen","floor":18,"turns":4},{"damage":9,"enemies":"Shell Parasite","floor":20,"turns":7},{"damage":16,"enemies":"Cultist and Chosen","floor":24,"turns":5},{"damage":11,"enemies":"Centurion and Healer","floor":29,"turns":9},{"damage":0,"enemies":"Snake Plant","floor":30,"turns":5},{"damage":5,"enemies":"Snecko","floor":31,"turns":7},{"damage":64,"enemies":"Collector","floor":33,"turns":9}],"seed_played":"5102824567200171011","potions_obtained":[{"floor":2,"key":"AttackPotion"},{"floor":5,"key":"PowerPotion"},{"floor":18,"key":"AttackPotion"},{"floor":20,"key":"SpeedPotion"},{"floor":30,"key":"AttackPotion"}],"is_trial":false,"path_per_floor":["M","M","M","?","M","R","M","$","T","R","E","M","?","$","R","B",null,"M","$","M","?","$","R","M","R","T","R","?","M","M","M","R"],"character_chosen":"IRONCLAD","items_purchased":["True Grit","Iron Wave","Perfected Strike","Jack Of All Trades","Evolve","True Grit"],"campfire_rested":0,"item_purchase_floors":[8,8,14,14,19,19],"current_hp_per_floor":[68,68,68,62,57,57,59,59,59,59,36,40,40,40,40,20,52,53,53,56,56,56,56,48,48,55,55,55,52,60,63,63,1],"gold":138,"neow_bonus":"TRANSFORM_TWO_CARDS","is_prod":false,"is_daily":false,"chose_seed":false,"campfire_upgraded":7,"win_rate":0,"timestamp":1533936702,"path_taken":["M","M","M","?","M","R","M","$","T","R","E","M","?","$","R","BOSS","M","$","M","?","$","R","M","R","T","R","?","M","M","M","R","BOSS"],"build_version":"2018-08-08","purchased_purges":2,"victory":false,"max_hp_per_floor":[68,68,68,62,62,62,62,62,62,62,62,62,62,62,62,62,62,62,62,62,62,62,62,62,62,69,69,69,69,69,69,69,69],"card_choices":[{"not_picked":["Havoc","Body Slam"],"picked":"Anger","floor":1},{"not_picked":["Bludgeon","Corruption"],"picked":"Clothesline","floor":2},{"not_picked":["Sword Boomerang","Wild Strike"],"picked":"Disarm","floor":3},{"not_picked":["Rampage","Headbutt"],"picked":"Iron Wave","floor":5},{"not_picked":["Fiend Fire","Cleave"],"picked":"Dual Wield","floor":7},{"not_picked":["Second Wind","Carnage"],"picked":"True Grit","floor":11},{"not_picked":["Intimidate","Thunderclap"],"picked":"Power Through","floor":12},{"not_picked":["Double Tap","Barricade"],"picked":"Offering","floor":16},{"not_picked":["Burning Pact","True Grit"],"picked":"Disarm","floor":18},{"not_picked":["Warcry","Twin Strike"],"picked":"Armaments","floor":29},{"not_picked":["Body Slam","Sentinel"],"picked":"Fiend Fire","floor":30},{"not_picked":["Sword Boomerang","True Grit"],"picked":"Shrug It Off","floor":31}],"player_experience":785263,"relics_obtained":[{"floor":9,"key":"Blood Vial"},{"floor":11,"key":"Bag of Marbles"},{"floor":26,"key":"Strawberry"}],"event_choices":[{"event_name":"Golden Idol","player_choice":"Lose Max HP","floor":4,"damage_taken":0},{"event_name":"Liars Game","player_choice":"agreed","floor":13,"damage_taken":0},{"event_name":"Drug Dealer","player_choice":"Ignored","floor":21,"damage_taken":0},{"event_name":"The Library","player_choice":"Read","floor":28,"damage_taken":0}],"is_beta":true,"boss_relics":[{"not_picked":["Astrolabe","Black Blood"],"picked":"Mark of Pain"}],"items_purged_floors":[8,14],"is_endless":false,"potions_floor_spawned":[2,5,7,12,18,20,30,31],"killed_by":"Collector","ascension_level":15}