{"path_per_floor":["M","?","?","$","M","E","R","M","T","M","?","M","M","M","R","B",null,"M","?","?","M","?","E","M"],"character_chosen":"THE_SILENT","items_purchased":["Bane"],"gold_per_floor":[112,112,112,11,31,57,57,72,72,86,86,97,111,123,123,218,218,229,144,144,159,159,184,199],"floor_reached":25,"campfire_rested":0,"playtime":2580,"current_hp_per_floor":[63,49,49,49,49,53,53,48,48,48,54,54,53,35,35,18,90,79,79,61,61,61,32,31],"items_purged":["Regret"],"gold":199,"score":275,"play_id":"eca6a6ea-b8b0-4ab5-baaa-d048e08d3748","local_time":"20180318212852","is_prod":false,"is_daily":false,"is_ascension_mode":false,"campfire_upgraded":2,"timestamp":1521404932,"path_taken":["M","?","?","$","M","E","R","M","T","M","?","M","M","?","R","BOSS","M","?","?","M","?","E","M","E"],"build_version":"2018-03-15v3","purchased_purges":1,"victory":false,"master_deck":["Defend_G","Defend_G","Defend_G","Defend_G","Defend_G","Strike_G","Strike_G+1","Strike_G","Strike_G","Strike_G+1","Survivor+1","Neutralize+1","Deadly Poison+1","Bane","Bane","Bane","Flying Knee","Backflip","Normality","Bouncing Flask+1","Poisoned Stab","A Thousand Cuts","Adrenaline","Prepared+1","Backflip+1","Adrenaline","All Out Attack"],"max_hp_per_floor":[70,70,70,70,70,84,84,84,84,84,90,90,90,90,90,90,90,90,90,95,95,95,105,105],"relics":["Ring of the Snake","Paper Crane","Mango","Gambling Chip","Darkstone Periapt","Black Star","War Paint","Pear","Ornamental Fan"],"card_choices":[{"not_picked":["Cloak And Dagger","Bane"],"picked":"Deadly Poison"},{"not_picked":["Blur","Poisoned Stab"],"picked":"Bane"},{"not_picked":["Masterful Stab","Endless Agony"],"picked":"Bane"},{"not_picked":["PiercingWail","Quick Slash"],"picked":"Flying Knee"},{"not_picked":["Endless Agony","Dagger Throw"],"picked":"Backflip"},{"not_picked":["Deflect","Backstab"],"picked":"Bouncing Flask"},{"not_picked":["Underhanded Strike","Well Laid Plans"],"picked":"Poisoned Stab"},{"not_picked":["Caltrops","Choke"],"picked":"A Thousand Cuts"},{"not_picked":["Die Die Die","Glass Knife"],"picked":"Adrenaline"},{"not_picked":["Setup","Dagger Throw"],"picked":"Prepared"},{"not_picked":["Expertise","Slice"],"picked":"Backflip"},{"not_picked":["Well Laid Plans","Slice"],"picked":"Adrenaline"},{"not_picked":["Dash","Accuracy"],"picked":"All Out Attack"}],"player_experience":171958,"potions_floor_usage":[16,23,23,23,25],"damage_taken":[{"damage":7,"enemies":"2 Louse","floor":1,"turns":4},{"damage":0,"enemies":"Jaw Worm","floor":5,"turns":3},{"damage":10,"enemies":"Gremlin Nob","floor":6,"turns":4},{"damage":5,"enemies":"Small Slimes","floor":8,"turns":4},{"damage":0,"enemies":"Looter","floor":10,"turns":2},{"damage":0,"enemies":"Red Slaver","floor":12,"turns":2},{"damage":1,"enemies":"Exordium Thugs","floor":13,"turns":4},{"damage":18,"enemies":"Gremlin Gang","floor":14,"turns":5},{"damage":32,"enemies":"The Guardian","floor":16,"turns":8},{"damage":11,"enemies":"Spheric Guardian","floor":18,"turns":4},{"damage":0,"enemies":"Chosen","floor":21,"turns":3},{"damage":39,"enemies":"Slavers","floor":23,"turns":7},{"damage":1,"enemies":"Snake Plant","floor":24,"turns":4},{"damage":32,"enemies":"Gremlin Leader","floor":25,"turns":8}],"event_choices":[{"event_name":"Shining Light","player_choice":"Entered Light","floor":2,"damage_taken":0},{"event_name":"Big Fish","player_choice":"Box","floor":3,"damage_taken":0},{"event_name":"Accursed Blacksmith","player_choice":"Rummage","floor":11,"damage_taken":0},{"event_name":"Addict","player_choice":"Obtained Relic","floor":19,"damage_taken":0},{"event_name":"Forgotten Altar","player_choice":"Shed Blood","floor":20,"damage_taken":0},{"event_name":"Vampires","player_choice":"Ignored","floor":22,"damage_taken":0}],"boss_relics":[{"not_picked":["Philosopher\u0027s Stone","Eternal Feather"],"picked":"Black Star"}],"potions_floor_spawned":[1,10,13,16,21,23],"seed_played":"8845819639327180315","killed_by":"Gremlin Leader","ascension_level":0,"is_trial":false}