{"gold_per_floor":[111,111,127,4,104,104,117,117,140,157,167,13,31,31,31,129,129,148,247,274,285,38,57,57,72,72,72,92,92,92,104,104,104],"floor_reached":33,"playtime":7316,"items_purged":["Strike_G","Strike_G"],"score":266,"play_id":"988f2a7f-129b-4bfc-9ca8-411e774a65a2","local_time":"20181205202142","is_ascension_mode":false,"campfire_choices":[{"data":"Blade Dance","floor":6,"key":"SMITH"},{"data":"Terror","floor":8,"key":"SMITH"},{"data":"Blade Dance","floor":15,"key":"SMITH"},{"floor":24,"key":"REST"},{"floor":27,"key":"REST"},{"floor":29,"key":"REST"},{"floor":32,"key":"REST"}],"neow_cost":"NONE","seed_source_timestamp":788551034778836,"circlet_count":0,"master_deck":["Defend_G","Defend_G+1","Defend_G+1","Defend_G","Defend_G","Strike_G","Strike_G","Strike_G","Survivor","Neutralize","Blade Dance+1","Blade Dance+1","Quick Slash","Terror+1","Blade Dance","Underhanded Strike","Cloak And Dagger","A Thousand Cuts","Cloak And Dagger","Dagger Spray","Caltrops","Dagger Spray","Dagger Throw+1","Blade Dance","Infinite Blades","Backflip","Acrobatics","PiercingWail+1"],"relics":["Ring of the Snake","NeowsBlessing","Lantern","Blood Vial","NlothsMask","Orrery","Red Mask"],"potions_floor_usage":[11,11,20,20,23,25,30],"damage_taken":[{"damage":0,"enemies":"Jaw Worm","floor":1,"turns":1},{"damage":0,"enemies":"2 Louse","floor":3,"turns":1},{"damage":0,"enemies":"Cultist","floor":7,"turns":1},{"damage":3,"enemies":"Gremlin Gang","floor":10,"turns":6},{"damage":0,"enemies":"3 Louse","floor":11,"turns":2},{"damage":0,"enemies":"Red Slaver","floor":13,"turns":2},{"damage":54,"enemies":"Hexaghost","floor":16,"turns":11},{"damage":3,"enemies":"3 Byrds","floor":18,"turns":4},{"damage":21,"enemies":"Masked Bandits","floor":20,"turns":4},{"damage":8,"enemies":"Shell Parasite","floor":21,"turns":3},{"damage":4,"enemies":"Chosen and Byrds","floor":23,"turns":4},{"damage":16,"enemies":"Snake Plant","floor":25,"turns":6},{"damage":22,"enemies":"3 Cultists","floor":28,"turns":4},{"damage":0,"enemies":"Cultist and Chosen","floor":30,"turns":6},{"damage":32,"enemies":"Shelled Parasite and Fungi","floor":31,"turns":4},{"damage":48,"enemies":"Collector","floor":33,"turns":5}],"seed_played":"-3793109209818644537","potions_obtained":[{"floor":3,"key":"Block Potion"},{"floor":10,"key":"LiquidBronze"},{"floor":16,"key":"Dexterity Potion"},{"floor":18,"key":"Energy Potion"},{"floor":21,"key":"GhostInAJar"},{"floor":25,"key":"SmokeBomb"}],"is_trial":false,"path_per_floor":["M","?","M","$","?","R","M","R","T","M","M","$","M","?","R","B",null,"M","?","?","M","$","M","R","M","T","R","M","R","M","M","R","B"],"character_chosen":"THE_SILENT","items_purchased":["Quick Slash","Blood Vial","Infinite Blades","GhostInAJar"],"campfire_rested":4,"item_purchase_floors":[4,12,22,22],"current_hp_per_floor":[70,56,56,56,56,56,56,56,56,53,53,53,55,55,55,3,70,67,67,48,42,42,40,61,47,47,68,48,69,70,38,59,13],"gold":104,"neow_bonus":"THREE_ENEMY_KILL","is_prod":false,"is_daily":false,"chose_seed":false,"campfire_upgraded":3,"win_rate":0.0,"timestamp":1543994502,"path_taken":["M","?","M","$","?","R","M","R","T","?","M","$","?","?","R","BOSS","M","?","?","M","$","M","R","?","T","R","?","R","M","M","R","BOSS"],"build_version":"2018-11-15","purchased_purges":2,"victory":false,"max_hp_per_floor":[70,70,70,70,70,70,70,70,70,70,70,70,70,70,70,70,70,70,70,70,70,70,70,70,70,70,70,70,70,70,70,70,70],"card_choices":[{"not_picked":["Deflect","Eviscerate"],"picked":"Blade Dance","floor":1},{"not_picked":["Calculated Gamble","Backflip"],"picked":"Blade Dance","floor":3},{"not_picked":["PiercingWail","Noxious Fumes"],"picked":"Terror","floor":7},{"not_picked":["Skewer","Catalyst"],"picked":"Blade Dance","floor":10},{"not_picked":["Backstab","Well Laid Plans"],"picked":"Underhanded Strike","floor":11},{"not_picked":["Sucker Punch","Dash"],"picked":"Cloak And Dagger","floor":13},{"not_picked":["Glass Knife","Grand Finale"],"picked":"A Thousand Cuts","floor":16},{"not_picked":["Distraction","Bane"],"picked":"Cloak And Dagger","floor":17},{"not_picked":["Underhanded Strike","Slice"],"picked":"Dagger Spray","floor":17},{"not_picked":["All Out Attack","Crippling Poison"],"picked":"Caltrops","floor":17},{"not_picked":["Masterful Stab","Footwork"],"picked":"Dagger Spray","floor":17},{"not_picked":["Footwork","Deadly Poison"],"picked":"Dagger Throw+1","floor":18},{"not_picked":["Crippling Poison","PiercingWail"],"picked":"Blade Dance","floor":21},{"not_picked":["Noxious Fumes","Dash+1"],"picked":"Backflip","floor":23},{"not_picked":["Heel Hook","Concentrate"],"picked":"Acrobatics","floor":25},{"not_picked":["Expertise+1","Deflect"],"picked":"PiercingWail+1","floor":28},{"not_picked":["Heel Hook","Noxious Fumes","Dagger Throw"],"picked":"SKIP","floor":31}],"player_experience":365332,"relics_obtained":[{"floor":9,"key":"Lantern"},{"floor":20,"key":"Red Mask"}],"event_choices":[{"damage_healed":0,"gold_gain":0,"player_choice":"Entered Light","damage_taken":14,"max_hp_gain":0,"max_hp_loss":0,"event_name":"Shining Light","floor":2,"gold_loss":0,"cards_upgraded":["Defend_G","Defend_G"]},{"damage_healed":0,"gold_gain":100,"player_choice":"Pray","damage_taken":0,"max_hp_gain":0,"max_hp_loss":0,"event_name":"Golden Shrine","floor":5,"gold_loss":0},{"damage_healed":0,"gold_gain":0,"player_choice":"Trade","damage_taken":0,"relics_obtained":["NlothsMask"],"max_hp_gain":0,"max_hp_loss":0,"event_name":"FaceTrader","floor":14,"gold_loss":0},{"damage_healed":0,"gold_gain":99,"player_choice":"Stole From Cult","damage_taken":0,"max_hp_gain":0,"max_hp_loss":0,"event_name":"Nest","floor":19,"gold_loss":0},{"damage_healed":0,"gold_gain":0,"player_choice":"Fought Bandits","damage_taken":0,"max_hp_gain":0,"max_hp_loss":0,"event_name":"Masked Bandits","floor":20,"gold_loss":0}],"is_beta":false,"boss_relics":[{"not_picked":["Pandora\u0027s Box","Cursed Key"],"picked":"Orrery"}],"items_purged_floors":[4,22],"is_endless":false,"potions_floor_spawned":[3,10,16,18,21,25,30],"killed_by":"Collector","ascension_level":0}