{"gold_per_floor":[118,118,118,143,166,197,197,211,211,211,211,63,81,105,105,224,224,249,249,74,95,20,20,39,64,64,64,82,82,105,105,105,105],"floor_reached":33,"playtime":1798,"items_purged":["Defend_B","Defend_B"],"score":251,"play_id":"cae93c0f-eb3f-41c2-9a30-105c71716aed","local_time":"20181018222455","is_ascension_mode":false,"campfire_choices":[{"data":"Zap","floor":7,"key":"SMITH"},{"data":"Creative AI","floor":10,"key":"SMITH"},{"data":"Go for the Eyes","floor":15,"key":"SMITH"},{"data":"Genetic Algorithm","floor":23,"key":"SMITH"},{"floor":29,"key":"REST"},{"floor":32,"key":"REST"}],"neow_cost":"","seed_source_timestamp":621047753304683,"circlet_count":0,"master_deck":["Zap+1","Dualcast","Glacier","Regret","Heatsinks","Ball Lightning+1","Creative AI+1","Self Repair","Go for the Eyes+1","Consume","Biased Cognition","Conserve Battery+1","Darkness+1","Beam Cell+1","Genetic Algorithm+1","Static Discharge","Coolheaded+1","Tempest+1","Go for the Eyes+1","Darkness","Chill","Redo","Amplify"],"relics":["Cracked Core","Blood Vial","Golden Idol","Meat on the Bone","Cables","Astrolabe","Whetstone"],"potions_floor_usage":[6,16,16,16,31],"damage_taken":[{"damage":0,"enemies":"Small Slimes","floor":1,"turns":2},{"damage":3,"enemies":"2 Louse","floor":4,"turns":3},{"damage":6,"enemies":"Jaw Worm","floor":5,"turns":5},{"damage":24,"enemies":"3 Sentries","floor":6,"turns":8},{"damage":10,"enemies":"Large Slime","floor":8,"turns":6},{"damage":15,"enemies":"Blue Slaver","floor":13,"turns":3},{"damage":10,"enemies":"2 Fungi Beasts","floor":14,"turns":3},{"damage":42,"enemies":"Hexaghost","floor":16,"turns":10},{"damage":8,"enemies":"Spheric Guardian","floor":18,"turns":4},{"damage":8,"enemies":"3 Byrds","floor":21,"turns":2},{"damage":41,"enemies":"Sentry and Sphere","floor":24,"turns":6},{"damage":19,"enemies":"Snake Plant","floor":25,"turns":4},{"damage":24,"enemies":"Centurion and Healer","floor":28,"turns":5},{"damage":27,"enemies":"Snecko","floor":30,"turns":4},{"damage":0,"enemies":"Shelled Parasite and Fungi","floor":31,"turns":1},{"damage":67,"enemies":"Champ","floor":33,"turns":11}],"seed_played":"8342905055255816392","potions_obtained":[{"floor":1,"key":"LiquidBronze"},{"floor":4,"key":"GamblersBrew"},{"floor":6,"key":"GamblersBrew"},{"floor":14,"key":"AttackPotion"},{"floor":21,"key":"Strength Potion"},{"floor":28,"key":"SmokeBomb"}],"is_trial":false,"path_per_floor":["M","?","?","M","M","E","R","M","T","R","?","$","M","M","R","B",null,"M","?","$","M","?","R","M","M","T","?","M","R","M","M","R"],"character_chosen":"DEFECT","items_purchased":["Self Repair","Static Discharge"],"campfire_rested":2,"item_purchase_floors":[12,20],"current_hp_per_floor":[75,75,69,66,62,40,40,44,44,44,37,37,43,42,42,21,69,68,68,68,68,68,68,40,42,42,42,39,59,46,48,68,2],"gold":105,"neow_bonus":"","is_prod":false,"is_daily":false,"chose_seed":false,"campfire_upgraded":4,"win_rate":0.0,"timestamp":1539854695,"path_taken":["M","?","?","M","M","E","R","M","T","R","?","?","M","M","R","BOSS","M","?","$","M","?","R","M","M","T","?","M","R","M","M","R","BOSS"],"build_version":"2018-10-11","purchased_purges":2,"victory":false,"max_hp_per_floor":[75,75,69,69,69,69,69,69,69,69,69,69,69,69,69,69,69,69,69,69,69,69,69,69,69,69,69,69,69,69,69,69,69],"card_choices":[{"not_picked":["Rip and Tear","Steam"],"picked":"Glacier","floor":1},{"not_picked":["Barrage","Compile Driver"],"picked":"Heatsinks","floor":4},{"not_picked":["Stack","Compile Driver"],"picked":"Ball Lightning","floor":5},{"not_picked":["Reprogram","Leap","Steam Power"],"picked":"SKIP","floor":6},{"not_picked":["Go for the Eyes","Fusion"],"picked":"Creative AI","floor":8},{"not_picked":["Hologram","Compile Driver"],"picked":"Go for the Eyes","floor":13},{"not_picked":["Streamline","Go for the Eyes"],"picked":"Consume","floor":14},{"not_picked":["Meteor Strike","Amplify"],"picked":"Biased Cognition","floor":16},{"not_picked":["Conserve Battery","Double Energy"],"picked":"Beam Cell+1","floor":18},{"not_picked":["Aggregate","Cold Snap+1"],"picked":"Coolheaded+1","floor":21},{"not_picked":["Turbo","Redo+1"],"picked":"Tempest+1","floor":24},{"not_picked":["Auto Shields+1","Beam Cell+1"],"picked":"Go for the Eyes+1","floor":25},{"not_picked":["Leap","Hologram"],"picked":"Redo","floor":28},{"not_picked":["Turbo+1","Consume"],"picked":"Amplify","floor":30}],"player_experience":106593,"relics_obtained":[{"floor":6,"key":"Meat on the Bone"},{"floor":9,"key":"Cables"},{"floor":26,"key":"Whetstone"}],"event_choices":[{"event_name":"Big Fish","player_choice":"Box","floor":2,"damage_taken":0},{"event_name":"Golden Idol","player_choice":"Lose Max HP","floor":3,"damage_taken":0},{"event_name":"Golden Wing","player_choice":"Card Removal","floor":11,"damage_taken":0},{"event_name":"The Library","player_choice":"Read","floor":19,"damage_taken":0},{"event_name":"Beggar","player_choice":"Gave Gold","floor":22,"damage_taken":0},{"event_name":"Drug Dealer","player_choice":"Became Test Subject","floor":27,"damage_taken":0}],"is_beta":false,"boss_relics":[{"not_picked":["Cursed Key","Black Star"],"picked":"Astrolabe"}],"items_purged_floors":[12,20],"is_endless":false,"potions_floor_spawned":[1,4,6,14,21,28,31],"killed_by":"Champ","ascension_level":0}