{"gold_per_floor":[118,118,134,152,152,152,172,190,242,192,192,192,203,220,220,324,324,343,343,343,356,0],"floor_reached":22,"playtime":3416,"items_purged":[],"score":178,"play_id":"40abebae-7824-4064-bbd5-1b180ac920f2","local_time":"20181018201001","is_ascension_mode":false,"campfire_choices":[{"data":"Rage","floor":6,"key":"SMITH"},{"data":"Bash","floor":11,"key":"SMITH"},{"data":"Flex","floor":15,"key":"SMITH"}],"neow_cost":"NONE","seed_source_timestamp":611326763304857,"circlet_count":0,"master_deck":["Strike_R","Strike_R","Strike_R","Strike_R","Strike_R","Defend_R","Defend_R","Defend_R","Bash+1","Spot Weakness+1","Flex+1","Rage+1","Regret","Iron Wave+1","Dark Embrace","Thunderclap","Cleave","Reaper","Disarm","Pommel Strike"],"relics":["Burning Blood","Paper Frog","Centennial Puzzle","Lizard Tail","MutagenicStrength"],"potions_floor_usage":[3,8,14,16,16,16,16,16,18,18,21],"damage_taken":[{"damage":1,"enemies":"Cultist","floor":1,"turns":4},{"damage":6,"enemies":"Jaw Worm","floor":3,"turns":3},{"damage":7,"enemies":"Small Slimes","floor":4,"turns":5},{"damage":7,"enemies":"2 Fungi Beasts","floor":7,"turns":4},{"damage":8,"enemies":"Lots of Slimes","floor":8,"turns":5},{"damage":3,"enemies":"Large Slime","floor":13,"turns":6},{"damage":5,"enemies":"Looter","floor":14,"turns":2},{"damage":55,"enemies":"Hexaghost","floor":16,"turns":6},{"damage":15,"enemies":"2 Thieves","floor":18,"turns":2},{"damage":47,"enemies":"Spheric Guardian","floor":21,"turns":7},{"damage":0,"enemies":"Spheric Guardian","floor":22,"turns":1}],"seed_played":"4628721326111928288","potions_obtained":[{"floor":0,"key":"SteroidPotion"},{"floor":0,"key":"Ancient Potion"},{"floor":0,"key":"SteroidPotion"},{"floor":7,"key":"AttackPotion"},{"floor":8,"key":"Poison Potion"},{"floor":14,"key":"EntropicBrew"},{"floor":16,"key":"PowerPotion"},{"floor":18,"key":"GamblersBrew"}],"is_trial":false,"path_per_floor":["M","$","M","M","?","R","M","M","T","?","R","?","M","M","R","B",null,"M","?","?","M"],"character_chosen":"IRONCLAD","items_purchased":[],"campfire_rested":0,"item_purchase_floors":[],"current_hp_per_floor":[80,80,80,79,79,79,78,76,76,76,76,60,63,64,64,23,80,71,56,56,23,23],"gold":0,"neow_bonus":"THREE_SMALL_POTIONS","is_prod":false,"is_daily":false,"chose_seed":false,"campfire_upgraded":3,"win_rate":0.0,"timestamp":1539846601,"path_taken":["M","?","M","M","?","R","M","?","T","?","R","?","M","M","R","BOSS","M","?","?","M","?"],"build_version":"2018-10-11","purchased_purges":0,"victory":false,"max_hp_per_floor":[80,80,80,80,80,80,80,80,80,80,80,80,80,80,80,80,80,80,85,85,85,85],"card_choices":[{"not_picked":["Pommel Strike","Cleave"],"picked":"Spot Weakness","floor":1},{"not_picked":["Wild Strike","Rampage"],"picked":"Flex","floor":3},{"not_picked":["Seeing Red","Heavy Blade"],"picked":"Rage","floor":4},{"not_picked":["Evolve","Wild Strike"],"picked":"Iron Wave","floor":7},{"not_picked":["Warcry","Shockwave"],"picked":"Dark Embrace","floor":8},{"not_picked":["Cleave","Clash"],"picked":"Thunderclap","floor":13},{"not_picked":["Clash","Bloodletting"],"picked":"Cleave","floor":14},{"not_picked":["Brutality","Double Tap"],"picked":"Reaper","floor":16},{"not_picked":["Entrench","Headbutt"],"picked":"Disarm","floor":18},{"not_picked":["Wild Strike","Twin Strike"],"picked":"Pommel Strike","floor":21}],"player_experience":97023,"relics_obtained":[{"floor":9,"key":"Centennial Puzzle"}],"event_choices":[{"event_name":"Big Fish","player_choice":"Box","floor":5,"damage_taken":0},{"event_name":"The Cleric","player_choice":"Card Removal","floor":10,"damage_taken":0},{"event_name":"Shining Light","player_choice":"Entered Light","floor":12,"damage_taken":0},{"event_name":"Forgotten Altar","player_choice":"Shed Blood","floor":19,"damage_taken":0},{"event_name":"Drug Dealer","player_choice":"Inject Mutagens","floor":20,"damage_taken":0},{"event_name":"Masked Bandits","player_choice":"Paid Fearfully","floor":22,"damage_taken":0}],"is_beta":false,"boss_relics":[{"not_picked":["Calling Bell","Snecko Eye"],"picked":"Lizard Tail"}],"items_purged_floors":[],"is_endless":false,"potions_floor_spawned":[7,8,14,16,18],"killed_by":"Spheric Guardian","ascension_level":0}