{"path_per_floor":["M","M","?","M","?","R","M","?","T","R","M","E","R","M","R","B",null,"M","M","?","M","?","R","E","$","T","E","$","M","R","M","R","B",null,"M","?","?","M","M","R","$","M","T","R","M","R","$","M","R","B"],"character_chosen":"THE_SILENT","items_purchased":["Pen Nib","Mango","Die Die Die","Leg Sweep"],"gold_per_floor":[115,129,204,214,214,214,224,174,201,201,212,246,246,266,266,369,369,385,400,400,420,420,420,447,0,26,51,51,63,63,82,82,187,187,202,202,202,212,229,229,66,77,146,146,160,160,16,34,34,34],"floor_reached":51,"campfire_rested":1,"playtime":2175,"current_hp_per_floor":[68,68,57,57,57,57,50,50,50,50,47,47,47,47,47,29,70,70,70,70,66,66,66,44,58,65,55,55,50,50,39,81,27,91,91,91,91,91,88,88,88,77,77,77,76,76,76,76,76,34],"items_purged":["Clumsy"],"gold":34,"score":764,"play_id":"d9915606-54ec-4321-8c9e-92b479e4e8af","local_time":"20180418225327","is_prod":false,"is_daily":false,"chose_seed":false,"is_ascension_mode":false,"campfire_upgraded":10,"timestamp":1524084807,"path_taken":["M","M","?","M","?","R","M","?","T","R","M","E","R","M","R","BOSS","M","M","?","M","?","R","E","$","T","E","$","?","R","M","R","BOSS","M","?","?","M","M","R","?","M","T","R","M","R","$","M","R","BOSS"],"build_version":"2018-04-12","seed_source_timestamp":15039677935477,"purchased_purges":2,"victory":true,"master_deck":["Defend_G+1","Defend_G+1","Defend_G+1","Defend_G+1","Defend_G+1","Survivor","Neutralize+1","Dagger Throw","Backflip","Cloak And Dagger+1","Blade Dance+1","Dash+1","Riddle With Holes+1","Noxious Fumes+1","Adrenaline","Deflect","All Out Attack+1","Footwork+1","Finisher+1","Dagger Spray+1","Parasite","Distraction","Dodge and Roll","Dodge and Roll+1","Glass Knife+1","Slice+1","Accuracy+1","Endless Agony+1","Concentrate","PiercingWail+1","Backstab","Die Die Die","Infinite Blades","Predator+1","Leg Sweep+1"],"max_hp_per_floor":[70,70,70,70,70,70,70,70,70,70,70,70,70,70,70,70,70,70,70,70,70,70,70,70,84,91,91,91,91,91,91,91,91,91,91,91,91,91,91,91,91,91,91,91,91,91,91,91,91,91],"relics":["Ring of the Snake","Lantern","Regal Pillow","Cursed Key","Art of War","Pen Nib","Mango","Strawberry","Pantograph","Astrolabe","Mercury Hourglass"],"card_choices":[{"not_picked":["Endless Agony","Quick Slash"],"picked":"Dagger Throw","floor":1},{"not_picked":["Outmaneuver","Quick Slash"],"picked":"Backflip","floor":2},{"not_picked":["Deflect","Dodge and Roll"],"picked":"Cloak And Dagger","floor":4},{"not_picked":["Deadly Poison","Underhanded Strike"],"picked":"Blade Dance","floor":7},{"not_picked":["Dodge and Roll","Sucker Punch"],"picked":"Dash","floor":11},{"not_picked":["Deflect","Prepared"],"picked":"Riddle With Holes","floor":12},{"not_picked":["Underhanded Strike","Acrobatics"],"picked":"Noxious Fumes","floor":14},{"not_picked":["Wraith Form v2","Doppelganger"],"picked":"Adrenaline","floor":16},{"not_picked":["Prepared","All Out Attack"],"picked":"Deflect","floor":18},{"not_picked":["Slice","Acrobatics"],"picked":"All Out Attack","floor":19},{"not_picked":["Dagger Throw","Cloak And Dagger"],"picked":"Finisher","floor":21},{"not_picked":["Unload","Setup"],"picked":"Dagger Spray","floor":24},{"not_picked":["Outmaneuver","Bullet Time"],"picked":"Distraction","floor":27},{"not_picked":["Cloak And Dagger","Slice"],"picked":"Dodge and Roll","floor":29},{"not_picked":["Choke","Dash"],"picked":"Dodge and Roll","floor":31},{"not_picked":["Envenom","Doppelganger"],"picked":"Glass Knife","floor":33},{"not_picked":["Blade Dance","Dash"],"picked":"PiercingWail","floor":38},{"not_picked":["Outmaneuver","Bane"],"picked":"Backstab","floor":39},{"not_picked":["Catalyst","Blur"],"picked":"Infinite Blades","floor":42},{"not_picked":["Bane","Slice"],"picked":"Predator","floor":45}],"player_experience":476774,"potions_floor_usage":[12,21,24,42,45,50,50,50],"damage_taken":[{"damage":2,"enemies":"2 Louse","floor":1,"turns":4},{"damage":0,"enemies":"Small Slimes","floor":2,"turns":3},{"damage":0,"enemies":"Jaw Worm","floor":4,"turns":3},{"damage":7,"enemies":"Red Slaver","floor":7,"turns":4},{"damage":3,"enemies":"2 Fungi Beasts","floor":11,"turns":2},{"damage":0,"enemies":"3 Sentries","floor":12,"turns":5},{"damage":0,"enemies":"3 Louse","floor":14,"turns":3},{"damage":18,"enemies":"Slime Boss","floor":16,"turns":12},{"damage":0,"enemies":"Shell Parasite","floor":18,"turns":4},{"damage":0,"enemies":"3 Byrds","floor":19,"turns":5},{"damage":4,"enemies":"Centurion and Healer","floor":21,"turns":6},{"damage":22,"enemies":"Gremlin Leader","floor":24,"turns":8},{"damage":10,"enemies":"Book of Stabbing","floor":27,"turns":6},{"damage":5,"enemies":"Snake Plant","floor":29,"turns":5},{"damage":11,"enemies":"Snecko","floor":31,"turns":6},{"damage":64,"enemies":"Champ","floor":33,"turns":13},{"damage":0,"enemies":"3 Shapes","floor":35,"turns":3},{"damage":0,"enemies":"3 Darklings","floor":38,"turns":5},{"damage":3,"enemies":"4 Shapes","floor":39,"turns":6},{"damage":11,"enemies":"Maw","floor":42,"turns":9},{"damage":1,"enemies":"Sphere and 2 Shapes","floor":45,"turns":4},{"damage":0,"enemies":"4 Shapes","floor":48,"turns":2},{"damage":72,"enemies":"Donu and Deca","floor":50,"turns":11}],"event_choices":[{"event_name":"World of Goop","player_choice":"Gather Gold","floor":3,"damage_taken":0},{"event_name":"The Lab","player_choice":"Got Potions","floor":5,"damage_taken":0},{"event_name":"The Cleric","player_choice":"Card Removal","floor":8,"damage_taken":0},{"event_name":"The Library","player_choice":"Read","floor":20,"damage_taken":0},{"event_name":"Back to Basics","player_choice":"Simplicity","floor":22,"damage_taken":0},{"event_name":"Transmorgrifier","player_choice":"Transform","floor":36,"damage_taken":0},{"event_name":"Match and Keep!","player_choice":"0 cards matched","floor":37,"damage_taken":0}],"boss_relics":[{"not_picked":["Sozu","Runic Pyramid"],"picked":"Cursed Key"},{"not_picked":["Pandora\u0027s Box","White Beast Statue"],"picked":"Astrolabe"}],"potions_floor_spawned":[2,4,12,16,19,31,33,38,42,48],"seed_played":"7218424135005765544","ascension_level":0,"is_trial":false}