{"gold_per_floor":[114,134,134,151,169,187,187,187,187,206,131,80,92,102,102,203,253,269,269,269,286,211,211,111,111],"floor_reached":25,"playtime":378,"items_purged":["Parasite","Defend_R"],"score":245,"play_id":"cdb8ace9-cd39-47ad-853e-b9b24c8f87e0","local_time":"20181229033447","is_ascension_mode":false,"campfire_choices":[{"data":"Flex","floor":8,"key":"SMITH"},{"floor":15,"key":"REST"},{"floor":23,"key":"REST"}],"neow_cost":"NONE","seed_source_timestamp":113267328336176,"circlet_count":0,"master_deck":["Strike_R","Strike_R","Strike_R","Strike_R","Strike_R","Defend_R+1","Defend_R","Bash","Flex+1","Sword Boomerang","Thunderclap","Flex","Clash","Double Tap","Flex"],"relics":["Cursed Key","Tiny House"],"potions_floor_usage":[16,16,16,25],"damage_taken":[{"damage":0,"enemies":"Small Slimes","floor":1,"turns":2},{"damage":6,"enemies":"Cultist","floor":2,"turns":3},{"damage":11,"enemies":"Jaw Worm","floor":4,"turns":2},{"damage":24,"enemies":"Exordium Thugs","floor":5,"turns":5},{"damage":10,"enemies":"Looter","floor":6,"turns":2},{"damage":14,"enemies":"3 Louse","floor":10,"turns":3},{"damage":0,"enemies":"2 Fungi Beasts","floor":13,"turns":2},{"damage":20,"enemies":"Exordium Thugs","floor":14,"turns":3},{"damage":0,"enemies":"Slime Boss","floor":16,"turns":5},{"damage":24,"enemies":"Shell Parasite","floor":18,"turns":4},{"damage":22,"enemies":"Spheric Guardian","floor":21,"turns":4},{"damage":77,"enemies":"Snecko","floor":25,"turns":6}],"seed_played":"-3091894672674782255","potions_obtained":[{"floor":1,"key":"Strength Potion"},{"floor":5,"key":"FearPotion"},{"floor":13,"key":"PowerPotion"},{"floor":17,"key":"Ancient Potion"},{"floor":21,"key":"LiquidBronze"}],"is_trial":false,"path_per_floor":["M","M","?","M","M","M","?","R","T","M","$","$","M","M","R","B",null,"M","?","?","M","?","R","$","M"],"character_chosen":"IRONCLAD","items_purchased":["Flex"],"campfire_rested":2,"item_purchase_floors":[12],"current_hp_per_floor":[80,74,74,63,39,29,49,49,49,35,35,35,35,15,38,38,82,58,58,58,36,36,60,60,0],"gold":111,"neow_bonus":"BOSS_RELIC","is_prod":false,"is_daily":false,"chose_seed":false,"campfire_upgraded":1,"win_rate":1,"timestamp":1546072487,"path_taken":["M","M","?","?","M","M","?","R","T","M","?","$","M","M","R","BOSS","M","?","?","M","?","R","$","M"],"build_version":"2018-12-20","purchased_purges":2,"victory":false,"max_hp_per_floor":[80,80,80,80,80,80,80,80,80,80,77,77,77,77,77,77,82,82,82,82,82,82,82,82,82],"card_choices":[{"not_picked":["Searing Blow","Anger"],"picked":"Flex","floor":1},{"not_picked":["Dual Wield","Headbutt"],"picked":"Sword Boomerang","floor":4},{"not_picked":["Rupture","Body Slam"],"picked":"Thunderclap","floor":6},{"not_picked":["Perfected Strike","Rupture"],"picked":"Clash","floor":14},{"not_picked":["Feed","Brutality"],"picked":"Double Tap","floor":16},{"not_picked":["Sword Boomerang","Reaper"],"picked":"Flex","floor":21}],"player_experience":132954,"relics_obtained":[],"event_choices":[{"damage_healed":0,"gold_gain":0,"player_choice":"Leave","damage_taken":0,"max_hp_gain":0,"max_hp_loss":0,"event_name":"FaceTrader","floor":3,"gold_loss":0},{"damage_healed":20,"gold_gain":0,"player_choice":"Healed and dodged fight","damage_taken":0,"max_hp_gain":0,"max_hp_loss":0,"event_name":"Mushrooms","floor":7,"gold_loss":0,"cards_obtained":["Parasite"]},{"damage_healed":0,"gold_gain":0,"player_choice":"Ignored","damage_taken":0,"max_hp_gain":0,"max_hp_loss":0,"event_name":"Ghosts","floor":19,"gold_loss":0},{"damage_healed":0,"gold_gain":0,"player_choice":"Ignored","damage_taken":0,"max_hp_gain":0,"max_hp_loss":0,"event_name":"Vampires","floor":20,"gold_loss":0},{"cards_removed":["Defend_R"],"damage_healed":0,"gold_gain":0,"player_choice":"Gave Gold","damage_taken":0,"max_hp_gain":0,"max_hp_loss":0,"event_name":"Beggar","floor":22,"gold_loss":75}],"is_beta":false,"boss_relics":[{"not_picked":["Runic Cube","Snecko Eye"],"picked":"Tiny House"}],"items_purged_floors":[11,24],"is_endless":false,"potions_floor_spawned":[1,5,13,21],"killed_by":"Snecko","ascension_level":0}