{"gold_per_floor":[115,133,61,75,87,87,117,117,194,194,194,210,224,244,244,342,342,360,360,380,399,419,419,435,435,435,435,453,479,479,495,495,590,590,601,526,540,558,569,569,569,669,737,768,788,220,220,18,18,18,18,18,18,53,53],"floor_reached":56,"playtime":3616,"items_purged":["Twin Strike","Pommel Strike","Reaper"],"score":1433,"play_id":"2f37c07e-3c6c-4b5d-919e-e63347b26e3a","local_time":"20190101190310","is_ascension_mode":false,"campfire_choices":[{"data":"Bash","floor":6,"key":"SMITH"},{"data":"Evolve","floor":8,"key":"SMITH"},{"data":"Wild Strike","floor":15,"key":"SMITH"},{"data":"Barricade","floor":23,"key":"SMITH"},{"data":"Power Through","floor":25,"key":"SMITH"},{"floor":27,"key":"RECALL"},{"data":"Dark Embrace","floor":32,"key":"SMITH"},{"floor":41,"key":"REST"},{"floor":49,"key":"REST"},{"floor":52,"key":"REST"}],"neow_cost":"NONE","seed_source_timestamp":10876864208157,"circlet_count":0,"master_deck":["Bash+1","Reckless Charge","Disarm","Dropkick","Combust","Evolve+1","Power Through+1","Battle Trance+1","Wild Strike+1","Second Wind+1","Dropkick","Reaper","Exhume+1","Wild Strike","Barricade+1","Shrug It Off+1","Seeing Red+1","Feel No Pain+1","Power Through+1","Dark Embrace+1","Demon Form","True Grit+1","Demon Form","Master of Strategy+1","Madness+1","Madness+1","Entrench+1"],"relics":["Burning Blood","Red Skull","Nunchaku","Toxic Egg 2","Gremlin Horn","Pandora\u0027s Box","Paper Frog","Blood Vial","Fusion Hammer","Unceasing Top","Prayer Wheel","Medical Kit","Bronze Scales"],"potions_floor_usage":[7,16,18,54,55,55],"damage_taken":[{"damage":3,"enemies":"Jaw Worm","floor":1,"turns":5},{"damage":3,"enemies":"2 Louse","floor":2,"turns":2},{"damage":0,"enemies":"Cultist","floor":4,"turns":3},{"damage":5,"enemies":"Blue Slaver","floor":5,"turns":4},{"damage":34,"enemies":"Gremlin Nob","floor":7,"turns":5},{"damage":3,"enemies":"2 Fungi Beasts","floor":12,"turns":3},{"damage":0,"enemies":"Looter","floor":13,"turns":3},{"damage":2,"enemies":"3 Louse","floor":14,"turns":3},{"damage":16,"enemies":"Hexaghost","floor":16,"turns":7},{"damage":9,"enemies":"Spheric Guardian","floor":18,"turns":4},{"damage":12,"enemies":"3 Byrds","floor":20,"turns":7},{"damage":0,"enemies":"Cultist and Chosen","floor":21,"turns":8},{"damage":20,"enemies":"Centurion and Healer","floor":22,"turns":10},{"damage":27,"enemies":"Shelled Parasite and Fungi","floor":24,"turns":10},{"damage":0,"enemies":"Cultist and Chosen","floor":28,"turns":7},{"damage":21,"enemies":"Slavers","floor":29,"turns":7},{"damage":27,"enemies":"Snake Plant","floor":31,"turns":8},{"damage":0,"enemies":"Champ","floor":33,"turns":13},{"damage":7,"enemies":"3 Darklings","floor":35,"turns":8},{"damage":0,"enemies":"Orb Walker","floor":37,"turns":7},{"damage":29,"enemies":"3 Darklings","floor":38,"turns":7},{"damage":15,"enemies":"Sphere and 2 Shapes","floor":39,"turns":10},{"damage":0,"enemies":"Mind Bloom Boss Battle","floor":42,"turns":5},{"damage":0,"enemies":"Giant Head","floor":44,"turns":7},{"damage":6,"enemies":"Transient","floor":45,"turns":5},{"damage":0,"enemies":"Donu and Deca","floor":50,"turns":10},{"damage":0,"enemies":"Shield and Spear","floor":54,"turns":8},{"damage":0,"enemies":"The Heart","floor":55,"turns":8}],"seed_played":"2186758638546769606","potions_obtained":[{"floor":1,"key":"Block Potion"},{"floor":5,"key":"Weak Potion"},{"floor":14,"key":"AttackPotion"},{"floor":16,"key":"Ancient Potion"},{"floor":18,"key":"GamblersBrew"},{"floor":22,"key":"Ancient Potion"},{"floor":29,"key":"Swift Potion"}],"is_trial":false,"path_per_floor":["M","M","$","M","M","R","E","R","T","?","T","M","M","M","R","B",null,"M","?","M","M","M","R","M","R","T","R","M","E","?","M","R","B",null,"M","$","M","M","M","?","R","?","T","E","M","$","?","$","R","B",null,"R","$","E","B",null],"character_chosen":"IRONCLAD","items_purchased":["Dropkick","Master of Strategy+1","Medical Kit","GamblersBrew","Entrench+1"],"campfire_rested":3,"item_purchase_floors":[3,46,46,46,48],"current_hp_per_floor":[80,80,80,80,80,80,52,52,52,45,45,48,54,58,58,48,80,77,77,80,80,74,74,65,65,65,65,80,73,73,61,61,72,80,80,80,80,80,80,80,80,80,80,80,80,80,70,70,80,80,80,80,80,80,80],"gold":53,"neow_bonus":"RANDOM_COMMON_RELIC","is_prod":false,"is_daily":false,"chose_seed":false,"campfire_upgraded":6,"win_rate":0,"timestamp":1546336990,"path_taken":["M","M","$","M","M","R","E","R","T","?","?","M","M","M","R","BOSS","M","?","M","M","M","R","M","R","T","R","M","E","?","?","R","BOSS","M","$","M","M","M","?","R","?","T","E","M","$","?","$","R","BOSS","R","$","E","BOSS"],"build_version":"2018-12-20","purchased_purges":3,"victory":true,"max_hp_per_floor":[80,80,80,80,80,80,80,80,80,80,80,80,80,80,80,80,80,80,80,80,80,80,80,80,80,80,80,80,80,80,80,80,80,80,80,80,80,80,80,80,80,80,80,80,80,80,80,80,80,80,80,80,80,80,80],"card_choices":[{"not_picked":["Warcry","Thunderclap"],"picked":"Reckless Charge","floor":1},{"not_picked":["Headbutt","Sword Boomerang"],"picked":"Disarm","floor":2},{"not_picked":["Sword Boomerang","Body Slam"],"picked":"Combust","floor":4},{"not_picked":["Metallicize","Headbutt"],"picked":"Evolve","floor":5},{"not_picked":["Clash","Reaper"],"picked":"Power Through","floor":7},{"not_picked":["Clash","Havoc+1","Headbutt"],"picked":"SKIP","floor":12},{"not_picked":["Body Slam","Warcry+1"],"picked":"Battle Trance+1","floor":13},{"not_picked":["Havoc+1","Rupture"],"picked":"Wild Strike","floor":14},{"not_picked":["Brutality","Exhume+1"],"picked":"Reaper","floor":16},{"not_picked":["Pommel Strike","Armaments+1"],"picked":"Shrug It Off+1","floor":18},{"not_picked":["Disarm+1","Cleave","Perfected Strike"],"picked":"SKIP","floor":20},{"not_picked":["Pommel Strike+1","Twin Strike","Uppercut"],"picked":"SKIP","floor":21},{"not_picked":["Wild Strike","Thunderclap"],"picked":"Seeing Red+1","floor":22},{"not_picked":["Cleave+1","Havoc+1","Shrug It Off+1"],"picked":"SKIP","floor":24},{"not_picked":["Metallicize","Dropkick"],"picked":"Feel No Pain","floor":28},{"not_picked":["Blood for Blood","Headbutt"],"picked":"Power Through+1","floor":29},{"not_picked":["Perfected Strike+1","Heavy Blade"],"picked":"Dark Embrace","floor":31},{"not_picked":["Bludgeon","Dark Embrace"],"picked":"Demon Form","floor":33},{"not_picked":["Twin Strike+1","Flame Barrier+1"],"picked":"True Grit+1","floor":35},{"not_picked":["Rupture","Cleave","Havoc+1"],"picked":"SKIP","floor":37},{"not_picked":["Havoc+1","Armaments+1","Anger"],"picked":"SKIP","floor":38},{"not_picked":["Heavy Blade","Searing Blow+1","Sever Soul"],"picked":"SKIP","floor":39},{"not_picked":["Thunderclap+1","Burning Pact+1"],"picked":"Demon Form","floor":42},{"not_picked":["Havoc+1","Burning Pact+1","Whirlwind"],"picked":"SKIP","floor":44},{"not_picked":["Cleave+1","Perfected Strike+1","Pommel Strike"],"picked":"SKIP","floor":45},{"not_picked":["Pommel Strike+1","Clash","Wild Strike"],"picked":"SKIP","floor":45},{"not_picked":["Dropkick+1","Shrug It Off+1","Immolate"],"picked":"SKIP","floor":54}],"player_experience":908891,"relics_obtained":[{"floor":7,"key":"Nunchaku"},{"floor":9,"key":"Toxic Egg 2"},{"floor":11,"key":"Gremlin Horn"},{"floor":26,"key":"Paper Frog"},{"floor":29,"key":"Blood Vial"},{"floor":42,"key":"Unceasing Top"},{"floor":44,"key":"Prayer Wheel"},{"floor":54,"key":"Bronze Scales"}],"event_choices":[{"cards_removed":["Strike_R"],"damage_healed":0,"gold_gain":0,"player_choice":"Card Removal","damage_taken":7,"max_hp_gain":0,"max_hp_loss":0,"event_name":"Golden Wing","floor":10,"gold_loss":0},{"damage_healed":0,"gold_gain":0,"player_choice":"Ignored","damage_taken":0,"max_hp_gain":0,"max_hp_loss":0,"event_name":"Cursed Tome","floor":19,"gold_loss":0},{"damage_healed":0,"gold_gain":0,"player_choice":"Upgraded","damage_taken":0,"max_hp_gain":0,"max_hp_loss":0,"event_name":"Upgrade Shrine","floor":30,"gold_loss":0,"cards_upgraded":["Feel No Pain"]},{"damage_healed":0,"gold_gain":0,"player_choice":"Ignored","damage_taken":0,"max_hp_gain":0,"max_hp_loss":0,"event_name":"Tomb of Lord Red Mask","floor":40,"gold_loss":0},{"damage_healed":0,"gold_gain":0,"player_choice":"Fight","damage_taken":0,"max_hp_gain":0,"max_hp_loss":0,"event_name":"MindBloom","floor":42,"gold_loss":0},{"damage_healed":0,"gold_gain":0,"player_choice":"Embrace Madness","damage_taken":10,"max_hp_gain":0,"max_hp_loss":0,"event_name":"Winding Halls","floor":47,"gold_loss":0,"cards_obtained":["Madness","Madness"]}],"is_beta":false,"boss_relics":[{"not_picked":["Velvet Choker","Orrery"],"picked":"Pandora\u0027s Box"},{"not_picked":["Eternal Feather","Lizard Tail"],"picked":"Fusion Hammer"}],"items_purged_floors":[36,46,48],"is_endless":false,"potions_floor_spawned":[1,5,14,16,18,22,28,29,37,39,44],"ascension_level":0}