{"path_per_floor":["M","M","?","?","M","R","M","E","T","M","R","?","R","M","R"],"character_chosen":"THE_SILENT","items_purchased":[],"gold_per_floor":[20,30,30,30,43,43,59,84,111,127,127,127,127,139,139,139],"floor_reached":16,"campfire_rested":1,"playtime":568,"current_hp_per_floor":[70,70,70,70,70,70,70,53,53,50,50,50,50,29,50,0],"items_purged":[],"gold":139,"score":102,"play_id":"adf0851c-7cbd-435b-8786-28d0898e9be8","local_time":"20180405103600","is_prod":false,"is_daily":false,"is_ascension_mode":false,"campfire_upgraded":3,"timestamp":1522917360,"path_taken":["M","M","?","?","M","R","M","E","T","M","R","?","R","M","R","BOSS"],"build_version":"2018-03-29v2","purchased_purges":0,"victory":false,"master_deck":["Defend_G","Defend_G","Defend_G","Defend_G","Defend_G","Strike_G","Strike_G","Strike_G","Strike_G","Survivor","Neutralize+1","Corpse Explosion","Choke+1","Dodge and Roll","Blur","Terror+1","PiercingWail","Malaise"],"max_hp_per_floor":[70,70,70,70,70,70,70,70,70,70,70,70,70,70,70,70],"relics":["Ring of the Snake","Art of War","Omamori"],"card_choices":[{"not_picked":["Wraith Form","Doppelganger"],"picked":"Corpse Explosion","floor":0},{"not_picked":["Well Laid Plans","Setup"],"picked":"Choke","floor":1},{"not_picked":["Prepared","Dagger Spray"],"picked":"Dodge and Roll","floor":2},{"not_picked":["Prepared","Wraith Form"],"picked":"Blur","floor":5},{"not_picked":["Infinite Blades","Underhanded Strike"],"picked":"Terror","floor":8},{"not_picked":["Dodge and Roll","Underhanded Strike"],"picked":"PiercingWail","floor":10},{"not_picked":["Grand Finale","Acrobatics"],"picked":"Malaise","floor":14}],"player_experience":319312,"potions_floor_usage":[7,8],"damage_taken":[{"damage":0,"enemies":"Jaw Worm","floor":1,"turns":8},{"damage":0,"enemies":"Cultist","floor":2,"turns":4},{"damage":0,"enemies":"2 Louse","floor":5,"turns":2},{"damage":0,"enemies":"Large Slime","floor":7,"turns":4},{"damage":17,"enemies":"Lagavulin","floor":8,"turns":10},{"damage":3,"enemies":"Looter","floor":10,"turns":4},{"damage":21,"enemies":"Lots of Slimes","floor":14,"turns":7},{"damage":57,"enemies":"Slime Boss","floor":16,"turns":11}],"event_choices":[{"event_name":"Purifier","player_choice":"One Purge","floor":3,"damage_taken":0},{"event_name":"The Cleric","player_choice":"Leave","floor":4,"damage_taken":0},{"event_name":"Wheel of Change","player_choice":"Curse","floor":12,"damage_taken":0}],"boss_relics":[],"potions_floor_spawned":[1,5,7],"seed_played":"773762346149473873","killed_by":"Slime Boss","ascension_level":0,"is_trial":false}