{"gold_per_floor":[115,128,278,278,125,125,153,163,163,196,196,213,213,231,231,231],"floor_reached":16,"playtime":776,"items_purged":["Normality"],"score":215,"play_id":"dde77ba9-3447-4dc0-bdac-15d93128193a","local_time":"20180913204835","is_ascension_mode":true,"campfire_choices":[{"data":"Loop","floor":6.0,"key":"SMITH"},{"floor":11,"key":"REST"},{"data":"Hologram","floor":13,"key":"SMITH"},{"data":"Beam Cell","floor":15,"key":"SMITH"}],"neow_cost":"CURSE","seed_source_timestamp":31222612640002,"circlet_count":0,"master_deck":["Strike_B","Strike_B","Strike_B","Strike_B","Defend_B","Defend_B","Defend_B","Defend_B","Zap","Dualcast","AscendersBane","Hologram+1","Sweeping Beam","Core Surge","Leap","Doubt","Loop+1","Beam Cell+1","Ball Lightning","Cold Snap","FTL","Conserve Battery","Chill","Beam Cell"],"special_seed":0,"relics":["Cracked Core","Prayer Wheel","Oddly Smooth Stone","Pantograph","Boot"],"potions_floor_usage":[10,10],"damage_taken":[{"damage":0.0,"enemies":"Small Slimes","floor":1.0,"turns":4.0},{"damage":2.0,"enemies":"2 Louse","floor":2.0,"turns":2.0},{"damage":45.0,"enemies":"Lagavulin","floor":7.0,"turns":7.0},{"damage":0,"enemies":"Cultist","floor":8,"turns":3},{"damage":14,"enemies":"Gremlin Nob","floor":10,"turns":3},{"damage":5,"enemies":"Large Slime","floor":12,"turns":6},{"damage":14,"enemies":"Exordium Wildlife","floor":14,"turns":4},{"damage":34,"enemies":"The Guardian","floor":16,"turns":6}],"seed_played":"6014629727160921026","potions_obtained":[{"floor":1.0,"key":"FocusPotion"},{"floor":4.0,"key":"Strength Potion"}],"is_trial":false,"path_per_floor":["M","M","?","?","$","R","E","M","T","E","R","M","R","M","R"],"character_chosen":"DEFECT","items_purchased":["Loop"],"campfire_rested":1,"item_purchase_floors":[5],"current_hp_per_floor":[64,62,62,62,62,62,17,17,17,3,24,19,19,5,5,0],"gold":231,"neow_bonus":"ONE_RARE_RELIC","is_prod":false,"is_daily":false,"chose_seed":false,"campfire_upgraded":3,"win_rate":0,"timestamp":1536864515,"path_taken":["M","M","?","?","$","R","E","M","T","E","R","?","R","M","R","BOSS"],"build_version":"2018-09-06","purchased_purges":1,"victory":false,"max_hp_per_floor":[71,71,71,71,71,71,71,71,71,71,71,71,71,71,71,71],"card_choices":[{"not_picked":["Beam Cell","Steam Power"],"picked":"Hologram","floor":1.0},{"not_picked":["Go for the Eyes","Consume"],"picked":"Sweeping Beam","floor":1.0},{"not_picked":["Compile Driver","Turbo"],"picked":"Core Surge","floor":2.0},{"not_picked":["Scrape","Gash"],"picked":"Leap","floor":2.0},{"not_picked":["Reprogram","Steam Power"],"picked":"Beam Cell","floor":7},{"not_picked":["Coolheaded","Leap"],"picked":"Ball Lightning","floor":8},{"not_picked":["Tempest","Consume","Heatsinks"],"picked":"SKIP","floor":8},{"not_picked":["Streamline","All For One"],"picked":"Cold Snap","floor":10},{"not_picked":["Streamline","Conserve Battery"],"picked":"FTL","floor":12},{"not_picked":["Barrage","Beam Cell"],"picked":"Conserve Battery","floor":12},{"not_picked":["Go for the Eyes","Hello World"],"picked":"Chill","floor":14},{"not_picked":["Streamline","Fusion"],"picked":"Beam Cell","floor":14}],"player_experience":979374,"relics_obtained":[{"floor":7,"key":"Oddly Smooth Stone"},{"floor":9,"key":"Pantograph"},{"floor":10,"key":"Boot"}],"event_choices":[{"event_name":"Liars Game","player_choice":"agreed","floor":3.0,"damage_taken":0.0},{"event_name":"The Lab","player_choice":"Got Potions","floor":4.0,"damage_taken":0.0}],"is_beta":false,"boss_relics":[],"items_purged_floors":[5],"is_endless":false,"potions_floor_spawned":[1,7],"killed_by":"The Guardian","ascension_level":19}