{"gold_per_floor":[112,131,131,81,81,81,30,41,41,61,61,80,5,18,18,114,114,126,126,143,143,43,21,21,21,21,21,40,40,60,77,77,175,175,186,61,61,61,61,61,71,71,124,134,134,146,162,181,181,181],"floor_reached":50,"playtime":539,"items_purged":["Defend_R","Strike_R","Strike_R"],"score":509,"play_id":"a48193a4-0380-4e95-9644-8e7713e74b1a","local_time":"20181229025220","is_ascension_mode":false,"campfire_choices":[{"data":"Flex","floor":6,"key":"SMITH"},{"data":"Clash","floor":11,"key":"SMITH"},{"data":"Limit Break","floor":15,"key":"SMITH"},{"data":"Flex","floor":24,"key":"SMITH"},{"data":"Clash","floor":29,"key":"SMITH"},{"floor":32,"key":"REST"}],"neow_cost":"NONE","seed_source_timestamp":110558054330888,"circlet_count":0,"master_deck":["Strike_R+1","Strike_R+1","Strike_R+1","Bash+1","Flex+1","Clash+1","Clash+1","Limit Break+1","Flex+1","Clash+1","Sword Boomerang+1","Limit Break+1"],"relics":["Burning Blood","NeowsBlessing","Shuriken","Velvet Choker","Bronze Scales","Gremlin Horn","Nunchaku","Coffee Dripper","Mark of the Bloom","Lantern"],"potions_floor_usage":[16,20,50,50],"damage_taken":[{"damage":0,"enemies":"2 Louse","floor":1,"turns":1},{"damage":0,"enemies":"Small Slimes","floor":2,"turns":1},{"damage":0,"enemies":"Jaw Worm","floor":8,"turns":1},{"damage":8,"enemies":"2 Fungi Beasts","floor":10,"turns":3},{"damage":9,"enemies":"Gremlin Gang","floor":12,"turns":2},{"damage":0,"enemies":"Exordium Thugs","floor":14,"turns":2},{"damage":3,"enemies":"Slime Boss","floor":16,"turns":4},{"damage":10,"enemies":"2 Thieves","floor":18,"turns":2},{"damage":13,"enemies":"3 Byrds","floor":20,"turns":3},{"damage":15,"enemies":"Shelled Parasite and Fungi","floor":28,"turns":2},{"damage":20,"enemies":"Centurion and Healer","floor":30,"turns":2},{"damage":10,"enemies":"Cultist and Chosen","floor":31,"turns":3},{"damage":57,"enemies":"Collector","floor":33,"turns":4},{"damage":11,"enemies":"3 Darklings","floor":35,"turns":3},{"damage":15,"enemies":"Orb Walker","floor":41,"turns":2},{"damage":0,"enemies":"Spire Growth","floor":44,"turns":2},{"damage":0,"enemies":"Transient","floor":46,"turns":5},{"damage":29,"enemies":"Sphere and 2 Shapes","floor":47,"turns":2},{"damage":15,"enemies":"Writhing Mass","floor":48,"turns":2},{"damage":21,"enemies":"Donu and Deca","floor":50,"turns":2}],"seed_played":"2107602012318749109","potions_obtained":[{"floor":8,"key":"Dexterity Potion"},{"floor":10,"key":"SkillPotion"},{"floor":16,"key":"PowerPotion"},{"floor":18,"key":"AttackPotion"},{"floor":30,"key":"Dexterity Potion"},{"floor":33,"key":"SkillPotion"},{"floor":47,"key":"Block Potion"}],"is_trial":false,"path_per_floor":["M","M","?","?","?","R","$","M","T","M","R","M","$","M","R","B",null,"M","?","M","?","$","$","R","$","T","T","M","R","M","M","R","B",null,"M","$","?","?","$","R","M","R","T","M","?","M","M","M","R","B"],"character_chosen":"IRONCLAD","items_purchased":["Clash","Flex"],"campfire_rested":1,"item_purchase_floors":[7,23],"current_hp_per_floor":[80,80,73,73,73,73,73,79,79,77,77,74,74,80,80,80,80,76,76,69,69,69,69,69,69,69,69,60,60,46,42,66,15,80,75,75,75,75,75,75,60,60,60,60,60,60,31,16,16,0],"gold":181,"neow_bonus":"THREE_ENEMY_KILL","is_prod":false,"is_daily":false,"chose_seed":false,"campfire_upgraded":5,"win_rate":1,"timestamp":1546069940,"path_taken":["M","M","?","?","?","R","$","M","T","M","R","M","?","M","R","BOSS","M","?","?","?","?","$","R","$","T","?","M","R","M","M","R","BOSS","M","$","?","?","$","R","M","R","T","?","?","M","M","M","R","BOSS"],"build_version":"2018-12-20","purchased_purges":3,"victory":false,"max_hp_per_floor":[80,80,80,80,80,80,80,80,80,80,80,80,80,80,80,80,80,80,80,80,80,80,80,80,80,80,80,80,80,80,80,80,80,80,80,80,80,76,76,76,76,76,76,76,76,76,76,76,76,76],"card_choices":[{"not_picked":["Intimidate","Body Slam"],"picked":"Flex","floor":2},{"not_picked":["Warcry","Anger"],"picked":"Clash","floor":10},{"not_picked":["Cleave","Clothesline"],"picked":"Limit Break","floor":12},{"not_picked":["Perfected Strike+1","Ghostly Armor"],"picked":"Clash","floor":28},{"not_picked":["Cleave+1","Body Slam"],"picked":"Sword Boomerang+1","floor":30},{"not_picked":["Juggernaut","Reaper"],"picked":"Limit Break","floor":33}],"player_experience":132954,"relics_obtained":[{"floor":9,"key":"Shuriken"},{"floor":26,"key":"Gremlin Horn"},{"floor":27,"key":"Nunchaku"},{"floor":43,"key":"Lantern"}],"event_choices":[{"cards_removed":["Defend_R"],"damage_healed":0,"gold_gain":0,"player_choice":"Card Removal","damage_taken":7,"max_hp_gain":0,"max_hp_loss":0,"event_name":"Golden Wing","floor":3,"gold_loss":0},{"cards_removed":["Defend_R"],"damage_healed":0,"gold_gain":0,"player_choice":"Card Removal","damage_taken":0,"max_hp_gain":0,"max_hp_loss":0,"event_name":"The Cleric","floor":4,"gold_loss":50},{"cards_removed":["Defend_R"],"damage_healed":0,"gold_gain":0,"player_choice":"Forget","damage_taken":0,"max_hp_gain":0,"max_hp_loss":0,"event_name":"Living Wall","floor":5,"gold_loss":0},{"damage_healed":0,"gold_gain":0,"player_choice":"Leave","damage_taken":0,"max_hp_gain":0,"max_hp_loss":0,"event_name":"FaceTrader","floor":19,"gold_loss":0},{"damage_healed":0,"gold_gain":0,"player_choice":"Gave Potion","damage_taken":0,"relics_obtained":["Bronze Scales"],"max_hp_gain":0,"max_hp_loss":0,"event_name":"WeMeetAgain","floor":21,"gold_loss":0},{"damage_healed":0,"gold_gain":0,"player_choice":"Upgrade","damage_taken":0,"relics_obtained":["Mark of the Bloom"],"max_hp_gain":0,"max_hp_loss":0,"event_name":"MindBloom","floor":37,"gold_loss":0,"cards_upgraded":["Strike_R","Strike_R","Strike_R","Bash","Clash","Limit Break"]},{"damage_healed":0,"gold_gain":0,"player_choice":"Max HP","damage_taken":0,"max_hp_gain":0,"max_hp_loss":4,"event_name":"Winding Halls","floor":38,"gold_loss":0},{"damage_healed":0,"gold_gain":0,"player_choice":"Ignored","damage_taken":0,"max_hp_gain":0,"max_hp_loss":0,"event_name":"Mysterious Sphere","floor":45,"gold_loss":0}],"is_beta":false,"boss_relics":[{"not_picked":["Lizard Tail","Philosopher\u0027s Stone"],"picked":"Velvet Choker"},{"not_picked":["Orrery","Calling Bell"],"picked":"Coffee Dripper"}],"items_purged_floors":[13,22,36],"is_endless":false,"potions_floor_spawned":[8,10,16,18,30,33,41,46,47],"killed_by":"Donu and Deca","ascension_level":0}