{"gold_per_floor":[118,136,149,149,224,224,255,255,306,337,337,348,367,124,124,124],"floor_reached":16,"playtime":8019,"items_purged":["Strike_G"],"score":220,"play_id":"11918c04-5b25-443e-9026-f5cf5c5654e1","local_time":"20181016000220","is_ascension_mode":true,"campfire_choices":[{"floor":6,"key":"REST"},{"floor":11,"key":"REST"},{"floor":15,"key":"REST"}],"neow_cost":"","seed_source_timestamp":18106585913342,"circlet_count":0,"master_deck":["Defend_G","Defend_G","Defend_G","Defend_G","Defend_G","Strike_G","Strike_G","Strike_G","Survivor","Neutralize","AscendersBane","Terror","Backstab","Quick Slash","Flying Knee","Predator","Blade Dance","Dagger Spray","Backstab","Night Terror"],"relics":["Ring of the Snake","Darkstone Periapt","Bottled Lightning","Centennial Puzzle","Gremlin Horn"],"potions_floor_usage":[7,16],"damage_taken":[{"damage":9,"enemies":"Cultist","floor":1,"turns":6},{"damage":7,"enemies":"2 Louse","floor":2,"turns":4},{"damage":9,"enemies":"Small Slimes","floor":3,"turns":6},{"damage":8,"enemies":"Gremlin Nob","floor":7,"turns":3},{"damage":26,"enemies":"3 Sentries","floor":10,"turns":13},{"damage":5,"enemies":"Gremlin Gang","floor":12,"turns":7},{"damage":0,"enemies":"Looter","floor":13,"turns":2},{"damage":56,"enemies":"The Guardian","floor":16,"turns":11}],"seed_played":"5430243349606921403","potions_obtained":[{"floor":2,"key":"Fire Potion"},{"floor":12,"key":"Regen Potion"}],"is_trial":false,"path_per_floor":["M","M","M","T","?","R","E","?","T","E","R","M","M","$","R"],"character_chosen":"THE_SILENT","items_purchased":["Backstab","Night Terror"],"campfire_rested":3,"item_purchase_floors":[14,14],"current_hp_per_floor":[50,43,34,34,23,42,34,34,34,8,27,22,22,22,41,0],"gold":124,"neow_bonus":"","is_prod":false,"is_daily":false,"chose_seed":false,"campfire_upgraded":0,"win_rate":0,"timestamp":1539640940,"path_taken":["M","?","?","?","?","R","E","?","T","E","R","M","M","$","R","BOSS"],"build_version":"2018-10-11","purchased_purges":1,"victory":false,"max_hp_per_floor":[66,66,66,66,66,66,66,66,66,66,66,66,66,66,66,66],"card_choices":[{"not_picked":["Outmaneuver","PiercingWail"],"picked":"Terror","floor":1},{"not_picked":["Endless Agony","Bane"],"picked":"Backstab","floor":2},{"not_picked":["Underhanded Strike","Accuracy"],"picked":"Quick Slash","floor":3},{"not_picked":["Burst","Caltrops"],"picked":"Flying Knee","floor":7},{"not_picked":["Outmaneuver","Dagger Spray"],"picked":"Predator","floor":10},{"not_picked":["Tactician","Flechettes"],"picked":"Blade Dance","floor":12},{"not_picked":["Quick Slash","Dagger Throw"],"picked":"Dagger Spray","floor":13}],"player_experience":1460260,"relics_obtained":[{"floor":4,"key":"Darkstone Periapt"},{"floor":7,"key":"Bottled Lightning"},{"floor":9,"key":"Centennial Puzzle"},{"floor":10,"key":"Gremlin Horn"}],"event_choices":[{"event_name":"World of Goop","player_choice":"Gather Gold","floor":5,"damage_taken":0},{"event_name":"Bonfire Elementals","player_choice":"BASIC","floor":8,"damage_taken":0}],"is_beta":false,"boss_relics":[],"items_purged_floors":[14],"is_endless":false,"potions_floor_spawned":[2,12],"killed_by":"The Guardian","ascension_level":20}