{"gold_per_floor":[368,368,518,106,106,140,140,154,181,205,205,230,6,41,41,140,140,156,156,169,94,94],"floor_reached":22,"playtime":883,"items_purged":["Doubt"],"score":384,"play_id":"6a22d452-f71c-4de4-951c-0e78be8a90c5","local_time":"20181111135019","is_ascension_mode":true,"campfire_choices":[{"data":"Dash","floor":7,"key":"SMITH"},{"floor":11,"key":"REST"},{"data":"Catalyst","floor":15,"key":"SMITH"}],"neow_cost":"TEN_PERCENT_HP_LOSS","seed_source_timestamp":585419733483,"circlet_count":0,"master_deck":["AscendersBane","Defend_G","Defend_G","Defend_G","Defend_G","Defend_G","Strike_G","Strike_G","Strike_G","Strike_G","Survivor","Neutralize","Dash+1","Injury","Noxious Fumes+1","Footwork+1","Finisher","Poisoned Stab","Deadly Poison","Catalyst+1","Bullet Time","Sucker Punch","Ghostly","Ghostly","Ghostly","Skewer+1"],"special_seed":0,"relics":["Ring of the Snake","Golden Idol","Frozen Egg 2","FaceOfCleric","Snake Skull","Boot","Membership Card","Centennial Puzzle","Sozu"],"potions_floor_usage":[6,16,16],"damage_taken":[{"damage":9.0,"enemies":"Cultist","floor":1.0,"turns":6.0},{"damage":30,"enemies":"3 Sentries","floor":6,"turns":8},{"damage":0,"enemies":"2 Louse","floor":8,"turns":2},{"damage":1,"enemies":"Jaw Worm","floor":10,"turns":4},{"damage":3,"enemies":"Red Slaver","floor":12,"turns":3},{"damage":5,"enemies":"Lagavulin","floor":14,"turns":7},{"damage":29,"enemies":"Slime Boss","floor":16,"turns":10},{"damage":4,"enemies":"Shell Parasite","floor":18,"turns":3},{"damage":21,"enemies":"3 Byrds","floor":20,"turns":6},{"damage":14,"enemies":"Centurion and Healer","floor":22,"turns":1}],"seed_played":"3895027696420117781","potions_obtained":[{"floor":1.0,"key":"Strength Potion"},{"floor":6,"key":"Explosive Potion"},{"floor":14,"key":"SkillPotion"}],"is_trial":false,"path_per_floor":["M","?","?","$","?","E","R","M","T","M","R","M","$","E","R","B",null,"M","?","M","?","M"],"character_chosen":"THE_SILENT","items_purchased":["Frozen Egg 2","Noxious Fumes+1","Membership Card"],"campfire_rested":1,"item_purchase_floors":[4,4,13],"current_hp_per_floor":[50,50,50,50,50,21,21,22,22,22,40,38,38,34,34,6,51,48,33,13,13,0],"gold":94,"neow_bonus":"TWO_FIFTY_GOLD","is_prod":false,"is_daily":false,"chose_seed":false,"campfire_upgraded":2,"win_rate":0,"timestamp":1541940619,"path_taken":["M","?","?","$","?","E","R","?","T","?","R","M","$","E","R","BOSS","M","?","M","?","M"],"build_version":"2018-11-08","purchased_purges":1,"victory":false,"max_hp_per_floor":[60,60,60,60,60,61,61,62,62,63,63,64,64,65,65,66,66,67,33,34,34,34],"card_choices":[{"not_picked":["Escape Plan","Backflip"],"picked":"Dash","floor":1.0},{"not_picked":["PiercingWail","Riddle With Holes"],"picked":"Footwork+1","floor":6},{"not_picked":["Dagger Throw","Blur"],"picked":"Finisher","floor":8},{"not_picked":["Sucker Punch","All Out Attack"],"picked":"Poisoned Stab","floor":10},{"not_picked":["Skewer","Outmaneuver"],"picked":"Deadly Poison","floor":12},{"not_picked":["Blur","Quick Slash"],"picked":"Catalyst","floor":14},{"not_picked":["Glass Knife","Storm of Steel"],"picked":"Bullet Time","floor":16},{"not_picked":["Prepared","Flying Knee"],"picked":"Sucker Punch","floor":18},{"not_picked":["Dagger Throw","Dodge and Roll"],"picked":"Skewer+1","floor":20}],"player_experience":1782051,"relics_obtained":[{"floor":6,"key":"Snake Skull"},{"floor":9,"key":"Boot"},{"floor":14,"key":"Centennial Puzzle"}],"event_choices":[{"damage_healed":0.0,"max_hp_gain":0.0,"max_hp_loss":0.0,"gold_gain":0.0,"event_name":"Golden Idol","player_choice":"Take Wound","floor":2.0,"gold_loss":0.0,"damage_taken":0.0,"relics_obtained":["Golden Idol"],"cards_obtained":["Injury"]},{"damage_healed":0.0,"max_hp_gain":0.0,"max_hp_loss":0.0,"gold_gain":150.0,"event_name":"Liars Game","player_choice":"AGREE","floor":3.0,"gold_loss":0.0,"damage_taken":0.0,"cards_obtained":["Doubt"]},{"damage_healed":0.0,"max_hp_gain":0.0,"max_hp_loss":0.0,"gold_gain":0.0,"event_name":"FaceTrader","player_choice":"Trade","floor":5.0,"gold_loss":0.0,"damage_taken":0.0,"relics_obtained":["FaceOfCleric"]},{"damage_healed":0,"gold_gain":0,"player_choice":"Became a Ghost","damage_taken":0,"max_hp_gain":0,"max_hp_loss":34,"event_name":"Ghosts","floor":19,"gold_loss":0,"cards_obtained":["Ghostly","Ghostly","Ghostly"]},{"cards_removed":["Strike_G"],"damage_healed":0,"gold_gain":0,"player_choice":"Gave Gold","damage_taken":0,"max_hp_gain":0,"max_hp_loss":0,"event_name":"Beggar","floor":21,"gold_loss":75}],"is_beta":false,"boss_relics":[{"not_picked":["Runic Dome","Fusion Hammer"],"picked":"Sozu"}],"items_purged_floors":[4],"is_endless":false,"potions_floor_spawned":[1,6,14,18],"killed_by":"Centurion and Healer","ascension_level":20}