{"path_per_floor":["M","$","M","M","M","R","E","M","T","E","M","?","M","E","R","B",null,"M","?","$","?","M","E","R","$","T","M","R","M","E","M","R","B",null,"M","$","M","?","M","R","E","M","T","E","?","R","$","M","R","B"],"character_chosen":"DEFECT","items_purchased":["Loop","Bag of Preparation","Mummified Hand","Defragment","Cold Snap","Bird Faced Urn","Symbiotic Virus","Mind Blast+1"],"gold_per_floor":[213,29,47,65,81,81,110,129,177,212,232,232,248,279,279,379,379,396,396,52,52,70,103,103,103,103,122,122,135,170,187,187,285,285,303,9,26,0,13,13,45,57,57,83,438,438,101,112,112,112],"floor_reached":51,"campfire_rested":2,"playtime":6721,"item_purchase_floors":[],"current_hp_per_floor":[74,74,65,61,57,57,37,33,33,23,23,23,23,30,30,9,59,59,45,45,45,42,24,24,24,24,21,45,45,28,28,52,23,66,61,61,58,58,77,77,80,80,80,80,80,80,80,80,80,76],"items_purged":[],"gold":112,"score":1011,"play_id":"59e5e575-8c5a-4fbf-93cb-e4bac568d7b5","local_time":"20180607002801","is_prod":false,"is_daily":false,"chose_seed":false,"is_ascension_mode":true,"campfire_upgraded":6,"win_rate":0,"timestamp":1528324081,"campfire_choices":[{"data":"Zap","floor":6.0,"key":"SMITH"},{"data":"White Noise","floor":15.0,"key":"SMITH"},{"data":"Cold Snap","floor":24.0,"key":"SMITH"},{"floor":28.0,"key":"REST"},{"floor":32.0,"key":"REST"},{"data":"Defragment","floor":40.0,"key":"SMITH"},{"data":"Machine Learning","floor":46.0,"key":"SMITH"},{"data":"Hello World","floor":49.0,"key":"SMITH"}],"path_taken":["M","$","?","M","M","R","E","M","T","E","M","?","?","E","R","BOSS","M","?","?","?","M","E","R","?","T","M","R","M","E","M","R","BOSS","M","$","M","?","M","R","E","?","T","E","?","R","?","M","R","BOSS"],"build_version":"2018-05-31","seed_source_timestamp":0,"purchased_purges":0,"victory":true,"master_deck":["Zap+1","Dualcast","Sweeping Beam","Loop","Go for the Eyes","Ball Lightning","Leap","Stack","FTL","Biased Cognition","Conserve Battery","White Noise+1","Stack","Creative AI","Sweeping Beam","Defragment+1","Cold Snap+1","Chaos+1","Leap","Conserve Battery","Coolheaded+1","BootSequence+1","Auto Shields+1","Redo+1","Heatsinks+1","Machine Learning+1","Streamline","Turbo","Leap","Turbo","Darkness","Hello World+1","Gash","Steam","Stack+1","Force Field","Ball Lightning+1","Heatsinks+1","Defragment+1","Double Energy+1","Sweeping Beam+1","Mind Blast+1","Compile Driver+1"],"max_hp_per_floor":[75,75,75,75,75,75,75,75,75,75,75,75,75,75,75,75,75,75,80,80,80,80,80,80,80,80,80,80,80,80,80,80,80,80,80,80,80,80,80,80,80,80,80,80,80,80,80,80,80,80],"relics":["Cracked Core","Bag of Preparation","Dream Catcher","Oddly Smooth Stone","Blue Candle","Anchor","Nuclear Battery","Mummified Hand","Bottled Flame","Letter Opener","Emotion Chip","Pandora\u0027s Box","Bird Faced Urn","Red Mask","Molten Egg 2","Dodecahedron","Omamori","Old Coin","Symbiotic Virus"],"card_choices":[{"not_picked":["Undo","Melter"],"picked":"Sweeping Beam","floor":1.0},{"not_picked":["Turbo","Steam"],"picked":"Go for the Eyes","floor":3.0},{"not_picked":["Melter","Reprogram"],"picked":"Ball Lightning","floor":4.0},{"not_picked":["Chill","Heatsinks"],"picked":"Leap","floor":5.0},{"not_picked":["Skim","Turbo"],"picked":"Stack","floor":7.0},{"not_picked":["Hello World","Lockon"],"picked":"FTL","floor":8.0},{"not_picked":["Hologram","Turbo"],"picked":"Biased Cognition","floor":10.0},{"not_picked":["Go for the Eyes","Fusion"],"picked":"Conserve Battery","floor":11.0},{"not_picked":["Streamline","Redo"],"picked":"White Noise","floor":13.0},{"not_picked":["Streamline","Melter"],"picked":"Stack","floor":14.0},{"not_picked":["Core Surge","Seek"],"picked":"Creative AI","floor":16.0},{"not_picked":["Scrape","Rebound"],"picked":"Sweeping Beam","floor":18.0},{"not_picked":["Rebound","Hologram"],"picked":"Chaos+1","floor":22.0},{"not_picked":["Gash","Static Discharge"],"picked":"Leap","floor":23.0},{"not_picked":["Blizzard","Gash"],"picked":"Conserve Battery","floor":27.0},{"not_picked":["Turbo","Reprogram"],"picked":"Coolheaded+1","floor":28.0},{"not_picked":["Gash","Beam Cell+1"],"picked":"BootSequence+1","floor":29.0},{"not_picked":["Turbo","Recycle+1"],"picked":"Auto Shields+1","floor":30.0},{"not_picked":["Rebound+1","Steam Power"],"picked":"Redo+1","floor":31.0},{"not_picked":["Rebound+1","Stack"],"picked":"Heatsinks+1","floor":32.0},{"not_picked":["Amplify","Reboot"],"picked":"Machine Learning","floor":33.0},{"not_picked":["Genetic Algorithm+1","Heatsinks"],"picked":"Stack+1","floor":35.0},{"not_picked":["Double Energy+1","Gash"],"picked":"Force Field","floor":37.0},{"not_picked":["Conserve Battery","Reprogram+1"],"picked":"Ball Lightning+1","floor":39.0},{"not_picked":["Streamline+1","Gash"],"picked":"Heatsinks+1","floor":41.0},{"not_picked":["Sweeping Beam+1","Gash+1"],"picked":"Defragment+1","floor":42.0},{"not_picked":["Steam","Reprogram"],"picked":"Double Energy+1","floor":44.0},{"not_picked":["Steam","Go for the Eyes+1"],"picked":"Sweeping Beam+1","floor":45.0},{"not_picked":["Go for the Eyes+1","Barrage+1"],"picked":"Compile Driver+1","floor":48.0}],"player_experience":724940,"potions_floor_usage":[50,50,50],"damage_taken":[{"damage":1.0,"enemies":"Cultist","floor":1.0,"turns":3.0},{"damage":9.0,"enemies":"Jaw Worm","floor":3.0,"turns":4.0},{"damage":4.0,"enemies":"2 Louse","floor":4.0,"turns":2.0},{"damage":4.0,"enemies":"Exordium Wildlife","floor":5.0,"turns":3.0},{"damage":20.0,"enemies":"Lagavulin","floor":7.0,"turns":5.0},{"damage":4.0,"enemies":"Red Slaver","floor":8.0,"turns":3.0},{"damage":10.0,"enemies":"Gremlin Nob","floor":10.0,"turns":3.0},{"damage":0.0,"enemies":"Large Slime","floor":11.0,"turns":3.0},{"damage":0.0,"enemies":"2 Fungi Beasts","floor":13.0,"turns":2.0},{"damage":0.0,"enemies":"Lagavulin","floor":14.0,"turns":5.0},{"damage":21.0,"enemies":"The Guardian","floor":16.0,"turns":8.0},{"damage":0.0,"enemies":"Shell Parasite","floor":18.0,"turns":4.0},{"damage":3.0,"enemies":"Chosen","floor":22.0,"turns":5.0},{"damage":18.0,"enemies":"Book of Stabbing","floor":23.0,"turns":5.0},{"damage":3.0,"enemies":"Centurion and Healer","floor":27.0,"turns":6.0},{"damage":0.0,"enemies":"Snake Plant","floor":29.0,"turns":5.0},{"damage":17.0,"enemies":"Gremlin Leader","floor":30.0,"turns":7.0},{"damage":0.0,"enemies":"3 Cultists","floor":31.0,"turns":5.0},{"damage":29.0,"enemies":"Collector","floor":33.0,"turns":8.0},{"damage":5.0,"enemies":"Orb Walker","floor":35.0,"turns":3.0},{"damage":19.0,"enemies":"3 Darklings","floor":37.0,"turns":5.0},{"damage":13.0,"enemies":"Sphere and 2 Shapes","floor":39.0,"turns":5.0},{"damage":12.0,"enemies":"2 Orb Walkers","floor":41.0,"turns":5.0},{"damage":0.0,"enemies":"Maw","floor":42.0,"turns":5.0},{"damage":4.0,"enemies":"Giant Head","floor":44.0,"turns":6.0},{"damage":0.0,"enemies":"Mysterious Sphere","floor":45.0,"turns":4.0},{"damage":0.0,"enemies":"4 Shapes","floor":48.0,"turns":3.0},{"damage":10,"enemies":"Awakened One","floor":50,"turns":5}],"relics_obtained":[{"floor":7.0,"key":"Dream Catcher"},{"floor":9.0,"key":"Oddly Smooth Stone"},{"floor":10.0,"key":"Blue Candle"},{"floor":14.0,"key":"Anchor"},{"floor":23.0,"key":"Bottled Flame"},{"floor":26.0,"key":"Letter Opener"},{"floor":30.0,"key":"Emotion Chip"},{"floor":41.0,"key":"Molten Egg 2"},{"floor":43.0,"key":"Dodecahedron"},{"floor":44.0,"key":"Omamori"},{"floor":45.0,"key":"Old Coin"}],"event_choices":[{"event_name":"Liars Game","player_choice":"disagreed","floor":12.0,"damage_taken":0.0},{"event_name":"Forgotten Altar","player_choice":"Shed Blood","floor":19.0,"damage_taken":0.0},{"event_name":"Addict","player_choice":"Ignored","floor":21.0,"damage_taken":0.0},{"event_name":"Tomb of Lord Red Mask","player_choice":"Paid","floor":38.0,"damage_taken":0.0},{"event_name":"Mysterious Sphere","player_choice":"Fight","floor":45.0,"damage_taken":0.0}],"boss_relics":[],"items_purged_floors":[],"potions_floor_spawned":[1,3,4,10,16,23,27,31,33,37,41,42],"seed_played":"6915882659822056478","ascension_level":5,"potions_obtained":[{"floor":1.0,"key":"Energy Potion"},{"floor":3.0,"key":"PowerPotion"},{"floor":4.0,"key":"FearPotion"},{"floor":10.0,"key":"FearPotion"},{"floor":16.0,"key":"Poison Potion"},{"floor":23.0,"key":"GamblersBrew"},{"floor":27.0,"key":"PowerPotion"},{"floor":31.0,"key":"GamblersBrew"},{"floor":33.0,"key":"Energy Potion"},{"floor":37.0,"key":"Explosive Potion"}],"is_trial":false}