{"path_per_floor":["M","M","M","M","M","R","E","M","T","?","R","M","M","?","R"],"character_chosen":"THE_SILENT","items_purchased":[],"gold_per_floor":[109,119,129,139,153,153,178,198,198,148,148,164,178,178,178,178],"floor_reached":16,"campfire_rested":0,"playtime":716,"current_hp_per_floor":[70,67,66,66,64,64,61,55,55,55,55,54,53,53,53,0],"items_purged":[],"gold":178,"score":106,"play_id":"4088fe7d-30c0-4ed5-9c8a-8d46848aca7c","local_time":"20180406150152","is_prod":false,"is_daily":false,"is_ascension_mode":false,"campfire_upgraded":3,"timestamp":1523019712,"path_taken":["M","M","M","M","M","R","E","M","T","?","R","M","M","?","R","BOSS"],"build_version":"2018-04-05v2","purchased_purges":0,"victory":false,"master_deck":["Defend_G","Defend_G","Defend_G","Defend_G","Defend_G","Strike_G","Strike_G","Strike_G","Survivor","Neutralize+1","Flying Knee+1","Backstab","Malaise+1","Caltrops","Poisoned Stab","PiercingWail","Backflip","Deadly Poison","Eviscerate"],"max_hp_per_floor":[70,70,70,70,70,70,70,70,70,70,70,70,70,70,70,70],"relics":["Ring of the Snake","Art of War","Girya","Sundial"],"card_choices":[{"not_picked":["Leg Sweep","Dodge and Roll"],"picked":"Flying Knee","floor":1},{"not_picked":["Infinite Blades","Cloak And Dagger"],"picked":"Backstab","floor":2},{"not_picked":["Well Laid Plans","Riddle With Holes"],"picked":"Malaise","floor":3},{"not_picked":["Finisher","Crippling Poison"],"picked":"Caltrops","floor":4},{"not_picked":["Accuracy","Finisher"],"picked":"Poisoned Stab","floor":5},{"not_picked":["Dagger Throw","Flying Knee"],"picked":"PiercingWail","floor":8},{"not_picked":["Escape Plan","Flying Knee"],"picked":"Backflip","floor":12},{"not_picked":["Blade Dance","Quick Slash"],"picked":"Deadly Poison","floor":13}],"player_experience":345823,"potions_floor_usage":[7,16],"damage_taken":[{"damage":0,"enemies":"Small Slimes","floor":1,"turns":6},{"damage":3,"enemies":"Jaw Worm","floor":2,"turns":5},{"damage":1,"enemies":"Cultist","floor":3,"turns":3},{"damage":0,"enemies":"Looter","floor":4,"turns":4},{"damage":2,"enemies":"2 Fungi Beasts","floor":5,"turns":3},{"damage":3,"enemies":"3 Sentries","floor":7,"turns":9},{"damage":6,"enemies":"Exordium Thugs","floor":8,"turns":4},{"damage":1,"enemies":"3 Louse","floor":12,"turns":4},{"damage":1,"enemies":"Large Slime","floor":13,"turns":6},{"damage":53,"enemies":"Slime Boss","floor":16,"turns":9}],"event_choices":[{"event_name":"The Cleric","player_choice":"Card Removal","floor":10,"damage_taken":0},{"event_name":"Living Wall","player_choice":"Change","floor":14,"damage_taken":0}],"boss_relics":[],"potions_floor_spawned":[1,8,12],"seed_played":"-2025187021621493918","killed_by":"Slime Boss","ascension_level":0,"is_trial":false}