{"gold_per_floor":[109,184,200,250,266,266,299,299,299,299,318,335,346,362,362,436,436,456,342,267,277,277],"floor_reached":22,"playtime":1626,"items_purged":["Strike_R"],"score":376,"play_id":"d99e9e9c-5ea2-4ffe-9e8a-08e8436c0b57","local_time":"20190121192241","is_ascension_mode":true,"campfire_choices":[{"data":"Bash","floor":6,"key":"SMITH"},{"floor":8,"key":"REST"},{"data":"Blood for Blood","floor":10,"key":"SMITH"},{"data":"Fiend Fire","floor":15,"key":"SMITH"}],"neow_cost":"NONE","seed_source_timestamp":793757452544995,"circlet_count":0,"master_deck":["AscendersBane","Strike_R","Strike_R","Strike_R","Defend_R","Defend_R","Defend_R","Defend_R","Bash+1","Blood for Blood+1","Pummel","Headbutt","Metallicize","Anger","Fiend Fire+1","Shrug It Off","Demon Form","Combust","Battle Trance","Corruption"],"relics":["Burning Blood","NeowsBlessing","Shuriken","Gremlin Horn","Mark of Pain"],"potions_floor_usage":[7,18,21],"damage_taken":[{"damage":0,"enemies":"Small Slimes","floor":1,"turns":1},{"damage":0,"enemies":"2 Louse","floor":3,"turns":1},{"damage":0,"enemies":"Cultist","floor":5,"turns":1},{"damage":45,"enemies":"3 Sentries","floor":7,"turns":7},{"damage":5,"enemies":"2 Fungi Beasts","floor":11,"turns":3},{"damage":13,"enemies":"Blue Slaver","floor":12,"turns":5},{"damage":12,"enemies":"Exordium Thugs","floor":13,"turns":3},{"damage":0,"enemies":"2 Fungi Beasts","floor":14,"turns":2},{"damage":26,"enemies":"The Guardian","floor":16,"turns":12},{"damage":18,"enemies":"2 Thieves","floor":18,"turns":4},{"damage":31,"enemies":"Shell Parasite","floor":21,"turns":4},{"damage":32,"enemies":"Snake Plant","floor":22,"turns":2}],"seed_played":"5829947011254662675","potions_obtained":[{"floor":3,"key":"Poison Potion"},{"floor":11,"key":"Swift Potion"},{"floor":13,"key":"GamblersBrew"}],"is_trial":false,"path_per_floor":["M","?","M","?","M","R","E","R","T","R","M","M","M","M","R","B",null,"M","$","?","M","M"],"character_chosen":"IRONCLAD","items_purchased":["Battle Trance"],"campfire_rested":1,"item_purchase_floors":[19],"current_hp_per_floor":[74,63,69,62,68,68,29,51,51,51,52,45,39,45,45,25,63,51,51,51,26,0],"gold":277,"neow_bonus":"THREE_ENEMY_KILL","is_prod":false,"is_daily":false,"chose_seed":false,"campfire_upgraded":3,"win_rate":0,"timestamp":1548058961,"path_taken":["M","?","M","?","?","R","E","R","T","R","M","M","M","M","R","BOSS","M","$","?","M","M"],"build_version":"2019-01-17v2","purchased_purges":1,"victory":false,"max_hp_per_floor":[75,75,75,75,75,75,75,75,75,75,75,75,75,75,75,75,75,75,75,75,75,75],"card_choices":[{"not_picked":["Flex","Heavy Blade"],"picked":"Blood for Blood","floor":1},{"not_picked":["Havoc","Wild Strike"],"picked":"Pummel","floor":3},{"not_picked":["Entrench","Clash"],"picked":"Headbutt","floor":5},{"not_picked":["Ghostly Armor","Iron Wave"],"picked":"Metallicize","floor":7},{"not_picked":["Thunderclap","Clash","Heavy Blade"],"picked":"SKIP","floor":11},{"not_picked":["Twin Strike","Pommel Strike"],"picked":"Anger","floor":12},{"not_picked":["True Grit","Perfected Strike"],"picked":"Fiend Fire","floor":13},{"not_picked":["Fire Breathing","Warcry"],"picked":"Shrug It Off","floor":14},{"not_picked":["Limit Break","Reaper"],"picked":"Demon Form","floor":16},{"not_picked":["Thunderclap","Warcry"],"picked":"Combust","floor":18},{"not_picked":["Combust","Infernal Blade+1"],"picked":"Corruption","floor":21}],"player_experience":646704,"relics_obtained":[{"floor":7,"key":"Shuriken"},{"floor":9,"key":"Gremlin Horn"}],"event_choices":[{"damage_healed":0,"gold_gain":75,"player_choice":"Gather Gold","damage_taken":11,"max_hp_gain":0,"max_hp_loss":0,"event_name":"World of Goop","floor":2,"gold_loss":0},{"damage_healed":0,"gold_gain":50,"player_choice":"Touch","damage_taken":7,"max_hp_gain":0,"max_hp_loss":0,"event_name":"FaceTrader","floor":4,"gold_loss":0},{"cards_removed":["Strike_R"],"damage_healed":0,"gold_gain":0,"player_choice":"Gave Gold","damage_taken":0,"max_hp_gain":0,"max_hp_loss":0,"event_name":"Beggar","floor":20,"gold_loss":75}],"is_beta":false,"boss_relics":[{"not_picked":["Runic Pyramid","Eternal Feather"],"picked":"Mark of Pain"}],"items_purged_floors":[19],"is_endless":false,"potions_floor_spawned":[3,11,13],"killed_by":"Snake Plant","ascension_level":20}