{"gold_per_floor":[119,139,139,150,161,194,194,194,194,194,226,62,93,93],"floor_reached":14,"playtime":309,"items_purged":[],"score":211,"play_id":"eb79d77b-15c2-40db-9cb1-9936896cb160","local_time":"20190107193020","is_ascension_mode":true,"campfire_choices":[{"data":"Sweeping Beam","floor":7.0,"key":"SMITH"},{"floor":10.0,"key":"REST"}],"neow_cost":"NONE","seed_source_timestamp":0,"circlet_count":0,"master_deck":["AscendersBane","Strike_B","Strike_B","Strike_B","Strike_B","Defend_B","Defend_B","Defend_B","Defend_B","Zap+1","Dualcast","Ball Lightning","Sweeping Beam+1","Compile Driver","Ball Lightning","All For One","Scrape","Scrape"],"special_seed":0,"relics":["Cracked Core","Omamori","Unceasing Top","CultistMask","Gremlin Horn","PreservedInsect","Blood Vial","Juzu Bracelet"],"potions_floor_usage":[],"damage_taken":[{"damage":4.0,"enemies":"Small Slimes","floor":1.0,"turns":3.0},{"damage":0.0,"enemies":"Cultist","floor":2.0,"turns":3.0},{"damage":7.0,"enemies":"2 Louse","floor":4.0,"turns":2.0},{"damage":8.0,"enemies":"Blue Slaver","floor":5.0,"turns":3.0},{"damage":20.0,"enemies":"Lagavulin","floor":6.0,"turns":5.0},{"damage":20,"enemies":"3 Sentries","floor":11,"turns":5},{"damage":10,"enemies":"Lagavulin","floor":13,"turns":5}],"seed_played":"-1234069329555347071","potions_obtained":[{"floor":1.0,"key":"Ancient Potion"},{"floor":2.0,"key":"SteroidPotion"},{"floor":5.0,"key":"Ancient Potion"},{"floor":6.0,"key":"Ancient Potion"}],"is_trial":false,"path_per_floor":["M","M","?","M","M","E","R","?","T","R","E","$","E","?"],"character_chosen":"DEFECT","items_purchased":["Blood Vial"],"campfire_rested":1,"item_purchase_floors":[12],"current_hp_per_floor":[60,60,60,53,45,25,25,25,25,46,26,26,18,0],"gold":93,"neow_bonus":"UPGRADE_CARD","is_prod":false,"is_daily":false,"chose_seed":false,"campfire_upgraded":1,"win_rate":0,"timestamp":1546857020,"path_taken":["M","M","?","M","?","E","R","?","T","R","E","?","E","?"],"build_version":"2019-01-03v4","purchased_purges":0,"victory":false,"max_hp_per_floor":[71,71,71,71,71,71,71,71,71,71,71,71,71,71],"card_choices":[{"not_picked":["Leap","Compile Driver"],"picked":"Ball Lightning","floor":1.0},{"not_picked":["Turbo","Scrape"],"picked":"Sweeping Beam","floor":2.0},{"not_picked":["Darkness","Leap"],"picked":"Compile Driver","floor":4.0},{"not_picked":["Recycle","Sweeping Beam"],"picked":"Ball Lightning","floor":5.0},{"not_picked":["Conserve Battery","Double Energy"],"picked":"All For One","floor":6.0},{"not_picked":["Skim","Sweeping Beam"],"picked":"Scrape","floor":11},{"not_picked":["Undo","Rebound"],"picked":"Scrape","floor":13}],"player_experience":1016172,"relics_obtained":[{"floor":6.0,"key":"Unceasing Top"},{"floor":9.0,"key":"Gremlin Horn"},{"floor":11,"key":"PreservedInsect"},{"floor":13,"key":"Juzu Bracelet"}],"event_choices":[{"damage_healed":0.0,"max_hp_gain":0.0,"max_hp_loss":0.0,"gold_gain":0.0,"event_name":"WeMeetAgain","player_choice":"Gave Potion","floor":3.0,"gold_loss":0.0,"damage_taken":0.0,"relics_obtained":["Omamori"]},{"damage_healed":0.0,"max_hp_gain":0.0,"max_hp_loss":0.0,"gold_gain":0.0,"event_name":"FaceTrader","player_choice":"Trade","floor":8.0,"gold_loss":0.0,"damage_taken":0.0,"relics_obtained":["CultistMask"]}],"is_beta":false,"boss_relics":[],"items_purged_floors":[],"is_endless":false,"potions_floor_spawned":[1,2,5,6],"ascension_level":19}