{"gold_per_floor":[109,109,122,136,148,148,162,162,213,22,37,55,55,68,68,170,170,183,183,195,294,307,307,338,349,428,428],"floor_reached":27,"playtime":2481,"items_purged":[],"score":229,"play_id":"9d984a44-efbd-4748-9ef2-ad1cc056c066","local_time":"20181205142551","is_ascension_mode":false,"campfire_choices":[{"data":"After Image","floor":6.0,"key":"SMITH"},{"data":"Neutralize","floor":8.0,"key":"SMITH"},{"floor":13,"key":"REST"},{"data":"Sucker Punch","floor":15,"key":"SMITH"},{"data":"Cloak And Dagger","floor":23,"key":"SMITH"}],"neow_cost":"NONE","seed_source_timestamp":0,"circlet_count":0,"master_deck":["Survivor","Neutralize+1","Prepared","Escape Plan","After Image+1","Sucker Punch+1","Choke","Backflip","Backflip","A Thousand Cuts","PiercingWail","Cloak And Dagger+1","Dagger Throw","Prepared","Outmaneuver","Slice","Dagger Throw","Sucker Punch","Eviscerate","Flechettes","Well Laid Plans+1","Slice+1","Crippling Poison+1","Venomology","Envenom"],"special_seed":0,"relics":["Ring of the Snake","NeowsBlessing","ClockworkSouvenir","Pandora\u0027s Box","Nloth\u0027s Gift","Question Card","Tiny Chest"],"potions_floor_usage":[16,18,24,24,24,25,27],"damage_taken":[{"damage":0.0,"enemies":"Small Slimes","floor":1.0,"turns":1.0},{"damage":0.0,"enemies":"Cultist","floor":3.0,"turns":1.0},{"damage":0.0,"enemies":"2 Louse","floor":4.0,"turns":1.0},{"damage":1.0,"enemies":"Red Slaver","floor":5.0,"turns":7.0},{"damage":1.0,"enemies":"Looter","floor":7.0,"turns":4.0},{"damage":0.0,"enemies":"Blue Slaver","floor":11.0,"turns":5.0},{"damage":32,"enemies":"Gremlin Gang","floor":12,"turns":7},{"damage":0,"enemies":"3 Louse","floor":14,"turns":5},{"damage":18,"enemies":"Hexaghost","floor":16,"turns":15},{"damage":0,"enemies":"2 Thieves","floor":18,"turns":4},{"damage":9,"enemies":"Shell Parasite","floor":20,"turns":6},{"damage":3,"enemies":"Cultist and Chosen","floor":22,"turns":5},{"damage":34,"enemies":"Gremlin Leader","floor":24,"turns":7},{"damage":13,"enemies":"Shelled Parasite and Fungi","floor":25,"turns":4},{"damage":11,"enemies":"Centurion and Healer","floor":27,"turns":7}],"seed_played":"2846923822211222754","potions_obtained":[{"floor":7.0,"key":"Weak Potion"},{"floor":14,"key":"LiquidBronze"},{"floor":16,"key":"GhostInAJar"},{"floor":18,"key":"GhostInAJar"},{"floor":20,"key":"Ancient Potion"}],"is_trial":false,"path_per_floor":["M","?","M","M","M","R","M","M","R","T","$","M","M","R","M","R","B",null,"M","?","M","?","M","R","E","M","T","M"],"character_chosen":"THE_SILENT","items_purchased":["ClockworkSouvenir"],"campfire_rested":1,"item_purchase_floors":[10],"current_hp_per_floor":[70,70,70,70,69,69,68,68,68,68,68,36,57,57,57,39,70,70,70,61,61,58,58,24,11,11,0],"gold":428,"neow_bonus":"THREE_ENEMY_KILL","is_prod":false,"is_daily":false,"chose_seed":false,"campfire_upgraded":4,"win_rate":0.0,"timestamp":1543973151,"path_taken":["M","?","M","M","M","R","M","R","T","$","M","?","R","M","R","BOSS","M","?","?","?","M","R","E","M","T","M"],"build_version":"2018-11-15","purchased_purges":0,"victory":false,"max_hp_per_floor":[70,70,70,70,70,70,70,70,70,70,70,70,70,70,70,70,70,70,70,70,70,70,70,70,70,70,70],"card_choices":[{"not_picked":["Dagger Spray","Concentrate"],"picked":"Bane","floor":1.0},{"not_picked":["Dagger Spray","Accuracy"],"picked":"Prepared","floor":3.0},{"not_picked":["Dagger Spray","Cloak And Dagger"],"picked":"Escape Plan","floor":4.0},{"not_picked":["Reflex","Underhanded Strike"],"picked":"After Image","floor":5.0},{"not_picked":["Reflex","Bane"],"picked":"Sucker Punch","floor":7.0},{"not_picked":["Infinite Blades","Endless Agony"],"picked":"Choke","floor":11.0},{"not_picked":["Deflect","Riddle With Holes"],"picked":"Backflip","floor":12},{"not_picked":["Blur","Slice"],"picked":"Backflip","floor":14},{"not_picked":["After Image","Phantasmal Killer"],"picked":"A Thousand Cuts","floor":16},{"not_picked":["Calculated Gamble+1","Outmaneuver"],"picked":"Well Laid Plans+1","floor":18},{"not_picked":["Poisoned Stab","Flying Knee"],"picked":"Slice+1","floor":20},{"not_picked":["Cloak And Dagger","Concentrate"],"picked":"Crippling Poison+1","floor":22},{"not_picked":["Acrobatics","Blade Dance+1"],"picked":"Venomology","floor":24},{"not_picked":["Concentrate","Noxious Fumes","Reflex+1"],"picked":"Envenom","floor":25}],"player_experience":349041,"relics_obtained":[{"floor":9.0,"key":"MawBank"},{"floor":24,"key":"Question Card"},{"floor":26,"key":"Tiny Chest"}],"event_choices":[{"cards_removed":["Bane"],"damage_healed":5.0,"max_hp_gain":0.0,"max_hp_loss":0.0,"gold_gain":0.0,"event_name":"Bonfire Elementals","player_choice":"Offered Common","floor":2.0,"gold_loss":0.0,"damage_taken":0.0},{"cards_removed":["Bane"],"damage_healed":5.0,"max_hp_gain":0.0,"max_hp_loss":0.0,"gold_gain":0.0,"event_name":"Bonfire Elementals","player_choice":"Offered Special","floor":2.0,"gold_loss":0.0,"damage_taken":0.0},{"damage_healed":0,"gold_gain":0,"player_choice":"Traded Relic","damage_taken":0,"relics_obtained":["Nloth\u0027s Gift"],"max_hp_gain":0,"max_hp_loss":0,"event_name":"N\u0027loth","floor":19,"relics_lost":["MawBank"],"gold_loss":0},{"damage_healed":0,"gold_gain":99,"player_choice":"Stole From Cult","damage_taken":0,"max_hp_gain":0,"max_hp_loss":0,"event_name":"Nest","floor":21,"gold_loss":0}],"is_beta":false,"boss_relics":[{"not_picked":["Fusion Hammer","Snecko Eye"],"picked":"Pandora\u0027s Box"}],"items_purged_floors":[],"is_endless":false,"potions_floor_spawned":[7,14,16,18,20],"killed_by":"Centurion and Healer","ascension_level":0}