{"gold_per_floor":[119,119,44,56,56,91,39,114,114,88,88,114,127,144,144,241,241,252,271,196,196,210,210,225,238,238,249,249,267,267,14,14,112,112,130,130,130,142,142,142,142,43,43,54,54,54,54,54,54,54],"floor_reached":50,"playtime":566,"items_purged":["Defend_R","Defend_R"],"score":578,"play_id":"0f2c807e-4eb7-476b-b832-1be3fdb63e4b","local_time":"20181229010321","is_ascension_mode":false,"campfire_choices":[{"data":"Flex","floor":11,"key":"SMITH"},{"data":"Sword Boomerang","floor":15,"key":"SMITH"},{"data":"Limit Break","floor":23,"key":"SMITH"},{"floor":30,"key":"REST"},{"data":"Bash","floor":32,"key":"SMITH"},{"floor":40,"key":"REST"},{"data":"Pain","floor":47,"key":"PURGE"},{"floor":49,"key":"REST"}],"neow_cost":"NONE","seed_source_timestamp":103991984171371,"circlet_count":0,"master_deck":["Strike_R+1","Strike_R+1","Bash+1","Flex+1","Sword Boomerang+1","Limit Break+1","Flex+1","Dropkick+1","Carnage+1","Cleave+1"],"relics":["Burning Blood","NeowsBlessing","StoneCalendar","Bottled Flame","Meat on the Bone","Pen Nib","Busted Crown","Boot","Lantern","Astrolabe","Whetstone","WarpedTongs","Peace Pipe"],"potions_floor_usage":[12,33,33,45,45],"damage_taken":[{"damage":0,"enemies":"2 Louse","floor":1,"turns":1},{"damage":0,"enemies":"Jaw Worm","floor":4,"turns":1},{"damage":0,"enemies":"3 Sentries","floor":6,"turns":1},{"damage":0,"enemies":"Gremlin Nob","floor":12,"turns":2},{"damage":0,"enemies":"Small Slimes","floor":13,"turns":2},{"damage":16,"enemies":"Exordium Thugs","floor":14,"turns":3},{"damage":32,"enemies":"Slime Boss","floor":16,"turns":8},{"damage":10,"enemies":"2 Thieves","floor":18,"turns":2},{"damage":13,"enemies":"3 Byrds","floor":19,"turns":4},{"damage":0,"enemies":"Snake Plant","floor":22,"turns":2},{"damage":25,"enemies":"3 Cultists","floor":24,"turns":4},{"damage":20,"enemies":"Centurion and Healer","floor":25,"turns":3},{"damage":18,"enemies":"Shelled Parasite and Fungi","floor":27,"turns":2},{"damage":21,"enemies":"Snake Plant","floor":29,"turns":2},{"damage":0,"enemies":"Collector","floor":33,"turns":2},{"damage":9,"enemies":"3 Shapes","floor":35,"turns":2},{"damage":27,"enemies":"3 Darklings","floor":38,"turns":3},{"damage":37,"enemies":"4 Shapes","floor":44,"turns":3},{"damage":0,"enemies":"Nemesis","floor":45,"turns":1},{"damage":104,"enemies":"Donu and Deca","floor":50,"turns":4}],"seed_played":"-5148978870973254616","potions_obtained":[{"floor":4,"key":"SteroidPotion"},{"floor":6,"key":"FearPotion"},{"floor":22,"key":"Strength Potion"},{"floor":24,"key":"FairyPotion"},{"floor":27,"key":"Swift Potion"},{"floor":33,"key":"GamblersBrew"}],"is_trial":false,"path_per_floor":["M","?","$","M","T","E","$","?","T","$","R","E","M","M","R","B",null,"M","M","?","?","M","R","M","M","T","M","?","M","R","$","R","B",null,"M","?","?","M","T","R","?","$","T","M","E","$","R","$","R","B"],"character_chosen":"IRONCLAD","items_purchased":["Flex","Sword Boomerang","Lantern","SmokeBomb"],"campfire_rested":3,"item_purchase_floors":[7,10,31,42],"current_hp_per_floor":[80,73,73,79,79,80,80,69,69,69,69,75,80,70,70,56,80,76,69,69,69,75,75,56,54,54,54,39,36,61,61,61,67,85,82,81,81,60,60,81,81,81,81,50,56,56,56,56,80,0],"gold":54,"neow_bonus":"THREE_ENEMY_KILL","is_prod":false,"is_daily":false,"chose_seed":false,"campfire_upgraded":4,"win_rate":1,"timestamp":1546063401,"path_taken":["M","?","$","M","?","E","$","?","T","?","R","E","M","M","R","BOSS","M","M","?","?","?","R","M","?","T","M","?","M","R","$","R","BOSS","M","?","?","M","?","R","?","$","T","M","E","$","R","$","R","BOSS"],"build_version":"2018-12-20","purchased_purges":2,"victory":false,"max_hp_per_floor":[80,80,80,80,80,80,80,80,80,80,80,80,80,80,80,80,80,80,80,80,80,80,80,80,80,80,80,85,85,85,85,85,85,85,85,81,81,81,81,81,81,81,81,81,81,81,81,81,81,81],"card_choices":[{"not_picked":["Bludgeon","Brutality"],"picked":"Limit Break","floor":16}],"player_experience":132954,"relics_obtained":[{"floor":5,"key":"StoneCalendar"},{"floor":6,"key":"Bottled Flame"},{"floor":9,"key":"Meat on the Bone"},{"floor":12,"key":"Pen Nib"},{"floor":26,"key":"Boot"},{"floor":39,"key":"Whetstone"},{"floor":43,"key":"Peace Pipe"}],"event_choices":[{"cards_removed":["Defend_R"],"damage_healed":0,"gold_gain":0,"player_choice":"Card Removal","damage_taken":7,"max_hp_gain":0,"max_hp_loss":0,"event_name":"Golden Wing","floor":2,"gold_loss":0},{"damage_healed":0,"gold_gain":75,"player_choice":"Gather Gold","damage_taken":11,"max_hp_gain":0,"max_hp_loss":0,"event_name":"World of Goop","floor":8,"gold_loss":0},{"cards_removed":["Defend_R"],"damage_healed":0,"gold_gain":0,"player_choice":"Gave Gold","damage_taken":0,"max_hp_gain":0,"max_hp_loss":0,"event_name":"Beggar","floor":20,"gold_loss":75},{"damage_healed":0,"gold_gain":0,"player_choice":"Copied","damage_taken":0,"max_hp_gain":0,"max_hp_loss":0,"event_name":"Duplicator","floor":21,"gold_loss":0,"cards_obtained":["Flex"]},{"damage_healed":0,"gold_gain":0,"player_choice":"Shed Blood","damage_taken":20,"max_hp_gain":5,"max_hp_loss":0,"event_name":"Forgotten Altar","floor":28,"gold_loss":0},{"damage_healed":0,"gold_gain":0,"player_choice":"Max HP","damage_taken":0,"max_hp_gain":0,"max_hp_loss":4,"event_name":"Winding Halls","floor":36,"gold_loss":0},{"damage_healed":0,"gold_gain":0,"player_choice":"Memory 1","damage_taken":0,"max_hp_gain":0,"max_hp_loss":0,"event_name":"SensoryStone","floor":37,"gold_loss":0},{"damage_healed":0,"gold_gain":0,"player_choice":"Rummage","damage_taken":0,"relics_obtained":["WarpedTongs"],"max_hp_gain":0,"max_hp_loss":0,"event_name":"Accursed Blacksmith","floor":41,"gold_loss":0,"cards_obtained":["Pain"]}],"is_beta":false,"boss_relics":[{"not_picked":["Velvet Choker","Philosopher\u0027s Stone"],"picked":"Busted Crown"},{"not_picked":["Orrery","Lizard Tail"],"picked":"Astrolabe"}],"items_purged_floors":[3,31],"is_endless":false,"potions_floor_spawned":[4,6,22,24,27,29,33,44,45],"killed_by":"Donu and Deca","ascension_level":0}