{"gold_per_floor":[139,139,10,10,10,10,10,10,10,10,25,42,52,4,4,99,99,118,131,7,24,35,106,106,122,177,177,177],"floor_reached":28,"playtime":2033,"items_purged":["Defend_G"],"score":208,"play_id":"de30bc01-80b2-4de6-a5fb-2d3395ac8e58","local_time":"20181028010847","is_ascension_mode":false,"campfire_choices":[{"data":"Expertise","floor":6,"key":"SMITH"},{"data":"Cloak And Dagger","floor":8,"key":"SMITH"},{"floor":15,"key":"REST"},{"floor":24,"key":"REST"}],"neow_cost":"NONE","seed_source_timestamp":1408282948920615,"circlet_count":0,"master_deck":["Defend_G","Defend_G","Defend_G","Defend_G+1","Strike_G","Strike_G","Strike_G+1","Strike_G","Strike_G","Survivor","Neutralize","Catalyst","Cloak And Dagger+1","Neutralize","Expertise+1","Noxious Fumes","Poisoned Stab","Slice","Poisoned Stab","Adrenaline","Crippling Poison","Poisoned Stab","Bouncing Flask","Slice","Dagger Spray+1","Slice"],"relics":["Ring of the Snake","Tiny Chest","Omamori","Lizard Tail","Singing Bowl","Centennial Puzzle"],"potions_floor_usage":[16,16,16,19],"damage_taken":[{"damage":3,"enemies":"Small Slimes","floor":1,"turns":4},{"damage":0,"enemies":"Jaw Worm","floor":11,"turns":3},{"damage":4,"enemies":"Cultist","floor":12,"turns":4},{"damage":4,"enemies":"Blue Slaver","floor":13,"turns":4},{"damage":32,"enemies":"Slime Boss","floor":16,"turns":13},{"damage":10,"enemies":"Shell Parasite","floor":18,"turns":5},{"damage":1,"enemies":"2 Thieves","floor":19,"turns":4},{"damage":25,"enemies":"Chosen and Byrds","floor":21,"turns":5},{"damage":5,"enemies":"Snake Plant","floor":22,"turns":3},{"damage":34,"enemies":"Shelled Parasite and Fungi","floor":25,"turns":6},{"damage":2,"enemies":"Chosen and Byrds","floor":28,"turns":4}],"seed_played":"5487247951277565928","potions_obtained":[{"floor":1,"key":"Block Potion"},{"floor":11,"key":"Energy Potion"},{"floor":13,"key":"Explosive Potion"},{"floor":18,"key":"SneckoOil"},{"floor":25,"key":"Poison Potion"}],"is_trial":false,"path_per_floor":["M","?","$","?","$","R","?","R","T","$","M","M","M","$","R","B",null,"M","M","$","M","M","T","R","M","T","?"],"character_chosen":"THE_SILENT","items_purchased":["Cloak And Dagger","Poisoned Stab","Bouncing Flask","Slice"],"campfire_rested":2,"item_purchase_floors":[3,14,20,20],"current_hp_per_floor":[67,53,53,53,53,53,53,53,53,53,53,49,45,45,66,34,70,60,59,59,34,29,29,50,18,18,23,21],"gold":177,"neow_bonus":"RANDOM_COMMON_RELIC","is_prod":false,"is_daily":false,"chose_seed":false,"campfire_upgraded":2,"win_rate":0.0,"timestamp":1540642127,"path_taken":["M","?","$","?","$","R","?","R","T","?","?","M","M","?","R","BOSS","M","M","$","M","M","?","R","M","T","?","M"],"build_version":"2018-10-25v2","purchased_purges":1,"victory":false,"max_hp_per_floor":[70,70,70,70,70,70,70,70,70,70,70,70,70,70,70,70,70,70,70,70,70,70,70,70,72,72,72,72],"card_choices":[{"not_picked":["Slice","Crippling Poison"],"picked":"Catalyst","floor":1},{"not_picked":["Dodge and Roll","Outmaneuver"],"picked":"Noxious Fumes","floor":11},{"not_picked":["Dagger Spray","Deadly Poison"],"picked":"Poisoned Stab","floor":12},{"not_picked":["Heel Hook","All Out Attack"],"picked":"Slice","floor":13},{"not_picked":["Grand Finale","Night Terror"],"picked":"Adrenaline","floor":16},{"not_picked":["Deadly Poison+1","Underhanded Strike"],"picked":"Crippling Poison","floor":18},{"not_picked":["Acrobatics","Flying Knee"],"picked":"Poisoned Stab","floor":19},{"not_picked":["Acrobatics","Cloak And Dagger"],"picked":"Dagger Spray+1","floor":21},{"not_picked":["Leg Sweep","Acrobatics+1"],"picked":"Slice","floor":22},{"not_picked":["Expertise","PiercingWail+1","Underhanded Strike"],"picked":"Singing Bowl","floor":25}],"player_experience":264548,"relics_obtained":[{"floor":9,"key":"Omamori"},{"floor":23,"key":"Singing Bowl"},{"floor":26,"key":"Centennial Puzzle"}],"event_choices":[{"damage_healed":0,"gold_gain":0,"player_choice":"Entered Light","damage_taken":14,"max_hp_gain":0,"max_hp_loss":0,"event_name":"Shining Light","floor":2,"gold_loss":0,"cards_upgraded":["Strike_G","Defend_G"]},{"damage_healed":0,"gold_gain":0,"player_choice":"3 cards matched","damage_taken":0,"max_hp_gain":0,"max_hp_loss":0,"event_name":"Match and Keep!","floor":4,"gold_loss":0,"cards_obtained":["Neutralize","Cloak And Dagger","Expertise"]},{"damage_healed":0,"gold_gain":0,"player_choice":"Leave","damage_taken":0,"max_hp_gain":0,"max_hp_loss":0,"event_name":"The Cleric","floor":7,"gold_loss":0},{"cards_removed":["Cloak And Dagger"],"damage_healed":5,"gold_gain":0,"player_choice":"Offered Common","damage_taken":0,"max_hp_gain":0,"max_hp_loss":0,"event_name":"Bonfire Elementals","floor":27,"gold_loss":0},{"cards_removed":["Cloak And Dagger"],"damage_healed":5,"gold_gain":0,"player_choice":"Offered Special","damage_taken":0,"max_hp_gain":0,"max_hp_loss":0,"event_name":"Bonfire Elementals","floor":27,"gold_loss":0}],"is_beta":false,"boss_relics":[{"not_picked":["Sozu","Black Star"],"picked":"Lizard Tail"}],"items_purged_floors":[3],"is_endless":false,"potions_floor_spawned":[1,11,13,18,25],"killed_by":"Chosen and Byrds","ascension_level":0}