{"path_per_floor":["M","M","?","M","M","E","R","M","T","E","M","M","R","T","R","B",null,"M","$","M","M","?","R","?","?","T","R","E","M","M","E","R","B",null,"M","M","?","M","$","R","?","R","T","?","M","M","$","E","R","B"],"character_chosen":"DEFECT","items_purchased":["FTL","Bag of Marbles","Anchor","Letter Opener","Explosive Potion","Ice Cream","Glacier"],"gold_per_floor":[219,236,311,329,349,378,378,396,422,452,464,479,479,479,479,584,584,595,134,147,161,111,111,111,111,111,111,139,150,161,188,188,284,284,304,324,324,341,36,36,336,336,336,336,355,372,8,42,42,42],"floor_reached":51,"campfire_rested":3,"playtime":3848,"current_hp_per_floor":[70,70,59,58,34,28,50,50,50,35,30,15,37,37,37,37,75,66,66,66,66,66,66,66,52,52,52,61,55,52,42,69,34,90,85,85,75,71,71,83,83,90,90,90,90,90,90,80,90,60],"items_purged":["Strike_B"],"gold":42,"score":779,"play_id":"fb0f5f6d-b592-42bc-89e9-086751db64ae","local_time":"20180429134447","is_prod":false,"is_daily":false,"chose_seed":false,"is_ascension_mode":false,"campfire_upgraded":4,"timestamp":1525002287,"path_taken":["M","M","?","M","?","E","R","M","T","E","M","M","R","?","R","BOSS","M","$","M","M","?","R","?","?","T","R","E","M","M","E","R","BOSS","M","M","?","M","$","R","?","R","T","?","M","M","$","E","R","BOSS"],"build_version":"2018-04-27v3","seed_source_timestamp":299527959276,"purchased_purges":1,"victory":true,"master_deck":["Strike_B+1","Strike_B","Strike_B+1","Defend_B","Defend_B+1","Defend_B","Defend_B+1","Zap+1","Dualcast","Streamline","Coolheaded","Darkness","Rebound","Defragment+1","Leap","Barrage","Seek","Sunder+1","FTL","Auto Shields","Writhe","Aggregate+1","Capacitor+1","Cold Snap+1","Reboot+1","Reinforced Body+1","Blind","Trip","Deep Breath","Ball Lightning+1","Leap+1","Skim+1","Glacier+1"],"max_hp_per_floor":[75,75,75,75,75,75,75,75,75,75,75,75,75,75,75,75,75,75,75,75,75,75,75,75,80,80,80,90,90,90,90,90,90,90,90,90,90,90,90,90,90,90,90,90,90,90,90,90,90,90],"relics":["Cracked Core","Bag of Preparation","Whetstone","Bronze Scales","Girya","Nuclear Battery","Bag of Marbles","Anchor","War Paint","Ginger","Pear","Mercury Hourglass","Eternal Feather","Letter Opener","Toxic Egg 2","Ice Cream","Vajra"],"card_choices":[{"not_picked":["Skim","Steam Power"],"picked":"Streamline","floor":1.0},{"not_picked":["Capacitor","Skim"],"picked":"Coolheaded","floor":2.0},{"not_picked":["Turbo","Scrape"],"picked":"Darkness","floor":4.0},{"not_picked":["Skim","Flux Capacitor"],"picked":"Ball Lightning","floor":5.0},{"not_picked":["Aggregate","Streamline"],"picked":"Rebound","floor":6.0},{"not_picked":["Capacitor","Streamline"],"picked":"Defragment","floor":8.0},{"not_picked":["Rip and Tear","Conserve Battery"],"picked":"Leap","floor":10.0},{"not_picked":["Hologram","Streamline"],"picked":"Barrage","floor":12.0},{"not_picked":["Fission","Machine Learning"],"picked":"Seek","floor":16.0},{"not_picked":["Barrage","Go for the Eyes"],"picked":"Sunder","floor":18.0},{"not_picked":["Creative AI","Rebound"],"picked":"Auto Shields","floor":21.0},{"not_picked":["Rebound","Heatsinks"],"picked":"Aggregate","floor":28.0},{"not_picked":["Doom and Gloom","Genetic Algorithm"],"picked":"Capacitor","floor":29.0},{"not_picked":["Gash","Darkness"],"picked":"Cold Snap","floor":30.0},{"not_picked":["Meteor Strike","All For One"],"picked":"Reboot","floor":33.0},{"not_picked":["Steam Power","Double Energy"],"picked":"Reinforced Body","floor":36.0},{"not_picked":["Deep Breath","Panacea"],"picked":"Blind","floor":37.0},{"not_picked":["Panacea","Thinking Ahead"],"picked":"Trip","floor":37.0},{"not_picked":["Madness","Enlightenment"],"picked":"Deep Breath","floor":37.0},{"not_picked":["Leap","Hologram"],"picked":"Ball Lightning","floor":38.0},{"not_picked":["Sweeping Beam","Skim"],"picked":"Leap","floor":45.0},{"not_picked":["Turbo","Coolheaded"],"picked":"Skim","floor":46}],"player_experience":19724,"potions_floor_usage":[48,50,50],"damage_taken":[{"damage":5.0,"enemies":"Small Slimes","floor":1.0,"turns":3.0},{"damage":0.0,"enemies":"2 Louse","floor":2.0,"turns":2.0},{"damage":1.0,"enemies":"Cultist","floor":4.0,"turns":3.0},{"damage":24.0,"enemies":"Exordium Thugs","floor":5.0,"turns":7.0},{"damage":6.0,"enemies":"Gremlin Nob","floor":6.0,"turns":3.0},{"damage":0.0,"enemies":"Large Slime","floor":8.0,"turns":4.0},{"damage":15.0,"enemies":"Lagavulin","floor":10.0,"turns":5.0},{"damage":5.0,"enemies":"Looter","floor":11.0,"turns":2.0},{"damage":15.0,"enemies":"2 Fungi Beasts","floor":12.0,"turns":2.0},{"damage":0.0,"enemies":"Slime Boss","floor":16.0,"turns":6.0},{"damage":9.0,"enemies":"Shell Parasite","floor":18.0,"turns":4.0},{"damage":0.0,"enemies":"Spheric Guardian","floor":20.0,"turns":3.0},{"damage":0.0,"enemies":"Snake Plant","floor":21.0,"turns":3.0},{"damage":1.0,"enemies":"Slavers","floor":28.0,"turns":4.0},{"damage":6.0,"enemies":"Snecko","floor":29.0,"turns":3.0},{"damage":3.0,"enemies":"Sentry and Sphere","floor":30.0,"turns":4.0},{"damage":10.0,"enemies":"Gremlin Leader","floor":31.0,"turns":7.0},{"damage":35.0,"enemies":"Collector","floor":33.0,"turns":8.0},{"damage":5.0,"enemies":"Orb Walker","floor":35.0,"turns":2.0},{"damage":0.0,"enemies":"3 Shapes","floor":36.0,"turns":2.0},{"damage":4.0,"enemies":"Flame Bruiser 2 Orb","floor":38.0,"turns":5.0},{"damage":0.0,"enemies":"4 Shapes","floor":45.0,"turns":4.0},{"damage":0,"enemies":"Spire Growth","floor":46,"turns":4},{"damage":10,"enemies":"Nemesis","floor":48,"turns":5},{"damage":45,"enemies":"Time Eater","floor":50,"turns":13}],"event_choices":[{"event_name":"World of Goop","player_choice":"Gather Gold","floor":3.0,"damage_taken":0.0},{"event_name":"The Joust","player_choice":"Bet on Murderer","floor":22.0,"damage_taken":0.0},{"event_name":"The Mausoleum","player_choice":"Yes","floor":24.0,"damage_taken":0.0},{"event_name":"Forgotten Altar","player_choice":"Shed Blood","floor":25.0,"damage_taken":0.0},{"event_name":"SensoryStone","player_choice":"Memory 3","floor":37.0,"damage_taken":0.0},{"event_name":"Wheel of Change","player_choice":"Gold","floor":41.0,"damage_taken":0.0}],"boss_relics":[],"potions_floor_spawned":[4,5,6,11,18,20,21,28,30,35,46],"seed_played":"6256544459215904088","ascension_level":0,"is_trial":false}