{"path_per_floor":["M","?","M","?","$","E","?","R","T","R","E","M","T","M","R","B",null,"M","M","M","M","?","E","R","M","T","E","R","E","M","?","R","B",null,"M","?","M","?","$","E","R","E","T","R","?","M","M","M","R","B"],"character_chosen":"DEFECT","items_purchased":["Compile Driver","Calipers","Whetstone","Consume"],"gold_per_floor":[119,119,137,137,38,74,74,74,101,101,132,150,201,217,217,337,337,320,333,351,374,289,333,333,347,347,382,382,420,443,443,443,572,572,592,592,610,610,81,117,117,151,151,151,484,497,514,530,530,530],"floor_reached":51,"campfire_rested":2,"playtime":3923,"item_purchase_floors":[5,39,39,39],"current_hp_per_floor":[67,67,63,49,49,6,6,26,26,46,31,35,35,39,39,43,68,68,70,67,70,70,53,63,72,72,65,72,72,76,76,76,73,81,83,83,83,83,83,79,83,83,83,83,83,83,87,89,89,85],"items_purged":["Injury"],"gold":530,"score":1070,"play_id":"46955bd7-af4e-4ddb-8910-0af622e2ef17","local_time":"20180604234255","is_prod":false,"is_daily":false,"chose_seed":false,"is_ascension_mode":true,"campfire_upgraded":7,"win_rate":0,"timestamp":1528148575,"campfire_choices":[{"floor":8,"key":"REST"},{"floor":10,"key":"REST"},{"data":"Zap","floor":15,"key":"SMITH"},{"data":"White Noise","floor":24,"key":"SMITH"},{"data":"Chill","floor":28,"key":"SMITH"},{"data":"Dualcast","floor":32,"key":"SMITH"},{"data":"Consume","floor":41,"key":"SMITH"},{"data":"FTL","floor":44,"key":"SMITH"},{"data":"Compile Driver","floor":49,"key":"SMITH"}],"path_taken":["M","?","M","?","$","E","?","R","T","R","E","M","?","M","R","BOSS","M","M","M","M","?","E","R","M","T","E","R","E","M","?","R","BOSS","M","?","?","?","?","E","R","E","T","R","?","?","M","M","R","BOSS"],"build_version":"2018-05-31","seed_source_timestamp":116257633692285,"purchased_purges":1,"victory":true,"master_deck":["Strike_B","Strike_B+1","Strike_B","Strike_B+1","Defend_B+1","Defend_B+1","Defend_B","Defend_B","Zap+1","Dualcast+1","Conserve Battery","White Noise+1","Compile Driver+1","Chill+1","Buffer+1","Doom and Gloom","FTL+1","Hologram","Cold Snap","Biased Cognition+1","Heatsinks+1","Loop+1","Rip and Tear+1","Machine Learning+1","Conserve Battery+1","Stack","Capacitor+1","Coolheaded+1","Stack","Biased Cognition+1","Buffer+1","Hologram+1","Go for the Eyes+1","Electrodynamics+1","Consume+1","Redo+1","Electrodynamics+1","Static Discharge+1","Go for the Eyes+1","Stack+1"],"max_hp_per_floor":[68,68,68,68,68,68,68,68,68,68,68,68,68,68,68,68,68,68,70,70,70,70,70,70,72,72,72,72,72,76,76,76,81,81,83,83,83,83,83,83,83,83,83,83,83,83,87,89,89,89],"relics":["Cracked Core","Bird Faced Urn","Frozen Egg 2","Singing Bowl","Prayer Wheel","Anchor","Eternal Feather","Darkstone Periapt","Cables","Smiling Mask","Bronze Scales","Meat on the Bone","Inserter","Calipers","Whetstone","Emotion Chip","DataDisk","Gremlin Horn"],"card_choices":[{"not_picked":["Steam","BootSequence"],"picked":"Conserve Battery","floor":1},{"not_picked":["Go for the Eyes","Sweeping Beam"],"picked":"White Noise","floor":3},{"not_picked":["Barrage","Gash"],"picked":"Chill","floor":6},{"not_picked":["Hologram","Reboot"],"picked":"Buffer+1","floor":11},{"not_picked":["Compile Driver","Aggregate"],"picked":"Doom and Gloom","floor":12},{"not_picked":["Chill","Ball Lightning"],"picked":"FTL","floor":12},{"not_picked":["Conserve Battery","Glacier"],"picked":"Hologram","floor":14},{"not_picked":["Go for the Eyes","Double Energy"],"picked":"Cold Snap","floor":14},{"not_picked":["Multi-Cast","All For One"],"picked":"Biased Cognition+1","floor":16},{"not_picked":["Steam","Stack"],"picked":"Heatsinks+1","floor":18},{"not_picked":["Gash","Skim"],"picked":"Ball Lightning+1","floor":18},{"not_picked":["Conserve Battery","Barrage","Gash+1"],"picked":"Singing Bowl","floor":19},{"not_picked":["Compile Driver+1","Auto Shields"],"picked":"Loop+1","floor":19},{"not_picked":["BootSequence+1","Leap"],"picked":"Rip and Tear+1","floor":20},{"not_picked":["Cold Snap","Skim+1"],"picked":"Machine Learning+1","floor":20},{"not_picked":["Coolheaded","Turbo+1"],"picked":"Conserve Battery+1","floor":21},{"not_picked":["Recycle+1","Ball Lightning+1"],"picked":"Stack","floor":21},{"not_picked":["White Noise","Reprogram"],"picked":"Capacitor+1","floor":23},{"not_picked":["Beam Cell+1","Leap","Core Surge"],"picked":"Singing Bowl","floor":25},{"not_picked":["Beam Cell","Force Field"],"picked":"Coolheaded+1","floor":25},{"not_picked":["Go for the Eyes","Beam Cell+1"],"picked":"Stack","floor":27},{"not_picked":["Rebound+1","Skim"],"picked":"Biased Cognition+1","floor":29},{"not_picked":["Conserve Battery","Auto Shields","Lockon"],"picked":"Singing Bowl","floor":30},{"not_picked":["Doom and Gloom","Genetic Algorithm","Barrage"],"picked":"Singing Bowl","floor":30},{"not_picked":["Thunder Strike","Rainbow"],"picked":"Buffer+1","floor":33},{"not_picked":["FTL+1","Lockon"],"picked":"Hologram+1","floor":35},{"not_picked":["Conserve Battery","Steam+1","Streamline+1"],"picked":"Singing Bowl","floor":35},{"not_picked":["Steam Power+1","Compile Driver"],"picked":"Go for the Eyes+1","floor":37},{"not_picked":["Redo+1","Hello World+1"],"picked":"Electrodynamics+1","floor":37},{"not_picked":["Gash","Lockon"],"picked":"Redo+1","floor":40},{"not_picked":["Streamline+1","Rebound+1"],"picked":"Electrodynamics+1","floor":42},{"not_picked":["Rebound","Turbo+1"],"picked":"Static Discharge+1","floor":46},{"not_picked":["Compile Driver+1","Conserve Battery"],"picked":"Go for the Eyes+1","floor":46},{"not_picked":["Leap","Chaos","Reinforced Body+1"],"picked":"Singing Bowl","floor":47},{"not_picked":["Undo+1","Reinforced Body","Streamline"],"picked":"Singing Bowl","floor":47},{"not_picked":["Beam Cell","Gash+1","Turbo"],"picked":"Singing Bowl","floor":48},{"not_picked":["Compile Driver+1","Beam Cell+1"],"picked":"Stack+1","floor":48}],"player_experience":713576,"potions_floor_usage":[20,27,33,33,50,50],"damage_taken":[{"damage":1,"enemies":"Cultist","floor":1,"turns":3},{"damage":4,"enemies":"Jaw Worm","floor":3,"turns":4},{"damage":45,"enemies":"Gremlin Nob","floor":6,"turns":5},{"damage":24,"enemies":"Lagavulin","floor":11,"turns":8},{"damage":0,"enemies":"Small Slimes","floor":12,"turns":3},{"damage":0,"enemies":"Blue Slaver","floor":14,"turns":5},{"damage":0,"enemies":"Slime Boss","floor":16,"turns":6},{"damage":0,"enemies":"2 Thieves","floor":18,"turns":4},{"damage":0,"enemies":"Shell Parasite","floor":19,"turns":5},{"damage":3,"enemies":"Cultist and Chosen","floor":20,"turns":6},{"damage":1,"enemies":"Sentry and Sphere","floor":21,"turns":5},{"damage":23,"enemies":"Book of Stabbing","floor":23,"turns":7},{"damage":2,"enemies":"Centurion and Healer","floor":25,"turns":7},{"damage":15,"enemies":"Gremlin Leader","floor":27,"turns":9},{"damage":0,"enemies":"Book of Stabbing","floor":29,"turns":5},{"damage":0,"enemies":"Snake Plant","floor":30,"turns":3},{"damage":22,"enemies":"Champ","floor":33,"turns":8},{"damage":5,"enemies":"3 Darklings","floor":35,"turns":7},{"damage":6,"enemies":"3 Shapes","floor":37,"turns":4},{"damage":14,"enemies":"2 Orb Walkers","floor":40,"turns":7},{"damage":0,"enemies":"Nemesis","floor":42,"turns":7},{"damage":0,"enemies":"3 Darklings","floor":46,"turns":4},{"damage":0,"enemies":"Maw","floor":47,"turns":6},{"damage":5,"enemies":"Sphere and 2 Shapes","floor":48,"turns":4},{"damage":14,"enemies":"Awakened One","floor":50,"turns":8}],"relics_obtained":[{"floor":6,"key":"Frozen Egg 2"},{"floor":9,"key":"Singing Bowl"},{"floor":11,"key":"Prayer Wheel"},{"floor":13,"key":"Anchor"},{"floor":23,"key":"Cables"},{"floor":26,"key":"Smiling Mask"},{"floor":27,"key":"Bronze Scales"},{"floor":29,"key":"Meat on the Bone"},{"floor":40,"key":"Emotion Chip"},{"floor":42,"key":"DataDisk"},{"floor":43,"key":"Gremlin Horn"}],"event_choices":[{"event_name":"Golden Idol","player_choice":"Take Wound","floor":2,"damage_taken":0},{"event_name":"Shining Light","player_choice":"Entered Light","floor":4,"damage_taken":0},{"event_name":"Scrap Ooze","player_choice":"unsuccessful","floor":7,"damage_taken":0},{"event_name":"Addict","player_choice":"Obtained Relic","floor":22,"damage_taken":0},{"event_name":"The Lab","player_choice":"Got Potions","floor":31,"damage_taken":0},{"event_name":"Tomb of Lord Red Mask","player_choice":"Ignored","floor":38,"damage_taken":0},{"event_name":"The Moai Head","player_choice":"Gave Idol","floor":45,"damage_taken":0}],"boss_relics":[{"not_picked":["Lizard Tail","Ectoplasm"],"picked":"Eternal Feather"},{"not_picked":["Astrolabe","Pandora\u0027s Box"],"picked":"Inserter"}],"items_purged_floors":[5],"potions_floor_spawned":[12,16,21,29,30,33,37,40,42],"seed_played":"1123900405466147872","ascension_level":4,"potions_obtained":[{"floor":12,"key":"FocusPotion"},{"floor":16,"key":"SpeedPotion"},{"floor":21,"key":"PowerPotion"},{"floor":29,"key":"AttackPotion"},{"floor":30,"key":"Fruit Juice"},{"floor":33,"key":"EssenceOfSteel"},{"floor":37,"key":"SteroidPotion"},{"floor":40,"key":"Poison Potion"}],"is_trial":false}