{"path_per_floor":["M","?","?","?","M","E","R","E","T","M","M","$","R","M","R","B",null,"M","?","$","M","$","R","M","R","T","M","R","?","M","$","R","B",null,"M","?","M"],"character_chosen":"IRONCLAD","items_purchased":["Limit Break","Flex","Good Instincts","Twin Strike","Happy Flower"],"gold_per_floor":[112,187,187,187,211,250,250,289,315,338,352,22,22,36,36,160,160,175,175,26,42,42,42,55,55,55,74,74,74,99,24,24,150,150,170,170,183],"floor_reached":38,"campfire_rested":4,"playtime":1544,"current_hp_per_floor":[80,69,62,62,68,74,74,52,52,58,50,50,50,52,76,10,80,47,47,47,33,33,57,47,71,71,55,55,55,40,40,64,11,80,55,55,44],"items_purged":["Strike_R"],"gold":183,"score":469,"play_id":"c95c0df9-b2a8-42ae-ac24-1bbfcca3e73d","local_time":"20180310130218","is_prod":false,"is_daily":false,"is_ascension_mode":true,"campfire_upgraded":3,"timestamp":1520683338,"path_taken":["M","?","?","?","M","E","R","E","T","M","M","$","R","M","R","BOSS","M","?","$","M","$","R","M","R","T","M","R","?","?","?","R","BOSS","M","?","M","?"],"build_version":"2018-03-09","purchased_purges":1,"victory":false,"master_deck":["Strike_R","Defend_R","Defend_R","Defend_R","Defend_R","Bash","Heavy Blade","True Grit","Rampage","Shrug It Off","Limit Break+1","Flex+1","Good Instincts","Twin Strike","Clothesline","Bludgeon","Inflame+1","Pommel Strike+1","Intimidate+1","True Grit+1","Impervious+1","Sentinel+1","Impervious+1","Seeing Red+1"],"max_hp_per_floor":[80,80,80,80,80,80,80,80,80,80,80,80,80,80,80,80,80,80,80,80,80,80,80,80,80,80,80,80,80,80,80,80,80,80,80,80,80],"relics":["Burning Blood","NeowsBlessing","Golden Idol","Ginger","Mummified Hand","Omamori","Lizard Tail","Happy Flower","Toxic Egg 2","Astrolabe","Spirit Poop"],"card_choices":[{"not_picked":["Iron Wave","True Grit"],"picked":"Heavy Blade"},{"not_picked":["Thunderclap","Warcry"],"picked":"Perfected Strike"},{"not_picked":["Brutality","Bloodletting"],"picked":"True Grit"},{"not_picked":["Disarm","Berserk"],"picked":"Rampage"},{"not_picked":["Evolve","Infernal Blade"],"picked":"Shrug It Off"},{"not_picked":["Dropkick","Pommel Strike"],"picked":"Clothesline"},{"not_picked":["Double Tap","Offering"],"picked":"Bludgeon"},{"not_picked":["Heavy Blade","Searing Blow"],"picked":"Inflame"},{"not_picked":["Dropkick","Carnage"],"picked":"Pommel Strike"},{"not_picked":["Feel No Pain","Sentinel"],"picked":"Intimidate"},{"not_picked":["Sever Soul","Havoc"],"picked":"True Grit"},{"not_picked":["Demon Form","Double Tap"],"picked":"Impervious"}],"player_experience":186736,"potions_floor_usage":[10,14,18,24,33,35],"damage_taken":[{"damage":0,"enemies":"2 Louse","floor":1,"turns":1},{"damage":0,"enemies":"Jaw Worm","floor":5,"turns":1},{"damage":0,"enemies":"Lagavulin","floor":6,"turns":1},{"damage":28,"enemies":"3 Sentries","floor":8,"turns":11},{"damage":0,"enemies":"Small Slimes","floor":10,"turns":2},{"damage":14,"enemies":"Looter","floor":11,"turns":4},{"damage":4,"enemies":"Blue Slaver","floor":14,"turns":2},{"damage":72,"enemies":"Slime Boss","floor":16,"turns":14},{"damage":39,"enemies":"Shell Parasite","floor":18,"turns":7},{"damage":20,"enemies":"Chosen","floor":21,"turns":4},{"damage":28,"enemies":"Snecko","floor":24,"turns":5},{"damage":22,"enemies":"Snake Plant","floor":27,"turns":4},{"damage":21,"enemies":"Sentry and Sphere","floor":30,"turns":4},{"damage":106,"enemies":"Champ","floor":33,"turns":11},{"damage":31,"enemies":"3 Shapes","floor":35,"turns":9},{"damage":17,"enemies":"Orb Walker","floor":37,"turns":5},{"damage":51,"enemies":"Sphere and 2 Shapes","floor":38,"turns":5}],"event_choices":[{"event_name":"World of Goop","player_choice":"Gather Gold","floor":2,"damage_taken":0},{"event_name":"Golden Wing","player_choice":"Card Removal","floor":3,"damage_taken":0},{"event_name":"Golden Idol","player_choice":"Take Wound","floor":4,"damage_taken":0},{"event_name":"Transmorgrifier","player_choice":"Transform","floor":19,"damage_taken":0},{"event_name":"Beggar","player_choice":"Ignored","floor":29,"damage_taken":0},{"event_name":"Bonfire Elementals","player_choice":"CURSE","floor":36,"damage_taken":0}],"boss_relics":[{"not_picked":["Velvet Choker","Runic Dome"],"picked":"Lizard Tail"},{"not_picked":["White Beast Statue","Eternal Feather"],"picked":"Astrolabe"}],"potions_floor_spawned":[1,11,16,18,21,24],"seed_played":"1254764334935590381","killed_by":"Sphere and 2 Shapes","ascension_level":3,"is_trial":false}