{"gold_per_floor":[118,135,155,168,11,11,31,31,31,31,31,31,31,47,47,171,171,191,230,36,57,57,57,57],"floor_reached":24,"playtime":1499,"items_purged":[],"score":186,"play_id":"de98aed0-2fa8-4ea9-ae55-5ec7eabea916","local_time":"20181015211545","is_ascension_mode":false,"campfire_choices":[{"data":"Chill","floor":6,"key":"SMITH"},{"data":"Zap","floor":8,"key":"SMITH"},{"data":"Coolheaded","floor":11,"key":"SMITH"},{"data":"Go for the Eyes","floor":13,"key":"SMITH"},{"floor":15,"key":"REST"},{"floor":23,"key":"REST"}],"neow_cost":"NONE","seed_source_timestamp":357991800844323,"circlet_count":0,"master_deck":["Strike_B","Strike_B","Strike_B","Strike_B","Defend_B","Defend_B","Defend_B","Defend_B","Zap+1","Dualcast","Glacier","Go for the Eyes+1","Chill+1","Compile Driver","Coolheaded+1","Injury","Barrage","Rainbow","Coolheaded","Redo+1","Biased Cognition"],"relics":["Cracked Core","NeowsBlessing","Ancient Tea Set","Dodecahedron","Golden Idol","White Beast Statue","Red Mask","Toy Ornithopter"],"potions_floor_usage":[16,16,19,24,24],"damage_taken":[{"damage":0,"enemies":"Cultist","floor":1,"turns":1},{"damage":0,"enemies":"Jaw Worm","floor":2,"turns":1},{"damage":0,"enemies":"2 Louse","floor":3,"turns":1},{"damage":20,"enemies":"Gremlin Gang","floor":4,"turns":7},{"damage":8,"enemies":"Exordium Thugs","floor":7,"turns":7},{"damage":5,"enemies":"Large Slime","floor":14,"turns":5},{"damage":13,"enemies":"Slime Boss","floor":16,"turns":13},{"damage":5,"enemies":"Shell Parasite","floor":18,"turns":5},{"damage":18,"enemies":"Masked Bandits","floor":19,"turns":7},{"damage":21,"enemies":"3 Byrds","floor":21,"turns":6},{"damage":26,"enemies":"Gremlin Leader","floor":24,"turns":6}],"seed_played":"205150021756113726","potions_obtained":[{"floor":4,"key":"Block Potion"},{"floor":7,"key":"FocusPotion"},{"floor":18,"key":"FocusPotion"},{"floor":19,"key":"SpeedPotion"},{"floor":21,"key":"FearPotion"}],"is_trial":false,"path_per_floor":["M","M","M","M","$","R","M","R","T","?","R","$","R","M","R","B",null,"M","?","$","M","?","R"],"character_chosen":"DEFECT","items_purchased":["Ancient Tea Set","Toy Ornithopter"],"campfire_rested":2,"item_purchase_floors":[5,20],"current_hp_per_floor":[75,75,75,55,55,55,47,47,47,47,47,47,47,42,64,51,75,70,52,52,31,31,53,37],"gold":57,"neow_bonus":"THREE_ENEMY_KILL","is_prod":false,"is_daily":false,"chose_seed":false,"campfire_upgraded":4,"win_rate":0.0,"timestamp":1539591345,"path_taken":["M","M","M","?","$","R","M","R","T","?","R","?","R","M","R","BOSS","M","?","$","M","?","R","E"],"build_version":"2018-10-11","purchased_purges":0,"victory":false,"max_hp_per_floor":[75,75,75,75,75,75,75,75,75,75,75,75,75,75,75,75,75,75,75,75,75,75,75,75],"card_choices":[{"not_picked":["Rebound","Redo"],"picked":"Glacier","floor":1},{"not_picked":["Glacier","Redo"],"picked":"Go for the Eyes","floor":2},{"not_picked":["Conserve Battery","Beam Cell"],"picked":"Chill","floor":3},{"not_picked":["BootSequence","Redo"],"picked":"Compile Driver","floor":4},{"not_picked":["Fusion","Sweeping Beam"],"picked":"Coolheaded","floor":7},{"not_picked":["Gash","Sweeping Beam"],"picked":"Barrage","floor":14},{"not_picked":["Core Surge","Seek"],"picked":"Rainbow","floor":16},{"not_picked":["Cold Snap","Barrage"],"picked":"Coolheaded","floor":18},{"not_picked":["Undo","Force Field"],"picked":"Redo+1","floor":19},{"not_picked":["Barrage+1","Sweeping Beam"],"picked":"Gash+1","floor":21}],"player_experience":68435,"relics_obtained":[{"floor":9,"key":"Dodecahedron"},{"floor":19,"key":"Red Mask"}],"event_choices":[{"event_name":"Golden Idol","player_choice":"Take Wound","floor":10,"damage_taken":0},{"event_name":"Masked Bandits","player_choice":"Fought Bandits","floor":19,"damage_taken":0},{"event_name":"Transmorgrifier","player_choice":"Transform","floor":22,"damage_taken":0}],"is_beta":false,"boss_relics":[{"not_picked":["Velvet Choker","Orrery"],"picked":"White Beast Statue"}],"items_purged_floors":[],"is_endless":false,"potions_floor_spawned":[4,7,18,19,21],"killed_by":"Gremlin Leader","ascension_level":0}