{"path_per_floor":["M","M","?","M","$","E","R","M","T","R","M","M","$","?","R","B",null,"M","M","?","M","M","?","$","R","T","M","M","$","R","E","R","B",null,"M","?","M","M","$","R","?","R","T","M","M","M","M","$","R","B"],"character_chosen":"IRONCLAD","items_purchased":["Body Slam","Flame Barrier"],"gold_per_floor":[109,129,129,141,43,73,73,93,117,117,130,148,78,108,108,212,212,187,204,204,216,229,229,129,129,184,195,212,87,87,120,120,225,225,239,239,258,271,121,121,121,121,121,138,150,161,172,172,172,172],"floor_reached":51,"campfire_rested":0,"playtime":2786,"current_hp_per_floor":[80,80,80,80,80,57,57,57,57,57,52,55,55,55,55,48,80,80,80,80,80,80,80,80,80,80,69,80,80,80,80,80,76,80,78,78,80,74,74,74,74,74,74,68,67,70,70,70,70,80],"items_purged":["Strike_R","Strike_R","Strike_R","Defend_R"],"gold":172,"score":673,"play_id":"0bba1914-cc3d-429e-a375-3ce9cbf53e8e","local_time":"20180327210213","is_prod":false,"is_daily":false,"is_ascension_mode":false,"campfire_upgraded":9,"timestamp":1522177333,"path_taken":["M","M","?","M","$","E","R","M","T","R","M","?","$","?","R","BOSS","M","M","?","M","M","?","$","R","T","M","M","$","R","E","R","BOSS","M","?","M","M","$","R","?","R","T","M","M","M","M","$","R","BOSS"],"build_version":"2018-03-22v2","purchased_purges":4,"victory":true,"master_deck":["Strike_R","Defend_R","Defend_R","Defend_R","Bash","Ghostly Armor+1","Disarm","Twin Strike","Body Slam+1","Barricade+1","Power Through","Entrench+1","Flame Barrier+1","Metallicize+1","Shrug It Off+1","Ghostly Armor+1","Flame Barrier+1","Shrug It Off+1","Shrug It Off+1","Headbutt+1","Body Slam+1","Parasite"],"max_hp_per_floor":[80,80,80,80,80,80,80,80,80,80,80,80,80,80,80,80,80,80,80,80,80,80,80,80,80,80,80,80,80,80,80,80,80,80,80,80,80,80,80,80,80,80,80,80,80,80,80,80,80,80],"relics":["Burning Blood","Orichalcum","Dream Catcher","Lizard Tail","Tiny Chest","Prayer Wheel","Cursed Key","Bottled Lightning"],"card_choices":[{"not_picked":["Corruption","Clothesline"],"picked":"Ghostly Armor","floor":1.0},{"not_picked":["Pommel Strike","Flex"],"picked":"Disarm","floor":2.0},{"not_picked":["Sentinel","Anger"],"picked":"Twin Strike","floor":4.0},{"not_picked":["Spot Weakness","Searing Blow"],"picked":"Barricade","floor":6.0},{"not_picked":["Pommel Strike","Intimidate"],"picked":"Power Through","floor":8.0},{"not_picked":["Disarm","Shrug It Off"],"picked":"Entrench","floor":11.0},{"not_picked":["Cleave","Flex"],"picked":"Metallicize","floor":19.0},{"not_picked":["Pommel Strike","Thunderclap"],"picked":"Ghostly Armor","floor":21.0},{"not_picked":["Wild Strike","Corruption"],"picked":"Flame Barrier","floor":27.0},{"not_picked":["Iron Wave","Fiend Fire"],"picked":"Shrug It Off","floor":28.0},{"not_picked":["Headbutt","Clash"],"picked":"Shrug It Off","floor":31},{"not_picked":["Iron Wave","Armaments"],"picked":"Headbutt","floor":35},{"not_picked":["Sword Boomerang","Cleave"],"picked":"Body Slam","floor":37}],"player_experience":189872,"potions_floor_usage":[45,50,50,50],"damage_taken":[{"damage":5.0,"enemies":"Small Slimes","floor":1.0,"turns":4.0},{"damage":3.0,"enemies":"Jaw Worm","floor":2.0,"turns":4.0},{"damage":1.0,"enemies":"2 Louse","floor":4.0,"turns":4.0},{"damage":29.0,"enemies":"Gremlin Nob","floor":6.0,"turns":5.0},{"damage":6.0,"enemies":"Exordium Thugs","floor":8.0,"turns":6.0},{"damage":11.0,"enemies":"Exordium Wildlife","floor":11.0,"turns":8.0},{"damage":3.0,"enemies":"Looter","floor":12.0,"turns":4.0},{"damage":13.0,"enemies":"Hexaghost","floor":16.0,"turns":12.0},{"damage":6.0,"enemies":"2 Thieves","floor":18.0,"turns":5.0},{"damage":5.0,"enemies":"Chosen","floor":19.0,"turns":8.0},{"damage":3.0,"enemies":"Snake Plant","floor":21.0,"turns":8.0},{"damage":0.0,"enemies":"Chosen and Byrds","floor":22.0,"turns":9.0},{"damage":17.0,"enemies":"Cultist and Chosen","floor":27.0,"turns":18.0},{"damage":7.0,"enemies":"Snecko","floor":28.0,"turns":11.0},{"damage":3,"enemies":"Book of Stabbing","floor":31,"turns":8},{"damage":10,"enemies":"Automaton","floor":33,"turns":12},{"damage":8,"enemies":"3 Darklings","floor":35,"turns":13},{"damage":0,"enemies":"3 Shapes","floor":37,"turns":9},{"damage":12,"enemies":"Maw","floor":38,"turns":6},{"damage":12,"enemies":"3 Darklings","floor":44,"turns":6},{"damage":7,"enemies":"4 Shapes","floor":45,"turns":7},{"damage":3,"enemies":"Maw","floor":46,"turns":8},{"damage":6,"enemies":"3 Darklings","floor":47,"turns":6},{"damage":9,"enemies":"Donu and Deca","floor":50,"turns":8}],"event_choices":[{"event_name":"Liars Game","player_choice":"disagreed","floor":3.0,"damage_taken":0.0},{"event_name":"Dead Adventurer","player_choice":"Searched \u00272\u0027 times","floor":14.0,"damage_taken":0.0},{"event_name":"The Library","player_choice":"Read","floor":20.0,"damage_taken":0.0},{"event_name":"Vampires","player_choice":"Ignored","floor":23.0,"damage_taken":0.0},{"event_name":"Tomb of Lord Red Mask","player_choice":"Ignored","floor":36,"damage_taken":0},{"event_name":"The Woman in Blue","player_choice":"Bought 0 Potions","floor":41,"damage_taken":0}],"boss_relics":[{"not_picked":["Snecko Eye","Astrolabe"],"picked":"Cursed Key"}],"potions_floor_spawned":[1,2,16,18,19,27,28,33,35,37,45,46],"seed_played":"-3948260837118254788","ascension_level":0,"is_trial":false}