{"path_per_floor":["M","M","$","M","M","R","E","R","T","M","?","M","M","T","R","B",null,"M","M","?","$","M","E","M","?","T","R","M","M","R","?","R","B",null,"M","?","M","M","M","E","T","?","T","$","R","M","R","M","R","B"],"character_chosen":"IRONCLAD","items_purchased":["Thunderclap","Mummified Hand","Strength Potion"],"gold_per_floor":[114,129,54,69,84,84,114,114,139,154,104,119,134,134,134,234,264,279,294,209,62,77,107,122,122,147,147,162,177,177,177,177,277,277,292,292,307,322,337,367,367,467,492,67,67,82,82,97,97,97],"floor_reached":51,"campfire_rested":2,"playtime":1696,"current_hp_per_floor":[80,83,83,78,83,83,76,76,76,75,75,68,74,74,74,67,101,101,104,104,104,88,66,49,49,49,80,82,66,66,101,101,58,107,76,76,75,72,75,67,67,67,67,67,67,64,64,71,105,28],"items_purged":["Barricade","Juggernaut","Exhume"],"gold":97,"score":778,"play_id":"80f24684-ce89-4ab4-b6e6-c2c34b790bac","local_time":"20180416104740","daily_mods":["Shiny","Time Dilation","Uncertain Future"],"is_prod":false,"is_daily":true,"chose_seed":false,"is_ascension_mode":false,"campfire_upgraded":7,"timestamp":1523868460,"path_taken":["M","M","$","M","M","R","E","R","T","M","?","?","M","?","R","BOSS","M","M","?","$","M","E","M","?","T","R","M","M","R","?","R","BOSS","M","?","M","M","M","E","?","?","T","$","R","M","R","M","R","BOSS"],"build_version":"2018-04-12","seed_source_timestamp":0,"purchased_purges":3,"victory":true,"master_deck":["Double Tap+1","Berserk","Bludgeon+1","Impervious","Feed+1","Brutality","Reaper","Offering","Fiend Fire","Dark Embrace+1","Immolate+1","Battle Trance+1","Uppercut+1","Whirlwind+1","Thunderclap+1","Flex+1","Flex+1"],"max_hp_per_floor":[80,83,83,83,86,86,93,93,93,93,93,96,96,96,96,96,101,101,104,104,104,104,104,104,104,104,104,104,107,107,107,107,107,107,107,107,107,107,107,107,107,107,107,107,107,111,111,115,115,115],"relics":["Burning Blood","Strawberry","Oddly Smooth Stone","Mercury Hourglass","Tiny House","Molten Egg 2","Frozen Egg 2","Juzu Bracelet","Snecko Eye","Ancient Tea Set","Bottled Lightning","Bag of Marbles","Mummified Hand"],"card_choices":[{"not_picked":["Flame Barrier","Reckless Charge"],"picked":"Battle Trance","floor":1},{"not_picked":["Battle Trance","Clash"],"picked":"Uppercut","floor":7},{"not_picked":["Sentinel","Combust"],"picked":"Whirlwind","floor":12},{"not_picked":["Headbutt","Hemokinesis"],"picked":"Flex","floor":29},{"not_picked":["Clothesline","Feel No Pain"],"picked":"Flex","floor":35}],"player_experience":199731,"potions_floor_usage":[7,16,22,22,29,38,50,50,50],"damage_taken":[{"damage":4,"enemies":"Cultist","floor":1,"turns":2},{"damage":4,"enemies":"Small Slimes","floor":2,"turns":1},{"damage":11,"enemies":"Jaw Worm","floor":4,"turns":2},{"damage":4,"enemies":"2 Fungi Beasts","floor":5,"turns":1},{"damage":20,"enemies":"3 Sentries","floor":7,"turns":4},{"damage":7,"enemies":"Looter","floor":10,"turns":2},{"damage":16,"enemies":"Blue Slaver","floor":12,"turns":2},{"damage":0,"enemies":"3 Louse","floor":13,"turns":2},{"damage":13,"enemies":"The Guardian","floor":16,"turns":3},{"damage":4,"enemies":"Spheric Guardian","floor":18,"turns":1},{"damage":4,"enemies":"Shell Parasite","floor":19,"turns":1},{"damage":22,"enemies":"Centurion and Healer","floor":22,"turns":2},{"damage":28,"enemies":"Book of Stabbing","floor":23,"turns":4},{"damage":23,"enemies":"Chosen and Byrds","floor":24,"turns":3},{"damage":4,"enemies":"Snake Plant","floor":28,"turns":2},{"damage":25,"enemies":"Slaver and Parasite","floor":29,"turns":3},{"damage":49,"enemies":"Automaton","floor":33,"turns":8},{"damage":37,"enemies":"3 Shapes","floor":35,"turns":2},{"damage":7,"enemies":"Orb Walker","floor":37,"turns":2},{"damage":9,"enemies":"3 Darklings","floor":38,"turns":2},{"damage":3,"enemies":"Maw","floor":39,"turns":6},{"damage":14,"enemies":"2 Orb Walkers","floor":40,"turns":2},{"damage":13,"enemies":"4 Shapes","floor":46,"turns":1},{"damage":3,"enemies":"Sphere and 2 Shapes","floor":48,"turns":2},{"damage":83,"enemies":"Awakened One","floor":50,"turns":7}],"event_choices":[{"event_name":"The Cleric","player_choice":"Card Removal","floor":11,"damage_taken":0},{"event_name":"Addict","player_choice":"Obtained Relic","floor":20,"damage_taken":0},{"event_name":"Drug Dealer","player_choice":"Ignored","floor":25,"damage_taken":0},{"event_name":"The Library","player_choice":"Heal","floor":31,"damage_taken":0},{"event_name":"Golden Shrine","player_choice":"Pray","floor":42,"damage_taken":0}],"boss_relics":[{"not_picked":["Black Star","White Beast Statue"],"picked":"Tiny House"},{"not_picked":["Orrery","Mark of Pain"],"picked":"Snecko Eye"}],"potions_floor_spawned":[1,2,7,12,13,18,19,33,37,39,40,46],"seed_played":"-1844585125611022648","ascension_level":0,"is_trial":false}