{"gold_per_floor":[117,8,8,23,43,78,48,67,97,97],"floor_reached":10,"playtime":588,"items_purged":["Strike_G"],"score":68,"play_id":"a9736d1c-1c32-49a8-a546-adbb497828ad","local_time":"20181227005212","is_ascension_mode":false,"campfire_choices":[],"neow_cost":"NONE","seed_source_timestamp":376124546113759,"circlet_count":0,"master_deck":["Defend_G","Defend_G","Defend_G","Defend_G","Defend_G","Strike_G","Strike_G","Strike_G","Survivor","Neutralize","Dagger Spray","Accuracy","Finisher","Dodge and Roll","Night Terror","Cloak And Dagger","Backstab"],"relics":["Ring of the Snake","Vajra","Tiny Chest"],"potions_floor_usage":[6,6],"damage_taken":[{"damage":0,"enemies":"Jaw Worm","floor":1,"turns":6},{"damage":0,"enemies":"2 Louse","floor":4,"turns":3},{"damage":0,"enemies":"Cultist","floor":5,"turns":3},{"damage":30,"enemies":"Gremlin Nob","floor":6,"turns":5},{"damage":0,"enemies":"Looter","floor":7,"turns":4},{"damage":17,"enemies":"Gremlin Gang","floor":8,"turns":6},{"damage":34,"enemies":"Gremlin Nob","floor":10,"turns":5}],"seed_played":"-4008284487031178942","potions_obtained":[{"floor":4,"key":"Swift Potion"},{"floor":5,"key":"AttackPotion"}],"is_trial":false,"path_per_floor":["M","$","?","M","M","E","M","M","T","?"],"character_chosen":"THE_SILENT","items_purchased":["Accuracy"],"campfire_rested":0,"item_purchase_floors":[2],"current_hp_per_floor":[77,77,70,70,70,40,40,23,23,0],"gold":97,"neow_bonus":"TEN_PERCENT_HP_BONUS","is_prod":false,"is_daily":false,"chose_seed":false,"campfire_upgraded":0,"win_rate":0,"timestamp":1545868332,"path_taken":["M","$","?","M","M","E","M","M","T","?"],"build_version":"2018-12-20","purchased_purges":1,"victory":false,"max_hp_per_floor":[77,77,77,77,77,77,77,77,77,77],"card_choices":[{"not_picked":["Outmaneuver","Poisoned Stab"],"picked":"Dagger Spray","floor":1},{"not_picked":["Calculated Gamble","Cloak And Dagger"],"picked":"Finisher","floor":4},{"not_picked":["Flying Knee","Bane"],"picked":"Dodge and Roll","floor":5},{"not_picked":["Backflip","Quick Slash"],"picked":"Night Terror","floor":6},{"not_picked":["Riddle With Holes","PiercingWail"],"picked":"Cloak And Dagger","floor":7},{"not_picked":["Bouncing Flask","All Out Attack"],"picked":"Backstab","floor":8}],"player_experience":109844,"relics_obtained":[{"floor":6,"key":"Vajra"},{"floor":9,"key":"Tiny Chest"}],"event_choices":[{"cards_removed":["Strike_G"],"damage_healed":0,"gold_gain":0,"player_choice":"Card Removal","damage_taken":7,"max_hp_gain":0,"max_hp_loss":0,"event_name":"Golden Wing","floor":3,"gold_loss":0},{"damage_healed":0,"gold_gain":0,"player_choice":"Searched \u00271\u0027 times","damage_taken":0,"max_hp_gain":0,"max_hp_loss":0,"event_name":"Dead Adventurer","floor":10,"gold_loss":0}],"is_beta":false,"boss_relics":[],"items_purged_floors":[2],"is_endless":false,"potions_floor_spawned":[4,5],"killed_by":"Gremlin Nob","ascension_level":0}