{"gold_per_floor":[117,42,42,59,59,92,267,283,283,283,300,300,250,28,28,28],"floor_reached":16,"playtime":229,"items_purged":["Defend_R","Defend_R"],"score":98,"play_id":"5d10833d-db76-4f82-bbd7-2e85e403cbbf","local_time":"20181205181550","is_ascension_mode":false,"campfire_choices":[{"data":"Perfected Strike","floor":10,"key":"SMITH"},{"data":"Clash","floor":12,"key":"SMITH"},{"data":"Apotheosis","floor":15,"key":"SMITH"}],"neow_cost":"NONE","seed_source_timestamp":7713864262913,"circlet_count":0,"master_deck":["Strike_R","Strike_R","Strike_R","Strike_R","Strike_R","Defend_R","Defend_R","Bash+1","Flame Barrier","Clash+1","Perfected Strike+1","Wild Strike","Headbutt","Apotheosis+1"],"relics":["Sozu","Torii","The Courier"],"potions_floor_usage":[],"damage_taken":[{"damage":0,"enemies":"Small Slimes","floor":1,"turns":3},{"damage":0,"enemies":"Cultist","floor":4,"turns":3},{"damage":21,"enemies":"3 Sentries","floor":6,"turns":8},{"damage":0,"enemies":"2 Louse","floor":8,"turns":2},{"damage":0,"enemies":"Large Slime","floor":11,"turns":2},{"damage":22,"enemies":"The Guardian","floor":16,"turns":4}],"seed_played":"2163342643054312220","potions_obtained":[],"is_trial":false,"path_per_floor":["M","$","?","M","?","E","?","M","T","R","M","R","?","$","R","B"],"character_chosen":"IRONCLAD","items_purchased":["Apotheosis"],"campfire_rested":0,"item_purchase_floors":[14],"current_hp_per_floor":[80,80,80,80,85,64,64,64,64,64,64,64,64,64,64,42],"gold":28,"neow_bonus":"BOSS_RELIC","is_prod":false,"is_daily":false,"chose_seed":false,"campfire_upgraded":3,"win_rate":0,"timestamp":1544062550,"path_taken":["M","$","?","?","?","E","?","M","T","R","M","R","?","$","R","BOSS"],"build_version":"2018-12-05","purchased_purges":2,"victory":false,"max_hp_per_floor":[80,80,80,80,85,85,85,85,85,85,85,85,85,85,85,85],"card_choices":[{"not_picked":["Clothesline","Cleave"],"picked":"Flame Barrier","floor":1},{"not_picked":["Shrug It Off","True Grit"],"picked":"Clash","floor":4},{"not_picked":["Hemokinesis","True Grit"],"picked":"Perfected Strike","floor":6},{"not_picked":["Flex","Heavy Blade"],"picked":"Wild Strike","floor":8},{"not_picked":["Havoc","Clothesline"],"picked":"Headbutt","floor":11}],"player_experience":963464,"relics_obtained":[{"floor":6,"key":"Torii"},{"floor":9,"key":"The Courier"}],"event_choices":[{"damage_healed":0,"gold_gain":0,"player_choice":"Upgraded","damage_taken":0,"max_hp_gain":0,"max_hp_loss":0,"event_name":"Upgrade Shrine","floor":3,"gold_loss":0,"cards_upgraded":["Bash"]},{"damage_healed":0,"gold_gain":0,"player_choice":"Donut","damage_taken":0,"max_hp_gain":5,"max_hp_loss":0,"event_name":"Big Fish","floor":5,"gold_loss":0},{"damage_healed":0,"gold_gain":175,"player_choice":"AGREE","damage_taken":0,"max_hp_gain":0,"max_hp_loss":0,"event_name":"Liars Game","floor":7,"gold_loss":0,"cards_obtained":["Doubt"]},{"cards_removed":["Doubt"],"damage_healed":0,"gold_gain":0,"player_choice":"Card Removal","damage_taken":0,"max_hp_gain":0,"max_hp_loss":0,"event_name":"The Cleric","floor":13,"gold_loss":50}],"is_beta":true,"boss_relics":[],"items_purged_floors":[2,14],"is_endless":false,"potions_floor_spawned":[4,6],"killed_by":"The Guardian","ascension_level":0}