{"path_per_floor":["M","$","M","M","M","E","?","?","T","E","M"],"character_chosen":"THE_SILENT","items_purchased":["Mummified Hand","Well Laid Plans"],"gold_per_floor":[359,47,65,83,96,128,128,157,157,184,203,203],"floor_reached":12,"campfire_rested":0,"playtime":2664,"current_hp_per_floor":[62,62,62,61,60,41,41,38,38,17,19,0],"items_purged":[],"gold":203,"score":126,"play_id":"48b82b8b-aba9-4c19-984c-0552d5cbed01","local_time":"20180524130047","is_prod":false,"is_daily":false,"chose_seed":false,"is_ascension_mode":true,"campfire_upgraded":0,"timestamp":1527159647,"campfire_choices":[],"path_taken":["M","$","?","M","?","E","?","?","T","E","M","E"],"build_version":"2018-05-17","seed_source_timestamp":2122647747061,"purchased_purges":0,"victory":false,"master_deck":["Defend_G","Defend_G","Defend_G","Defend_G","Defend_G","Strike_G","Strike_G","Strike_G","Strike_G","Strike_G","Survivor","Neutralize","Dagger Throw","Well Laid Plans","Dagger Spray+1","PiercingWail","Escape Plan","Escape Plan","Slice","Slice","Backflip"],"max_hp_per_floor":[63,63,63,63,63,63,63,63,63,63,63,63],"relics":["Ring of the Snake","Mummified Hand","Matryoshka","Odd Mushroom","Paper Crane","Shuriken","Bird Faced Urn"],"card_choices":[{"not_picked":["Well Laid Plans","Quick Slash"],"picked":"Dagger Throw","floor":1},{"not_picked":["Deadly Poison","Sucker Punch"],"picked":"Dagger Spray","floor":3},{"not_picked":["Tactician","Flechettes"],"picked":"PiercingWail","floor":4},{"not_picked":["Quick Slash","Underhanded Strike"],"picked":"Escape Plan","floor":5},{"not_picked":["PiercingWail","Reflex"],"picked":"Escape Plan","floor":6},{"not_picked":["Calculated Gamble","Poisoned Stab"],"picked":"Slice","floor":8},{"not_picked":["Bane","Underhanded Strike"],"picked":"Slice","floor":10},{"not_picked":["Slice","Dagger Throw"],"picked":"Backflip","floor":11}],"player_experience":643440,"potions_floor_usage":[6,6,10],"damage_taken":[{"damage":1,"enemies":"Cultist","floor":1,"turns":3},{"damage":0,"enemies":"Small Slimes","floor":3,"turns":3},{"damage":1,"enemies":"2 Louse","floor":4,"turns":2},{"damage":1,"enemies":"Exordium Thugs","floor":5,"turns":4},{"damage":19,"enemies":"Gremlin Nob","floor":6,"turns":4},{"damage":3,"enemies":"The Mushroom Lair","floor":8,"turns":4},{"damage":21,"enemies":"Lagavulin","floor":10,"turns":6},{"damage":0,"enemies":"3 Louse","floor":11,"turns":2},{"damage":24,"enemies":"Gremlin Nob","floor":12,"turns":4}],"relics_obtained":[{"floor":6,"key":"Matryoshka"},{"floor":8,"key":"Odd Mushroom"},{"floor":9,"key":"Paper Crane"},{"floor":9,"key":"Shuriken"},{"floor":10,"key":"Bird Faced Urn"}],"event_choices":[{"event_name":"Living Wall","player_choice":"Grow","floor":7,"damage_taken":0},{"event_name":"Mushrooms","player_choice":"Fought Mushrooms","floor":8,"damage_taken":0}],"boss_relics":[],"potions_floor_spawned":[1,3,8,11],"seed_played":"-6468312353859780613","killed_by":"Gremlin Nob","ascension_level":8,"potions_obtained":[{"floor":1,"key":"Poison Potion"},{"floor":3,"key":"Swift Potion"},{"floor":8,"key":"Energy Potion"},{"floor":11,"key":"Ancient Potion"}],"is_trial":false}