{"gold_per_floor":[117,192,205,205,6,38,38,38,38,38,38,38,38,38,38,141,141,161,180,180,280,280],"floor_reached":22,"playtime":593,"items_purged":[],"score":350,"play_id":"da2488c5-48c8-4844-86fe-966251da9814","local_time":"20190202014450","is_ascension_mode":true,"campfire_choices":[{"data":"Deadly Poison","floor":8.0,"key":"SMITH"},{"data":"Catalyst","floor":10.0,"key":"SMITH"},{"data":"Survivor","floor":15.0,"key":"SMITH"}],"neow_cost":"NONE","seed_source_timestamp":45184614062900,"circlet_count":0,"master_deck":["AscendersBane","Defend_G","Defend_G","Defend_G","Defend_G","Defend_G","Strike_G","Strike_G","Strike_G","Strike_G","Strike_G","Survivor+1","Neutralize+1","PiercingWail","Catalyst+1","Deadly Poison+1","Malaise+1","Night Terror","Bane","Footwork","Well Laid Plans"],"special_seed":0,"relics":["Ring of the Snake","NeowsBlessing","Snake Skull","Gremlin Horn","StoneCalendar","Pantograph","Black Star","Peace Pipe","Pear"],"potions_floor_usage":[21,21],"damage_taken":[{"damage":0.0,"enemies":"Jaw Worm","floor":1.0,"turns":1.0},{"damage":0.0,"enemies":"Small Slimes","floor":3.0,"turns":1.0},{"damage":0.0,"enemies":"Lagavulin","floor":6.0,"turns":1.0},{"damage":6.0,"enemies":"Hexaghost","floor":16.0,"turns":9.0},{"damage":3.0,"enemies":"Chosen","floor":18.0,"turns":5.0},{"damage":16.0,"enemies":"3 Byrds","floor":19.0,"turns":7.0},{"damage":16,"enemies":"Colosseum Slavers","floor":21,"turns":7},{"damage":14,"enemies":"Colosseum Nobs","floor":21,"turns":7},{"damage":25,"enemies":"3 Cultists","floor":22,"turns":4}],"seed_played":"1775983518539067092","potions_obtained":[{"floor":1.0,"key":"Poison Potion"},{"floor":6.0,"key":"GamblersBrew"},{"floor":19.0,"key":"Poison Potion"}],"is_trial":false,"path_per_floor":["M","?","M","?","$","E","?","R","T","R","$","?","?","$","R","B",null,"M","M","?","?","M"],"character_chosen":"THE_SILENT","items_purchased":["Snake Skull","Deadly Poison"],"campfire_rested":0,"item_purchase_floors":[5,5],"current_hp_per_floor":[63,52,52,57,57,57,57,57,57,57,57,39,24,24,24,43,67,64,48,34,14,0],"gold":280,"neow_bonus":"THREE_ENEMY_KILL","is_prod":false,"is_daily":false,"chose_seed":false,"campfire_upgraded":3,"win_rate":0,"timestamp":1549064690,"path_taken":["M","?","M","?","?","E","?","R","T","R","$","?","?","?","R","BOSS","M","?","?","?","M"],"build_version":"2019-01-23","purchased_purges":0,"victory":false,"max_hp_per_floor":[70,70,70,75,75,75,75,75,75,75,75,75,75,75,75,75,75,75,75,80,90,90],"card_choices":[{"not_picked":["Finisher","Concentrate"],"picked":"PiercingWail","floor":1.0},{"not_picked":["Flying Knee","Acrobatics"],"picked":"Catalyst","floor":3.0},{"not_picked":["Predator","Skewer"],"picked":"Malaise","floor":6.0},{"not_picked":["Glass Knife","Bullet Time"],"picked":"Night Terror","floor":16.0},{"not_picked":["Dagger Spray","Dagger Throw"],"picked":"Bane","floor":18.0},{"not_picked":["Backflip","Prepared"],"picked":"Footwork","floor":19.0},{"not_picked":["PiercingWail","Deflect"],"picked":"Well Laid Plans","floor":21}],"player_experience":562742,"relics_obtained":[{"floor":6.0,"key":"Gremlin Horn"},{"floor":9.0,"key":"StoneCalendar"},{"floor":21,"key":"Peace Pipe"},{"floor":21,"key":"Pear"}],"event_choices":[{"damage_healed":0.0,"max_hp_gain":0.0,"max_hp_loss":0.0,"gold_gain":75.0,"event_name":"World of Goop","player_choice":"Gather Gold","floor":2.0,"gold_loss":0.0,"damage_taken":11.0},{"damage_healed":0.0,"max_hp_gain":5.0,"max_hp_loss":0.0,"gold_gain":0.0,"event_name":"Big Fish","player_choice":"Donut","floor":4.0,"gold_loss":0.0,"damage_taken":0.0},{"damage_healed":0.0,"max_hp_gain":0.0,"max_hp_loss":0.0,"gold_gain":0.0,"event_name":"The Cleric","player_choice":"Leave","floor":7.0,"gold_loss":0.0,"damage_taken":0.0},{"damage_healed":0.0,"max_hp_gain":0.0,"max_hp_loss":0.0,"gold_gain":0.0,"event_name":"Scrap Ooze","player_choice":"Success","floor":12.0,"gold_loss":0.0,"damage_taken":18.0,"relics_obtained":["Pantograph"]},{"damage_healed":0.0,"max_hp_gain":0.0,"max_hp_loss":0.0,"gold_gain":0.0,"event_name":"Shining Light","player_choice":"Entered Light","floor":13.0,"gold_loss":0.0,"damage_taken":15.0,"cards_upgraded":["Neutralize","Malaise"]},{"damage_healed":0.0,"max_hp_gain":5.0,"max_hp_loss":0.0,"gold_gain":0.0,"event_name":"Forgotten Altar","player_choice":"Shed Blood","floor":20.0,"gold_loss":0.0,"damage_taken":19.0},{"damage_healed":0,"gold_gain":0,"player_choice":"Fight","damage_taken":0,"max_hp_gain":0,"max_hp_loss":0,"event_name":"Colosseum","floor":21,"gold_loss":0},{"damage_healed":0,"gold_gain":0,"player_choice":"Fought Nobs","damage_taken":0,"max_hp_gain":0,"max_hp_loss":0,"event_name":"Colosseum","floor":21,"gold_loss":0}],"is_beta":false,"boss_relics":[{"not_picked":["HoveringKite","Pandora\u0027s Box"],"picked":"Black Star"}],"items_purged_floors":[],"is_endless":false,"potions_floor_spawned":[1,6,19],"killed_by":"3 Cultists","ascension_level":12}