{"gold_per_floor":[129,291,380,392,421,433,474,486,498,527,539,568,609,586,598,687,699,729,585,585,4,24,24,49,49,49,49,63,93,93,103,103,180,180,196,196,216,265,265,265,265],"floor_reached":41,"playtime":1844,"items_purged":["Strike_B","Strike_B"],"score":761,"play_id":"f0c0eda6-9679-4c2e-84e5-40479b045b3d","local_time":"20190131223927","is_ascension_mode":true,"campfire_choices":[{"data":"Zap","floor":6.0,"key":"SMITH"},{"data":"Streamline","floor":8.0,"key":"SMITH"},{"data":"Redo","floor":11.0,"key":"SMITH"},{"data":"Beam Cell","floor":15.0,"key":"SMITH"},{"data":"Buffer","floor":23.0,"key":"SMITH"},{"data":"Electrodynamics","floor":25.0,"key":"SMITH"},{"data":"Chaos","floor":27.0,"key":"SMITH"},{"data":"Darkness","floor":30.0,"key":"SMITH"},{"data":"Coolheaded","floor":32.0,"key":"SMITH"},{"data":"White Noise","floor":40.0,"key":"SMITH"}],"neow_cost":"NONE","seed_source_timestamp":44512675326744,"circlet_count":0,"master_deck":["AscendersBane","Strike_B","Strike_B","Defend_B","Defend_B+1","Defend_B","Defend_B","Zap+1","Dualcast","Coolheaded+1","Redo+1","Streamline+1","Chill+1","Beam Cell+1","Buffer+1","Capacitor","Chaos+1","Rip and Tear","Leap+1","Electrodynamics+1","Darkness+1","Capacitor","Ball Lightning","Chill","Multi-Cast","Machine Learning","White Noise+1","Coolheaded","Undo","Tempest","Conserve Battery","Go for the Eyes+1","Leap+1","Defragment+1"],"special_seed":0,"relics":["Cracked Core","MawBank","Meat on the Bone","Gambling Chip","Ornamental Fan","Regal Pillow","Eternal Feather","Tiny Chest","Matryoshka","Prayer Wheel","War Paint","Darkstone Periapt","Vajra","Orrery","Lantern","Pear","Smiling Mask"],"potions_floor_usage":[],"damage_taken":[{"damage":4.0,"enemies":"2 Louse","floor":1.0,"turns":2.0},{"damage":5.0,"enemies":"Jaw Worm","floor":5.0,"turns":3.0},{"damage":28.0,"enemies":"Gremlin Nob","floor":7.0,"turns":4.0},{"damage":0.0,"enemies":"Small Slimes","floor":10.0,"turns":2.0},{"damage":16.0,"enemies":"Gremlin Gang","floor":12.0,"turns":4.0},{"damage":22.0,"enemies":"Lagavulin","floor":13.0,"turns":5.0},{"damage":20.0,"enemies":"Hexaghost","floor":16.0,"turns":9.0},{"damage":11.0,"enemies":"Shell Parasite","floor":18.0,"turns":8.0},{"damage":7.0,"enemies":"Chosen","floor":22.0,"turns":4.0},{"damage":34.0,"enemies":"Gremlin Leader","floor":24.0,"turns":10.0},{"damage":12.0,"enemies":"Snake Plant","floor":28.0,"turns":3.0},{"damage":35.0,"enemies":"Slavers","floor":29.0,"turns":4.0},{"damage":13.0,"enemies":"Snecko","floor":31.0,"turns":5.0},{"damage":36.0,"enemies":"Collector","floor":33.0,"turns":11.0},{"damage":2.0,"enemies":"Orb Walker","floor":35.0,"turns":3.0},{"damage":15.0,"enemies":"3 Darklings","floor":37.0,"turns":5.0},{"damage":75,"enemies":"Reptomancer","floor":41,"turns":5}],"seed_played":"4920523578752889244","potions_obtained":[{"floor":7.0,"key":"Fire Potion"},{"floor":12.0,"key":"LiquidBronze"},{"floor":13.0,"key":"AttackPotion"},{"floor":22.0,"key":"Fire Potion"},{"floor":24.0,"key":"Regen Potion"},{"floor":31.0,"key":"SteroidPotion"},{"floor":33.0,"key":"FearPotion"}],"is_trial":false,"path_per_floor":["M","?","T","?","M","R","E","R","T","M","R","M","E","?","R","B",null,"M","$","?","$","M","R","E","R","T","R","M","E","R","M","R","B",null,"M","T","M","T","?","R","E"],"character_chosen":"DEFECT","items_purchased":["Capacitor","Tiny Chest","Chaos","Rip and Tear","Matryoshka"],"campfire_rested":0,"item_purchase_floors":[19,21,21,21,21],"current_hp_per_floor":[60,60,60,53,48,48,32,32,32,44,44,40,30,47,47,39,63,52,52,42,42,47,56,34,46,46,58,46,35,47,46,58,34,62,60,70,55,55,55,73,0],"gold":265,"neow_bonus":"RANDOM_COMMON_RELIC","is_prod":false,"is_daily":false,"chose_seed":false,"campfire_upgraded":10,"win_rate":0,"timestamp":1548970767,"path_taken":["M","?","?","?","M","R","E","R","T","M","R","M","E","?","R","BOSS","M","$","?","$","M","R","E","R","T","R","M","E","R","?","R","BOSS","M","?","M","?","?","R","E"],"build_version":"2019-01-23","purchased_purges":2,"victory":false,"max_hp_per_floor":[71,71,71,71,71,71,71,71,71,71,71,71,71,71,71,71,71,71,71,71,71,71,71,71,71,71,71,71,71,71,71,71,71,71,71,81,81,81,77,77,77],"card_choices":[{"not_picked":["Go for the Eyes","Ball Lightning"],"picked":"Coolheaded","floor":1.0},{"not_picked":["Heatsinks","Stack"],"picked":"Redo","floor":5.0},{"not_picked":["Coolheaded","Cold Snap"],"picked":"Streamline","floor":7.0},{"not_picked":["Heatsinks","Sweeping Beam"],"picked":"Chill","floor":10.0},{"not_picked":["Auto Shields","Rebound","Static Discharge"],"picked":"SKIP","floor":12.0},{"not_picked":["Amplify","Barrage"],"picked":"Beam Cell","floor":13.0},{"not_picked":["Meteor Strike","Core Surge"],"picked":"Buffer","floor":16.0},{"not_picked":["Genetic Algorithm+1","White Noise","Barrage"],"picked":"SKIP","floor":18.0},{"not_picked":["Turbo","Stack"],"picked":"Leap+1","floor":22.0},{"not_picked":["Self Repair","Darkness"],"picked":"Electrodynamics","floor":24.0},{"not_picked":["Redo","Auto Shields"],"picked":"Darkness","floor":28.0},{"not_picked":["Rebound","Turbo+1","Leap"],"picked":"SKIP","floor":28.0},{"not_picked":["Turbo","Steam"],"picked":"Capacitor","floor":29.0},{"not_picked":["Turbo","Stack"],"picked":"Ball Lightning","floor":31.0},{"not_picked":["Storm","Turbo+1"],"picked":"Chill","floor":31.0},{"not_picked":["All For One","Fission"],"picked":"Multi-Cast","floor":33.0},{"not_picked":["Leap","Skim"],"picked":"Machine Learning","floor":34.0},{"not_picked":["Turbo","Sweeping Beam"],"picked":"White Noise","floor":34.0},{"not_picked":["Sunder","Stack"],"picked":"Coolheaded","floor":34.0},{"not_picked":["Gash","Go for the Eyes"],"picked":"Undo","floor":34.0},{"not_picked":["Ball Lightning+1","Chill"],"picked":"Tempest","floor":34.0},{"not_picked":["Gash","Turbo"],"picked":"Conserve Battery","floor":35.0},{"not_picked":["Genetic Algorithm","Hologram"],"picked":"Go for the Eyes+1","floor":35.0},{"not_picked":["Force Field","Streamline"],"picked":"Leap+1","floor":37.0},{"not_picked":["Sweeping Beam","Stack+1"],"picked":"Defragment+1","floor":37.0}],"player_experience":1162027,"relics_obtained":[{"floor":3.0,"key":"Meat on the Bone"},{"floor":7.0,"key":"Gambling Chip"},{"floor":9.0,"key":"Ornamental Fan"},{"floor":13.0,"key":"Regal Pillow"},{"floor":24.0,"key":"Prayer Wheel"},{"floor":26.0,"key":"War Paint"},{"floor":26.0,"key":"Darkstone Periapt"},{"floor":29.0,"key":"Vajra"},{"floor":36.0,"key":"Lantern"},{"floor":36.0,"key":"Pear"},{"floor":38.0,"key":"Smiling Mask"}],"event_choices":[{"damage_healed":0.0,"max_hp_gain":0.0,"max_hp_loss":0.0,"gold_gain":150.0,"event_name":"Liars Game","player_choice":"AGREE","floor":2.0,"gold_loss":0.0,"damage_taken":0.0,"cards_obtained":["Doubt"]},{"cards_removed":["Doubt"],"damage_healed":0.0,"max_hp_gain":0.0,"max_hp_loss":0.0,"gold_gain":0.0,"event_name":"Golden Wing","player_choice":"Card Removal","floor":4.0,"gold_loss":0.0,"damage_taken":7.0},{"damage_healed":17.0,"max_hp_gain":0.0,"max_hp_loss":0.0,"gold_gain":0.0,"event_name":"The Cleric","player_choice":"Healed","floor":14.0,"gold_loss":35.0,"damage_taken":0.0},{"damage_healed":0.0,"max_hp_gain":0.0,"max_hp_loss":0.0,"gold_gain":0.0,"event_name":"Wheel of Change","player_choice":"Damaged","floor":20.0,"gold_loss":0.0,"damage_taken":10.0},{"damage_healed":0.0,"max_hp_gain":0.0,"max_hp_loss":4.0,"gold_gain":0.0,"event_name":"Winding Halls","player_choice":"Max HP","floor":39.0,"gold_loss":0.0,"damage_taken":0.0}],"is_beta":false,"boss_relics":[{"not_picked":["Runic Dome","Lizard Tail"],"picked":"Eternal Feather"},{"not_picked":["FrozenCore","Coffee Dripper"],"picked":"Orrery"}],"items_purged_floors":[19,21],"is_endless":false,"potions_floor_spawned":[7,12,13,22,24,31,33],"killed_by":"Reptomancer","ascension_level":15}