{"gold_per_floor":[109,125,21,35,50,50,78,78,104,104,119,119,119,119],"floor_reached":14,"playtime":607,"items_purged":["Strike_G"],"score":167,"play_id":"f8a06c41-077d-469d-9b66-5bbb1fd155db","local_time":"20190131145944","is_ascension_mode":true,"campfire_choices":[{"data":"Calculated Gamble","floor":6,"key":"SMITH"},{"floor":8,"key":"REST"},{"data":"Reflex","floor":12,"key":"SMITH"}],"neow_cost":"NONE","seed_source_timestamp":197544061844396,"circlet_count":0,"master_deck":["AscendersBane","Defend_G","Defend_G","Defend_G+1","Defend_G+1","Defend_G","Strike_G","Strike_G","Strike_G","Survivor","Neutralize","Heel Hook","Dagger Throw","Sucker Punch","Reflex+1","Calculated Gamble+1","Prepared","Acrobatics"],"relics":["Ring of the Snake","Bronze Scales","War Paint","Potion Belt","PreservedInsect"],"potions_floor_usage":[7,14],"damage_taken":[{"damage":0,"enemies":"2 Louse","floor":1,"turns":3},{"damage":0,"enemies":"Small Slimes","floor":2,"turns":4},{"damage":2,"enemies":"Jaw Worm","floor":4,"turns":4},{"damage":21,"enemies":"Large Slime","floor":5,"turns":6},{"damage":17,"enemies":"3 Sentries","floor":7,"turns":6},{"damage":8,"enemies":"2 Fungi Beasts","floor":11,"turns":3},{"damage":17,"enemies":"Lagavulin","floor":14,"turns":3}],"seed_played":"6503390519690813946","potions_obtained":[{"floor":1,"key":"FearPotion"},{"floor":2,"key":"Strength Potion"},{"floor":11,"key":"FearPotion"}],"is_trial":false,"path_per_floor":["M","M","$","M","M","R","E","R","T","?","M","R","?","E"],"character_chosen":"THE_SILENT","items_purchased":["Sucker Punch"],"campfire_rested":1,"item_purchase_floors":[3],"current_hp_per_floor":[59,59,59,57,36,36,19,38,38,31,23,23,12,0],"gold":119,"neow_bonus":"RANDOM_COMMON_RELIC","is_prod":false,"is_daily":false,"chose_seed":false,"campfire_upgraded":2,"win_rate":0,"timestamp":1548943184,"path_taken":["M","M","$","M","M","R","E","R","T","?","M","R","?","E"],"build_version":"2019-01-23","purchased_purges":1,"victory":false,"max_hp_per_floor":[66,66,66,66,66,66,66,66,66,66,66,66,66,66],"card_choices":[{"not_picked":["Quick Slash","Reflex"],"picked":"Heel Hook","floor":1},{"not_picked":["Acrobatics","Underhanded Strike"],"picked":"Dagger Throw","floor":2},{"not_picked":["Prepared","Backflip"],"picked":"Reflex","floor":4},{"not_picked":["Infinite Blades","Escape Plan"],"picked":"Calculated Gamble","floor":5},{"not_picked":["Deflect","Bane"],"picked":"Prepared","floor":7},{"not_picked":["Slice","Dodge and Roll"],"picked":"Acrobatics","floor":11}],"player_experience":476262,"relics_obtained":[{"floor":7,"key":"War Paint"},{"floor":9,"key":"Potion Belt"}],"event_choices":[{"cards_removed":["Strike_G"],"damage_healed":0,"gold_gain":0,"player_choice":"Card Removal","damage_taken":7,"max_hp_gain":0,"max_hp_loss":0,"event_name":"Golden Wing","floor":10,"gold_loss":0},{"damage_healed":0,"gold_gain":0,"player_choice":"Success","damage_taken":11,"relics_obtained":["PreservedInsect"],"max_hp_gain":0,"max_hp_loss":0,"event_name":"Scrap Ooze","floor":13,"gold_loss":0}],"is_beta":false,"boss_relics":[],"items_purged_floors":[3],"is_endless":false,"potions_floor_spawned":[1,2,11],"killed_by":"Lagavulin","ascension_level":17}