{"gold_per_floor":[110,110,110,129,144,144,179,179,179,179,199,232,232,78,78,152,152,170,170,180,180,193,193,22,35,35,35,48,48,48,59,59,131,131,148,148],"floor_reached":36,"playtime":1706,"items_purged":["Strike_B"],"score":744,"play_id":"0da13f99-40d4-4741-b6ff-5ffe0a9417fb","local_time":"20181225021318","is_ascension_mode":true,"campfire_choices":[{"data":"Doom and Gloom","floor":6.0,"key":"SMITH"},{"data":"Redo","floor":8.0,"key":"SMITH"},{"data":"Dualcast","floor":10.0,"key":"SMITH"},{"data":"Coolheaded","floor":13.0,"key":"SMITH"},{"data":"Turbo","floor":15.0,"key":"SMITH"},{"floor":23.0,"key":"REST"},{"data":"Fusion","floor":32.0,"key":"SMITH"}],"neow_cost":"NONE","seed_source_timestamp":44392756368095,"circlet_count":0,"master_deck":["AscendersBane","Defend_B","Defend_B","Defend_B","Zap","Dualcast+1","Finesse","Glacier","Compile Driver","Doom and Gloom+1","Redo+1","Turbo+1","Coolheaded+1","Core Surge","Glacier","Seek","Go for the Eyes+1","Undo","Fusion+1","Capacitor+1","Echo Form","Recycle+1","Gash+1","Blizzard+1"],"special_seed":0,"relics":["Cracked Core","Turnip","Du-Vu Doll","Eternal Feather","DataDisk","Question Card","Astrolabe"],"potions_floor_usage":[33],"damage_taken":[{"damage":0.0,"enemies":"2 Louse","floor":1.0,"turns":1.0},{"damage":0.0,"enemies":"Small Slimes","floor":4.0,"turns":4.0},{"damage":5.0,"enemies":"Jaw Worm","floor":5.0,"turns":3.0},{"damage":20.0,"enemies":"Gremlin Nob","floor":7.0,"turns":4.0},{"damage":0.0,"enemies":"Blue Slaver","floor":11.0,"turns":3.0},{"damage":1.0,"enemies":"3 Sentries","floor":12.0,"turns":5.0},{"damage":16.0,"enemies":"The Guardian","floor":16.0,"turns":15.0},{"damage":2.0,"enemies":"Spheric Guardian","floor":18.0,"turns":7.0},{"damage":23.0,"enemies":"Chosen","floor":20.0,"turns":6.0},{"damage":22.0,"enemies":"Colosseum Slavers","floor":21.0,"turns":4.0},{"damage":9.0,"enemies":"Centurion and Healer","floor":22.0,"turns":6.0},{"damage":3.0,"enemies":"Sentry and Sphere","floor":25.0,"turns":6.0},{"damage":3.0,"enemies":"Cultist and Chosen","floor":28.0,"turns":6.0},{"damage":9.0,"enemies":"Snake Plant","floor":31.0,"turns":5.0},{"damage":43,"enemies":"Automaton","floor":33,"turns":13},{"damage":22,"enemies":"3 Shapes","floor":35,"turns":8},{"damage":44,"enemies":"Orb Walker","floor":36,"turns":6}],"seed_played":"-5761166159327354644","potions_obtained":[{"floor":5.0,"key":"Energy Potion"},{"floor":20.0,"key":"FocusPotion"},{"floor":28.0,"key":"Ancient Potion"},{"floor":33,"key":"Dexterity Potion"}],"is_trial":false,"path_per_floor":["M","?","?","M","M","R","E","E","R","T","R","M","E","R","$","R","B",null,"M","?","M","?","M","R","$","M","T","$","M","$","?","M","R","B",null,"M","M"],"character_chosen":"DEFECT","items_purchased":["Glacier","DataDisk"],"campfire_rested":1,"item_purchase_floors":[14,24],"current_hp_per_floor":[64,64,64,64,59,59,39,39,39,39,39,38,38,38,38,22,59,57,57,34,12,3,36,36,33,33,33,30,30,71,62,71,28,60,38,0],"gold":148,"neow_bonus":"RANDOM_COLORLESS","is_prod":false,"is_daily":false,"chose_seed":false,"campfire_upgraded":6,"win_rate":0,"timestamp":1545671598,"path_taken":["M","?","?","M","M","R","E","R","T","R","M","E","R","?","R","BOSS","M","?","M","?","M","R","$","M","T","$","M","?","?","?","R","BOSS","M","M"],"build_version":"2018-12-20","purchased_purges":1,"victory":false,"max_hp_per_floor":[71,71,71,71,71,71,71,71,71,71,71,71,71,71,71,71,71,71,71,71,71,71,71,71,71,71,71,71,71,71,71,71,71,71,71,71],"card_choices":[{"not_picked":["Beam Cell","Redo"],"picked":"Glacier","floor":1.0},{"not_picked":["Cold Snap","Go for the Eyes"],"picked":"Doom and Gloom","floor":4.0},{"not_picked":["Scrape","Compile Driver"],"picked":"Redo","floor":5.0},{"not_picked":["Sweeping Beam","Consume"],"picked":"Turbo","floor":7.0},{"not_picked":["Hologram","Turbo"],"picked":"Coolheaded","floor":11.0},{"not_picked":["Consume","Ball Lightning"],"picked":"Core Surge","floor":12.0},{"not_picked":["Hyperbeam","Multi-Cast"],"picked":"Seek","floor":16.0},{"not_picked":["Tempest","Barrage"],"picked":"Go for the Eyes+1","floor":18.0},{"not_picked":["Redo","Compile Driver","Conserve Battery+1"],"picked":"SKIP","floor":20.0},{"not_picked":["Chaos","FTL"],"picked":"BootSequence","floor":22.0},{"not_picked":["Rebound+1","Consume","Melter"],"picked":"SKIP","floor":25.0},{"not_picked":["Compile Driver+1","Consume","Rebound"],"picked":"Fusion","floor":28.0},{"not_picked":["Streamline+1","Hello World","Multi-Cast"],"picked":"Capacitor+1","floor":31.0},{"not_picked":["Amplify","Machine Learning","Core Surge"],"picked":"Echo Form","floor":33},{"not_picked":["Cold Snap","Leap+1","Steam","Ball Lightning+1"],"picked":"SKIP","floor":35}],"player_experience":841274,"relics_obtained":[{"floor":9.0,"key":"Turnip"},{"floor":12.0,"key":"Du-Vu Doll"},{"floor":26.0,"key":"Question Card"}],"event_choices":[{"damage_healed":0.0,"max_hp_gain":0.0,"max_hp_loss":0.0,"gold_gain":0.0,"event_name":"Liars Game","player_choice":"Ignored","floor":2.0,"gold_loss":0.0,"damage_taken":0.0},{"damage_healed":0.0,"max_hp_gain":0.0,"max_hp_loss":0.0,"gold_gain":0.0,"cards_transformed":["Strike_B"],"event_name":"Living Wall","player_choice":"Change","floor":3.0,"gold_loss":0.0,"damage_taken":0.0,"cards_obtained":["Compile Driver"]},{"damage_healed":0.0,"max_hp_gain":0.0,"max_hp_loss":0.0,"gold_gain":0.0,"event_name":"The Library","player_choice":"Read","floor":19.0,"gold_loss":0.0,"damage_taken":0.0,"cards_obtained":["Undo"]},{"damage_healed":0.0,"max_hp_gain":0.0,"max_hp_loss":0.0,"gold_gain":0.0,"event_name":"Colosseum","player_choice":"Fight","floor":21.0,"gold_loss":0.0,"damage_taken":0.0},{"damage_healed":0.0,"max_hp_gain":0.0,"max_hp_loss":0.0,"gold_gain":0.0,"event_name":"Colosseum","player_choice":"Fled From Nobs","floor":21.0,"gold_loss":0.0,"damage_taken":0.0},{"cards_removed":["BootSequence"],"damage_healed":41.0,"max_hp_gain":0.0,"max_hp_loss":0.0,"gold_gain":0.0,"event_name":"Bonfire Elementals","player_choice":"Offered Uncommon","floor":30.0,"gold_loss":0.0,"damage_taken":0.0}],"is_beta":false,"boss_relics":[{"not_picked":["Sozu","Black Star"],"picked":"Eternal Feather"},{"not_picked":["Fusion Hammer","Lizard Tail"],"picked":"Astrolabe"}],"items_purged_floors":[14],"is_endless":false,"potions_floor_spawned":[5,20,28,31,33,35],"killed_by":"Orb Walker","ascension_level":20}