{"gold_per_floor":[116,116,116,133,14,14,42,57,57,57,73,248,248,262,262,366,366,383,397,407,84,101,101,101,120,120,120,136,51,62,62,62,161,161,171,189,0,0,0,0,15,15,83,145,164,64,92,112,112,112],"floor_reached":50,"playtime":2740,"items_purged":["Doubt","Defend_G"],"score":554,"play_id":"2393f146-dbb6-4fc7-be4d-4e9866afd3b6","local_time":"20181015220150","is_ascension_mode":false,"campfire_choices":[{"data":"Infinite Blades","floor":6,"key":"SMITH"},{"data":"Accuracy","floor":10,"key":"SMITH"},{"data":"Blade Dance","floor":15,"key":"SMITH"},{"floor":23,"key":"REST"},{"data":"Envenom","floor":27,"key":"SMITH"},{"floor":32,"key":"REST"},{"data":"Malaise","floor":40,"key":"SMITH"},{"data":"Neutralize","floor":42,"key":"SMITH"},{"floor":49,"key":"REST"}],"neow_cost":"NONE","seed_source_timestamp":359514184946129,"circlet_count":0,"master_deck":["Defend_G","Defend_G","Defend_G","Strike_G","Strike_G","Strike_G","Survivor","Neutralize+1","Acrobatics","Slice+1","Infinite Blades+1","Quick Slash+1","Accuracy+1","Poisoned Stab+1","Blade Dance+1","Malaise+1","Riddle With Holes+1","Cloak And Dagger+1","Envenom+1","Cloak And Dagger+1","Quick Slash+1","Slice+1","Necronomicurse","Blade Dance+1","Calculated Gamble+1","Terror+1","Accuracy"],"relics":["Ring of the Snake","NeowsBlessing","Molten Egg 2","Meat on the Bone","Ornamental Fan","Happy Flower","WristBlade","Matryoshka","Vajra","Pantograph","Blood Vial","Necronomicon","Empty Cage","Red Mask","Omamori","Toxic Egg 2","Tiny Chest","Bottled Lightning"],"potions_floor_usage":[11,14,25,30,44,44,45,50],"damage_taken":[{"damage":0,"enemies":"Small Slimes","floor":1,"turns":1},{"damage":0,"enemies":"2 Louse","floor":4,"turns":1},{"damage":0,"enemies":"Lagavulin","floor":7,"turns":1},{"damage":0,"enemies":"Jaw Worm","floor":8,"turns":3},{"damage":0,"enemies":"Looter","floor":11,"turns":2},{"damage":14,"enemies":"Gremlin Gang","floor":14,"turns":4},{"damage":18,"enemies":"Hexaghost","floor":16,"turns":8},{"damage":6,"enemies":"3 Byrds","floor":18,"turns":4},{"damage":8,"enemies":"Shell Parasite","floor":19,"turns":4},{"damage":13,"enemies":"Shelled Parasite and Fungi","floor":20,"turns":7},{"damage":13,"enemies":"Centurion and Healer","floor":22,"turns":5},{"damage":2,"enemies":"Sentry and Sphere","floor":25,"turns":3},{"damage":0,"enemies":"3 Cultists","floor":28,"turns":4},{"damage":5,"enemies":"Shelled Parasite and Fungi","floor":30,"turns":2},{"damage":46,"enemies":"Champ","floor":33,"turns":9},{"damage":4,"enemies":"3 Shapes","floor":35,"turns":4},{"damage":15,"enemies":"3 Darklings","floor":36,"turns":4},{"damage":0,"enemies":"Transient","floor":41,"turns":5},{"damage":32,"enemies":"Nemesis","floor":44,"turns":5},{"damage":27,"enemies":"4 Shapes","floor":45,"turns":3},{"damage":34,"enemies":"Giant Head","floor":47,"turns":7},{"damage":20,"enemies":"Maw","floor":48,"turns":5},{"damage":70,"enemies":"Awakened One","floor":50,"turns":3}],"seed_played":"8121276421024837787","potions_obtained":[{"floor":7,"key":"PowerPotion"},{"floor":8,"key":"EssenceOfSteel"},{"floor":22,"key":"Energy Potion"},{"floor":28,"key":"Strength Potion"},{"floor":33,"key":"SkillPotion"},{"floor":36,"key":"AttackPotion"},{"floor":41,"key":"PowerPotion"},{"floor":48,"key":"SteroidPotion"}],"is_trial":false,"path_per_floor":["M","?","?","M","$","R","E","M","T","R","M","?","?","M","R","B",null,"M","M","M","$","M","R","?","M","T","R","M","?","M","?","R","B",null,"M","M","?","?","$","R","M","R","T","E","M","$","E","M","R"],"character_chosen":"THE_SILENT","items_purchased":["Infinite Blades","Quick Slash+1","Matryoshka"],"campfire_rested":3,"item_purchase_floors":[5,5,21],"current_hp_per_floor":[70,67,67,67,67,67,67,67,67,67,67,67,67,53,53,47,70,64,56,43,43,42,63,50,48,48,48,48,48,45,29,51,41,75,71,58,58,85,85,85,85,85,85,53,40,40,20,14,39,0],"gold":112,"neow_bonus":"THREE_ENEMY_KILL","is_prod":false,"is_daily":false,"chose_seed":false,"campfire_upgraded":6,"win_rate":0.0,"timestamp":1539594110,"path_taken":["M","?","?","M","$","R","E","M","T","R","M","?","?","M","R","BOSS","M","?","M","$","M","R","?","M","T","R","M","?","?","?","R","BOSS","M","M","?","?","$","R","M","R","T","E","M","$","E","M","R","BOSS"],"build_version":"2018-10-11","purchased_purges":2,"victory":false,"max_hp_per_floor":[70,70,70,70,70,70,70,70,70,70,70,70,70,70,70,70,70,70,70,70,70,70,70,75,75,75,75,75,75,75,75,75,75,75,75,75,75,85,85,85,85,85,85,85,85,85,85,85,85,85],"card_choices":[{"not_picked":["Outmaneuver","Calculated Gamble"],"picked":"Acrobatics","floor":1},{"not_picked":["Calculated Gamble","Heel Hook+1"],"picked":"Slice+1","floor":4},{"not_picked":["Underhanded Strike+1","Dagger Spray+1"],"picked":"Accuracy","floor":7},{"not_picked":["Footwork","Acrobatics"],"picked":"Poisoned Stab+1","floor":8},{"not_picked":["Prepared","Underhanded Strike+1","Calculated Gamble"],"picked":"SKIP","floor":11},{"not_picked":["PiercingWail","Outmaneuver"],"picked":"Blade Dance","floor":14},{"not_picked":["Venomology","Doppelganger"],"picked":"Malaise","floor":16},{"not_picked":["PiercingWail","Backflip"],"picked":"Riddle With Holes+1","floor":18},{"not_picked":["Bane+1","Backflip"],"picked":"Cloak And Dagger+1","floor":19},{"not_picked":["Deflect","Deadly Poison"],"picked":"Envenom","floor":20},{"not_picked":["Bouncing Flask+1","Underhanded Strike+1"],"picked":"Cloak And Dagger+1","floor":22},{"not_picked":["Flying Knee+1","Deflect+1"],"picked":"Quick Slash+1","floor":25},{"not_picked":["Sucker Punch+1","Crippling Poison"],"picked":"Slice+1","floor":28},{"not_picked":["Acrobatics","Outmaneuver","Bane+1"],"picked":"SKIP","floor":30},{"not_picked":["Doppelganger","Die Die Die+1"],"picked":"After Image","floor":33},{"not_picked":["Dodge and Roll","Bouncing Flask","Outmaneuver"],"picked":"SKIP","floor":35},{"not_picked":["Quick Slash+1","Bane+1"],"picked":"Blade Dance+1","floor":36},{"not_picked":["Flying Knee+1","Dodge and Roll","Backflip+1"],"picked":"SKIP","floor":41},{"not_picked":["Deadly Poison+1","Blur+1"],"picked":"Calculated Gamble+1","floor":44},{"not_picked":["Flechettes+1","Eviscerate+1"],"picked":"Terror+1","floor":45},{"not_picked":["Quick Slash+1","Tactician+1"],"picked":"Accuracy","floor":47},{"not_picked":["Flying Knee+1","Tactician+1","Dodge and Roll+1"],"picked":"SKIP","floor":48}],"player_experience":69934,"relics_obtained":[{"floor":7,"key":"Meat on the Bone"},{"floor":9,"key":"Ornamental Fan"},{"floor":26,"key":"Vajra"},{"floor":26,"key":"Pantograph"},{"floor":31,"key":"Necronomicon"},{"floor":43,"key":"Omamori"},{"floor":43,"key":"Toxic Egg 2"},{"floor":44,"key":"Tiny Chest"},{"floor":47,"key":"Bottled Lightning"}],"event_choices":[{"event_name":"Scrap Ooze","player_choice":"success","floor":2,"damage_taken":3},{"event_name":"Purifier","player_choice":"One Purge","floor":3,"damage_taken":0},{"event_name":"Liars Game","player_choice":"agreed","floor":12,"damage_taken":0},{"event_name":"Dead Adventurer","player_choice":"Searched \u00272\u0027 times","floor":13,"damage_taken":0},{"event_name":"Forgotten Altar","player_choice":"Shed Blood","floor":24,"damage_taken":0},{"event_name":"Addict","player_choice":"Obtained Relic","floor":29,"damage_taken":0},{"event_name":"Cursed Tome","player_choice":"Obtained Book","floor":31,"damage_taken":0},{"event_name":"Tomb of Lord Red Mask","player_choice":"Paid","floor":37,"damage_taken":0},{"event_name":"Bonfire Elementals","player_choice":"RARE","floor":38,"damage_taken":0}],"is_beta":false,"boss_relics":[{"not_picked":["Astrolabe","Busted Crown"],"picked":"WristBlade"},{"not_picked":["Snecko Eye","HoveringKite"],"picked":"Empty Cage"}],"items_purged_floors":[21,46],"is_endless":false,"potions_floor_spawned":[7,8,22,28,33,36,41,48],"killed_by":"Awakened One","ascension_level":0}