{"gold_per_floor":[115,115,188,198,213,243,243,269,269,269,279,295,307,307,307,380,380,392,392,411,425,436,436,436],"floor_reached":24,"playtime":1321,"items_purged":[],"score":378,"play_id":"80d97bc8-7b2a-4963-918f-7077faf16b5a","local_time":"20190130050035","is_ascension_mode":true,"campfire_choices":[{"floor":7,"key":"REST"},{"data":"Deadly Poison","floor":10,"key":"SMITH"},{"floor":15,"key":"REST"},{"data":"Burst","floor":23,"key":"SMITH"}],"neow_cost":"NONE","seed_source_timestamp":74400924682055,"circlet_count":0,"master_deck":["AscendersBane","Defend_G","Defend_G","Defend_G","Defend_G","Defend_G","Strike_G","Strike_G","Strike_G","Strike_G","Survivor","Neutralize+1","Deadly Poison+1","Poisoned Stab","Poisoned Stab","Leg Sweep","Corpse Explosion","Deadly Poison","Parasite","Burst+1","Night Terror","Well Laid Plans+1"],"special_seed":0,"relics":["Ring of the Snake","Darkstone Periapt","Bag of Preparation","Smiling Mask","Frozen Egg 2","Busted Crown"],"potions_floor_usage":[6,8,11,16,18],"damage_taken":[{"damage":1.0,"enemies":"Jaw Worm","floor":1.0,"turns":7.0},{"damage":0.0,"enemies":"Cultist","floor":4.0,"turns":4.0},{"damage":0.0,"enemies":"Small Slimes","floor":5.0,"turns":4.0},{"damage":17,"enemies":"Lagavulin","floor":6,"turns":7},{"damage":21,"enemies":"3 Sentries","floor":8,"turns":11},{"damage":0,"enemies":"Exordium Thugs","floor":11,"turns":2},{"damage":19,"enemies":"Large Slime","floor":12,"turns":8},{"damage":11,"enemies":"Exordium Wildlife","floor":13,"turns":4},{"damage":28,"enemies":"The Guardian","floor":16,"turns":8},{"damage":0,"enemies":"3 Byrds","floor":18,"turns":3},{"damage":4,"enemies":"Shell Parasite","floor":20,"turns":6},{"damage":1,"enemies":"Centurion and Healer","floor":21,"turns":4},{"damage":11,"enemies":"Snecko","floor":22,"turns":6},{"damage":46,"enemies":"Book of Stabbing","floor":24,"turns":6}],"seed_played":"125922847738876677","potions_obtained":[{"floor":1.0,"key":"EntropicBrew"},{"floor":8,"key":"Poison Potion"},{"floor":11,"key":"PowerPotion"},{"floor":13,"key":"Explosive Potion"}],"is_trial":false,"path_per_floor":["M","?","T","M","M","E","R","E","T","R","M","M","M","?","R","B",null,"M","?","M","M","M","R","E"],"character_chosen":"THE_SILENT","items_purchased":[],"campfire_rested":2,"item_purchase_floors":[],"current_hp_per_floor":[58,51,51,51,51,34,53,32,32,32,32,13,2,24,45,17,58,58,58,54,53,42,42,0],"gold":436,"neow_bonus":"UPGRADE_CARD","is_prod":false,"is_daily":false,"chose_seed":false,"campfire_upgraded":2,"win_rate":0,"timestamp":1548820835,"path_taken":["M","?","?","M","?","E","R","E","T","R","M","M","M","?","R","BOSS","M","?","?","M","M","R","E"],"build_version":"2019-01-23","purchased_purges":0,"victory":false,"max_hp_per_floor":[66,66,66,66,66,66,66,66,66,66,66,66,66,72,72,72,72,72,72,72,72,72,72,72],"card_choices":[{"not_picked":["Infinite Blades","Finisher"],"picked":"Deadly Poison","floor":1.0},{"not_picked":["Prepared","Cloak And Dagger"],"picked":"Poisoned Stab","floor":4.0},{"not_picked":["Deflect","Deadly Poison"],"picked":"Poisoned Stab","floor":5.0},{"not_picked":["Slice","Underhanded Strike"],"picked":"Leg Sweep","floor":6},{"not_picked":["Deadly Poison","Underhanded Strike"],"picked":"Corpse Explosion","floor":8},{"not_picked":["Poisoned Stab","Dagger Spray"],"picked":"Deadly Poison","floor":11},{"not_picked":["Malaise","Prepared","Dagger Throw"],"picked":"SKIP","floor":12},{"not_picked":["Heel Hook","Acrobatics","Outmaneuver"],"picked":"SKIP","floor":13},{"not_picked":["Venomology","Night Terror"],"picked":"Burst","floor":16},{"not_picked":["Quick Slash"],"picked":"SKIP","floor":18},{"not_picked":[],"picked":"Well Laid Plans+1","floor":20},{"not_picked":["Outmaneuver"],"picked":"SKIP","floor":21},{"not_picked":["Cloak And Dagger"],"picked":"SKIP","floor":22}],"player_experience":434398,"relics_obtained":[{"floor":3.0,"key":"Darkstone Periapt"},{"floor":6,"key":"Bag of Preparation"},{"floor":8,"key":"Smiling Mask"},{"floor":9,"key":"Frozen Egg 2"}],"event_choices":[{"cards_removed":["Strike_G"],"damage_healed":0.0,"max_hp_gain":0.0,"max_hp_loss":0.0,"gold_gain":0.0,"event_name":"Golden Wing","player_choice":"Card Removal","floor":2.0,"gold_loss":0.0,"damage_taken":7.0},{"damage_healed":16,"gold_gain":0,"player_choice":"Healed and dodged fight","damage_taken":0,"max_hp_gain":0,"max_hp_loss":0,"event_name":"Mushrooms","floor":14,"gold_loss":0,"cards_obtained":["Parasite"]},{"damage_healed":0,"gold_gain":0,"player_choice":"1 cards matched","damage_taken":0,"max_hp_gain":0,"max_hp_loss":0,"event_name":"Match and Keep!","floor":19,"gold_loss":0,"cards_obtained":["Night Terror"]}],"is_beta":false,"boss_relics":[{"not_picked":["Coffee Dripper","Tiny House"],"picked":"Busted Crown"}],"items_purged_floors":[],"is_endless":false,"potions_floor_spawned":[1,8,11,13],"killed_by":"Book of Stabbing","ascension_level":16}