{"gold_per_floor":[110,125,138,148,159,159,170,189,189,205,240,256,273,289,289,392,392,377,50,64,78,26,26],"floor_reached":23,"playtime":2168,"items_purged":[],"score":203,"play_id":"e03f2ca5-c04a-41d5-8609-ac38ae062652","local_time":"20181224025117","is_ascension_mode":false,"campfire_choices":[{"data":"Prepared","floor":6,"key":"SMITH"},{"floor":15,"key":"REST"}],"neow_cost":"TEN_PERCENT_HP_LOSS","seed_source_timestamp":122484160632430,"circlet_count":0,"master_deck":["Defend_G","Defend_G","Defend_G","Defend_G","Defend_G","Strike_G","Strike_G","Strike_G","Strike_G","Strike_G","Survivor","Neutralize","Dodge and Roll","Prepared+1","Tactician","Dagger Throw","Reflex","Tactician","Backflip","Eviscerate","Predator","Adrenaline","Dash","Burst","Eviscerate+1","Dagger Throw","Prepared","Underhanded Strike","After Image","Dagger Throw"],"relics":["Ring of the Snake","Mango","Gremlin Horn","Gambling Chip","Philosopher\u0027s Stone","Question Card"],"potions_floor_usage":[10,11,16,16,21,23],"damage_taken":[{"damage":0,"enemies":"Cultist","floor":1,"turns":5},{"damage":0,"enemies":"2 Louse","floor":2,"turns":3},{"damage":2,"enemies":"Jaw Worm","floor":3,"turns":9},{"damage":10,"enemies":"Exordium Wildlife","floor":4,"turns":9},{"damage":0,"enemies":"Blue Slaver","floor":5,"turns":5},{"damage":3,"enemies":"2 Fungi Beasts","floor":7,"turns":5},{"damage":6,"enemies":"3 Louse","floor":8,"turns":6},{"damage":2,"enemies":"Exordium Thugs","floor":10,"turns":7},{"damage":27,"enemies":"Gremlin Nob","floor":11,"turns":4},{"damage":0,"enemies":"2 Fungi Beasts","floor":12,"turns":5},{"damage":0,"enemies":"Blue Slaver","floor":13,"turns":2},{"damage":0,"enemies":"Large Slime","floor":14,"turns":2},{"damage":44,"enemies":"Slime Boss","floor":16,"turns":18},{"damage":0,"enemies":"2 Thieves","floor":18,"turns":4},{"damage":0,"enemies":"Spheric Guardian","floor":20,"turns":3},{"damage":0,"enemies":"Centurion and Healer","floor":21,"turns":4},{"damage":78,"enemies":"Book of Stabbing","floor":23,"turns":7}],"seed_played":"511717458014364805","potions_obtained":[{"floor":2,"key":"SkillPotion"},{"floor":5,"key":"Poison Potion"},{"floor":8,"key":"EssenceOfSteel"},{"floor":11,"key":"Poison Potion"},{"floor":14,"key":"Ancient Potion"},{"floor":16,"key":"GamblersBrew"},{"floor":18,"key":"Strength Potion"}],"is_trial":false,"path_per_floor":["M","M","M","M","M","R","M","M","T","M","E","M","M","M","R","B",null,"M","$","M","M","$","E"],"character_chosen":"THE_SILENT","items_purchased":["Dagger Throw","Prepared","Question Card","Dagger Throw"],"campfire_rested":1,"item_purchase_floors":[19,19,19,22],"current_hp_per_floor":[77,77,75,65,65,65,62,56,56,54,27,27,27,27,50,6,77,77,77,77,77,77,0],"gold":26,"neow_bonus":"ONE_RARE_RELIC","is_prod":false,"is_daily":false,"chose_seed":false,"campfire_upgraded":1,"win_rate":0,"timestamp":1545616277,"path_taken":["M","M","M","M","M","R","M","M","T","M","E","?","M","M","R","BOSS","M","$","M","M","$","E"],"build_version":"2018-12-20","purchased_purges":0,"victory":false,"max_hp_per_floor":[77,77,77,77,77,77,77,77,77,77,77,77,77,77,77,77,77,77,77,77,77,77,77],"card_choices":[{"not_picked":["Reflex","Sucker Punch"],"picked":"Dodge and Roll","floor":1},{"not_picked":["Catalyst","Underhanded Strike"],"picked":"Prepared","floor":2},{"not_picked":["Dagger Spray","Masterful Stab"],"picked":"Tactician","floor":3},{"not_picked":["Sucker Punch","Deflect"],"picked":"Dagger Throw","floor":4},{"not_picked":["Corpse Explosion","Quick Slash"],"picked":"Reflex","floor":5},{"not_picked":["Flechettes","Deflect"],"picked":"Tactician","floor":7},{"not_picked":["Dash","Outmaneuver"],"picked":"Backflip","floor":8},{"not_picked":["Catalyst","Flying Knee"],"picked":"Eviscerate","floor":10},{"not_picked":["Deadly Poison","Endless Agony"],"picked":"Predator","floor":11},{"not_picked":["Blade Dance","Poisoned Stab"],"picked":"Adrenaline","floor":12},{"not_picked":["Expertise","Slice"],"picked":"Dash","floor":13},{"not_picked":["Poisoned Stab","Deflect","Bane"],"picked":"SKIP","floor":14},{"not_picked":["Corpse Explosion","Phantasmal Killer"],"picked":"Burst","floor":16},{"not_picked":["Caltrops+1","Blade Dance"],"picked":"Eviscerate+1","floor":18},{"not_picked":["Dagger Spray+1","Calculated Gamble","Deflect"],"picked":"Underhanded Strike","floor":20},{"not_picked":["Distraction","Outmaneuver+1","Quick Slash"],"picked":"After Image","floor":21}],"player_experience":91375,"relics_obtained":[{"floor":9,"key":"Gremlin Horn"},{"floor":11,"key":"Gambling Chip"}],"event_choices":[],"is_beta":false,"boss_relics":[{"not_picked":["Snecko Eye","Empty Cage"],"picked":"Philosopher\u0027s Stone"}],"items_purged_floors":[],"is_endless":false,"potions_floor_spawned":[2,5,8,11,14,16,18],"killed_by":"Book of Stabbing","ascension_level":0}