{"gold_per_floor":[10,21,36,53,53,53,71,71,117,117,150,150,150,164,164,237,237,255,255,267,43,43,70,70,96,121,121],"floor_reached":27,"playtime":1144,"items_purged":["Strike_G"],"score":554,"play_id":"8f322c82-7ac0-4bc7-bb52-a345c1109ec7","local_time":"20190128122405","is_ascension_mode":true,"campfire_choices":[{"data":"Dagger Spray","floor":6,"key":"SMITH"},{"data":"Neutralize","floor":8,"key":"SMITH"},{"data":"Dash","floor":10,"key":"SMITH"},{"data":"Night Terror","floor":12,"key":"SMITH"},{"data":"Dodge and Roll","floor":15,"key":"SMITH"},{"data":"Underhanded Strike","floor":24,"key":"SMITH"}],"neow_cost":"NO_GOLD","seed_source_timestamp":680053885620938,"circlet_count":0,"master_deck":["AscendersBane","Defend_G","Defend_G","Defend_G","Defend_G","Strike_G","Strike_G","Survivor","Neutralize+1","Masterful Stab","Dagger Spray+1","Sucker Punch+1","Dash+1","Backflip","Night Terror+1","Dodge and Roll+1","Bullet Time","Underhanded Strike+1"],"relics":["Ring of the Snake","Bag of Preparation","Frozen Egg 2","Snecko Eye","Bag of Marbles","Ancient Tea Set","Bronze Scales","Pen Nib","Lantern"],"potions_floor_usage":[11,16,16,25],"damage_taken":[{"damage":4,"enemies":"2 Louse","floor":1,"turns":3},{"damage":0,"enemies":"Jaw Worm","floor":2,"turns":3},{"damage":0,"enemies":"Cultist","floor":3,"turns":3},{"damage":4,"enemies":"Blue Slaver","floor":4,"turns":4},{"damage":4,"enemies":"Red Slaver","floor":7,"turns":4},{"damage":0,"enemies":"3 Sentries","floor":11,"turns":5},{"damage":0,"enemies":"Exordium Thugs","floor":14,"turns":2},{"damage":0,"enemies":"Hexaghost","floor":16,"turns":8},{"damage":0,"enemies":"Shell Parasite","floor":18,"turns":2},{"damage":3,"enemies":"3 Byrds","floor":20,"turns":6},{"damage":21,"enemies":"Slavers","floor":23,"turns":7},{"damage":31,"enemies":"Gremlin Leader","floor":25,"turns":5},{"damage":6,"enemies":"Snake Plant","floor":27,"turns":2}],"seed_played":"6854037734594311019","potions_obtained":[{"floor":1,"key":"Energy Potion"},{"floor":3,"key":"Block Potion"},{"floor":7,"key":"Block Potion"},{"floor":11,"key":"Strength Potion"},{"floor":23,"key":"Poison Potion"}],"is_trial":false,"path_per_floor":["M","M","M","M","?","R","M","R","T","R","E","R","?","M","R","B",null,"M","?","M","$","?","E","R","E","T","M"],"character_chosen":"THE_SILENT","items_purchased":["Bag of Marbles"],"campfire_rested":0,"item_purchase_floors":[21],"current_hp_per_floor":[55,55,55,51,51,51,47,47,47,47,47,47,47,47,47,47,61,61,61,58,58,58,37,37,6,6,0],"gold":121,"neow_bonus":"REMOVE_TWO","is_prod":false,"is_daily":false,"chose_seed":false,"campfire_upgraded":6,"win_rate":0,"timestamp":1548674645,"path_taken":["M","M","M","M","?","R","M","R","T","R","E","R","?","M","R","BOSS","M","?","M","$","?","E","R","E","T","M"],"build_version":"2019-01-23","purchased_purges":1,"victory":false,"max_hp_per_floor":[66,66,66,66,66,66,66,66,66,66,66,66,66,66,66,66,66,66,66,66,66,66,66,66,66,66,66],"card_choices":[{"not_picked":["Calculated Gamble","Poisoned Stab"],"picked":"Masterful Stab","floor":1},{"not_picked":["Distraction","Dagger Throw"],"picked":"Dagger Spray","floor":2},{"not_picked":["Bane","Catalyst"],"picked":"Sucker Punch","floor":3},{"not_picked":["Dodge and Roll","Expertise"],"picked":"Dash","floor":4},{"not_picked":["Outmaneuver","Acrobatics"],"picked":"Backflip","floor":7},{"not_picked":["Escape Plan","Quick Slash"],"picked":"Night Terror","floor":11},{"not_picked":["Underhanded Strike","Poisoned Stab"],"picked":"Dodge and Roll","floor":14},{"not_picked":["Venomology","After Image+1"],"picked":"Bullet Time","floor":16},{"not_picked":["Cloak And Dagger","Poisoned Stab","Acrobatics"],"picked":"SKIP","floor":18},{"not_picked":["Backstab","Caltrops+1"],"picked":"Underhanded Strike","floor":20},{"not_picked":["Heel Hook","Distraction","Accuracy+1"],"picked":"SKIP","floor":23},{"not_picked":["Prepared","Accuracy+1","Sucker Punch"],"picked":"SKIP","floor":25}],"player_experience":394198,"relics_obtained":[{"floor":9,"key":"Bag of Preparation"},{"floor":11,"key":"Frozen Egg 2"},{"floor":22,"key":"Ancient Tea Set"},{"floor":23,"key":"Bronze Scales"},{"floor":25,"key":"Pen Nib"},{"floor":26,"key":"Lantern"}],"event_choices":[{"cards_removed":["Strike_G"],"damage_healed":0,"gold_gain":0,"player_choice":"Forget","damage_taken":0,"max_hp_gain":0,"max_hp_loss":0,"event_name":"Living Wall","floor":5,"gold_loss":0},{"damage_healed":0,"gold_gain":0,"player_choice":"Forge","damage_taken":0,"max_hp_gain":0,"max_hp_loss":0,"event_name":"Accursed Blacksmith","floor":13,"gold_loss":0,"cards_upgraded":["Sucker Punch"]},{"damage_healed":0,"gold_gain":0,"player_choice":"Ignored","damage_taken":0,"max_hp_gain":0,"max_hp_loss":0,"event_name":"Vampires","floor":19,"gold_loss":0},{"damage_healed":0,"gold_gain":0,"player_choice":"Relic","damage_taken":0,"max_hp_gain":0,"max_hp_loss":0,"event_name":"Wheel of Change","floor":22,"gold_loss":0}],"is_beta":false,"boss_relics":[{"not_picked":["Ectoplasm","Runic Pyramid"],"picked":"Snecko Eye"}],"items_purged_floors":[21],"is_endless":false,"potions_floor_spawned":[1,3,7,11,14,23],"killed_by":"Snake Plant","ascension_level":14}