{"gold_per_floor":[118,130,205,205,205,205,220,235,235,252,252,266,266,236,236,339,339,339,339,339,289,214,214,214,214,214,214,214,214,214,214,214,214,214,214,21,21,21,21,21,21,21,21,21,21,21,21,21,21,21],"floor_reached":50,"playtime":2624,"items_purged":["Defend_G"],"score":667,"play_id":"58a68756-a0cc-4d5d-b0c9-3db141b7157a","local_time":"20190116025450","is_ascension_mode":true,"campfire_choices":[{"floor":6,"key":"REST"},{"data":"Burst","floor":13,"key":"SMITH"},{"data":"Catalyst","floor":15,"key":"SMITH"},{"data":"Deadly Poison","floor":23,"key":"SMITH"},{"data":"Crippling Poison","floor":25,"key":"SMITH"},{"data":"Crippling Poison","floor":27,"key":"SMITH"},{"data":"Survivor","floor":30,"key":"SMITH"},{"data":"Bite","floor":32,"key":"SMITH"},{"floor":40,"key":"REST"},{"floor":47,"key":"REST"},{"floor":49,"key":"RECALL"}],"neow_cost":"TEN_PERCENT_HP_LOSS","seed_source_timestamp":126224584410833,"circlet_count":0,"master_deck":["Defend_G+1","Defend_G","Defend_G","Defend_G","Survivor+1","Neutralize+1","Crippling Poison+1","Crippling Poison+1","Catalyst+1","Backflip+1","Burst+1","Flying Knee+1","PiercingWail","Bane+1","Tools of the Trade+1","Deadly Poison+1","Bite+1","Bite","Bite","Bite","Bite","Noxious Fumes+1","PiercingWail+1","Sucker Punch+1","Night Terror","Deadly Poison+1","Escape Plan+1","Leg Sweep+1","Parasite","Corpse Explosion","Madness","Madness"],"relics":["Ring of the Snake","Frozen Egg 2","CultistMask","Ectoplasm","Paper Crane","Sundial","Sozu","TwistedFunnel","Torii","Whetstone","Anchor"],"potions_floor_usage":[16,28,33,35],"damage_taken":[{"damage":9,"enemies":"Jaw Worm","floor":1,"turns":9},{"damage":5,"enemies":"2 Louse","floor":2,"turns":3},{"damage":0,"enemies":"Cultist","floor":7,"turns":4},{"damage":0,"enemies":"Looter","floor":8,"turns":4},{"damage":10,"enemies":"Lots of Slimes","floor":10,"turns":3},{"damage":1,"enemies":"2 Fungi Beasts","floor":12,"turns":4},{"damage":0,"enemies":"Looter","floor":14,"turns":4},{"damage":7,"enemies":"The Guardian","floor":16,"turns":6},{"damage":23,"enemies":"Spheric Guardian","floor":18,"turns":6},{"damage":0,"enemies":"3 Byrds","floor":19,"turns":3},{"damage":9,"enemies":"3 Cultists","floor":24,"turns":4},{"damage":3,"enemies":"Snake Plant","floor":28,"turns":4},{"damage":8,"enemies":"Book of Stabbing","floor":29,"turns":4},{"damage":6,"enemies":"Snecko","floor":31,"turns":3},{"damage":21,"enemies":"Automaton","floor":33,"turns":7},{"damage":13,"enemies":"Orb Walker","floor":35,"turns":5},{"damage":17,"enemies":"3 Darklings","floor":37,"turns":3},{"damage":6,"enemies":"Sphere and 2 Shapes","floor":39,"turns":2},{"damage":1,"enemies":"Mind Bloom Boss Battle","floor":41,"turns":5},{"damage":1,"enemies":"Writhing Mass","floor":42,"turns":6},{"damage":25,"enemies":"Reptomancer","floor":45,"turns":3},{"damage":14,"enemies":"Giant Head","floor":48,"turns":6},{"damage":29,"enemies":"Time Eater","floor":50,"turns":3}],"seed_played":"-2966395196918105274","potions_obtained":[{"floor":1,"key":"Regen Potion"},{"floor":10,"key":"SkillPotion"},{"floor":16,"key":"FearPotion"},{"floor":18,"key":"Swift Potion"},{"floor":33,"key":"Swift Potion"}],"is_trial":false,"path_per_floor":["M","M","?","?","?","R","M","M","T","M","?","M","R","M","R","B",null,"M","M","?","?","$","R","M","R","T","R","M","E","R","M","R","B",null,"M","$","M","$","M","R","?","M","T","?","E","?","R","E","R","B"],"character_chosen":"THE_SILENT","items_purchased":["TwistedFunnel"],"campfire_rested":3,"item_purchase_floors":[36],"current_hp_per_floor":[54,49,38,25,25,43,43,43,43,33,33,32,32,32,32,25,63,40,40,40,40,40,40,39,39,39,39,41,37,37,37,37,39,44,38,38,27,27,27,40,44,44,44,44,25,19,32,26,26,0],"gold":21,"neow_bonus":"TRANSFORM_TWO_CARDS","is_prod":false,"is_daily":false,"chose_seed":false,"campfire_upgraded":7,"win_rate":0,"timestamp":1547603690,"path_taken":["M","M","?","?","?","R","M","?","T","M","?","?","R","M","R","BOSS","M","M","?","?","$","R","M","R","T","R","M","E","R","?","R","BOSS","M","$","M","$","M","R","?","M","T","?","E","?","R","E","R","BOSS"],"build_version":"2019-01-10","purchased_purges":1,"victory":false,"max_hp_per_floor":[63,63,63,63,63,63,63,63,63,63,63,63,63,63,63,63,63,63,63,44,44,44,44,44,44,44,44,44,44,44,44,44,44,44,44,44,44,44,44,44,44,44,44,44,44,44,44,44,44,44],"card_choices":[{"not_picked":["Backflip","Quick Slash"],"picked":"Catalyst","floor":1},{"not_picked":["Sucker Punch","Concentrate"],"picked":"Backflip","floor":2},{"not_picked":["Finisher","Dagger Throw"],"picked":"Burst","floor":7},{"not_picked":["Distraction","Dodge and Roll","Prepared"],"picked":"SKIP","floor":8},{"not_picked":["Acrobatics","Infinite Blades+1"],"picked":"Flying Knee","floor":10},{"not_picked":["Acrobatics","Flying Knee"],"picked":"PiercingWail","floor":12},{"not_picked":["Prepared","Predator"],"picked":"Bane","floor":14},{"not_picked":["Doppelganger","Malaise"],"picked":"Tools of the Trade+1","floor":16},{"not_picked":["Dagger Spray+1","Flying Knee"],"picked":"Deadly Poison","floor":18},{"not_picked":["PiercingWail","Underhanded Strike+1","Flying Knee+1"],"picked":"SKIP","floor":19},{"not_picked":["Underhanded Strike+1","Dodge and Roll+1"],"picked":"Noxious Fumes+1","floor":24},{"not_picked":["Riddle With Holes+1","Masterful Stab"],"picked":"PiercingWail+1","floor":28},{"not_picked":["Phantasmal Killer","PiercingWail","Blade Dance"],"picked":"SKIP","floor":29},{"not_picked":["PiercingWail","Riddle With Holes"],"picked":"Sucker Punch+1","floor":31},{"not_picked":["After Image+1","A Thousand Cuts+1"],"picked":"Night Terror","floor":33},{"not_picked":["Predator+1","Caltrops+1"],"picked":"Deadly Poison+1","floor":35},{"not_picked":["Endless Agony+1","Blade Dance+1","Prepared"],"picked":"SKIP","floor":37},{"not_picked":["Outmaneuver","Deadly Poison+1"],"picked":"Escape Plan+1","floor":39},{"not_picked":["Deadly Poison+1","Reflex+1"],"picked":"Leg Sweep+1","floor":41},{"not_picked":["Flying Knee","Cloak And Dagger","Setup"],"picked":"SKIP","floor":42},{"not_picked":["Masterful Stab+1","Escape Plan"],"picked":"Corpse Explosion","floor":45},{"not_picked":["Dodge and Roll","Reflex","Flying Knee+1"],"picked":"SKIP","floor":48}],"player_experience":183060,"relics_obtained":[{"floor":9,"key":"Frozen Egg 2"},{"floor":26,"key":"Paper Crane"},{"floor":29,"key":"Sundial"},{"floor":41,"key":"Torii"},{"floor":45,"key":"Whetstone"},{"floor":48,"key":"Anchor"}],"event_choices":[{"damage_healed":0,"gold_gain":75,"player_choice":"Gather Gold","damage_taken":11,"max_hp_gain":0,"max_hp_loss":0,"event_name":"World of Goop","floor":3,"gold_loss":0},{"damage_healed":0,"gold_gain":0,"player_choice":"Entered Light","damage_taken":13,"max_hp_gain":0,"max_hp_loss":0,"event_name":"Shining Light","floor":4,"gold_loss":0,"cards_upgraded":["Neutralize","Defend_G"]},{"damage_healed":0,"gold_gain":0,"player_choice":"Upgraded","damage_taken":0,"max_hp_gain":0,"max_hp_loss":0,"event_name":"Upgrade Shrine","floor":5,"gold_loss":0,"cards_upgraded":["Backflip"]},{"damage_healed":0,"gold_gain":0,"player_choice":"Trade","damage_taken":0,"relics_obtained":["CultistMask"],"max_hp_gain":0,"max_hp_loss":0,"event_name":"FaceTrader","floor":11,"gold_loss":0},{"damage_healed":0,"gold_gain":0,"player_choice":"Became a vampire","damage_taken":0,"max_hp_gain":0,"max_hp_loss":19,"event_name":"Vampires","floor":20,"gold_loss":0,"cards_obtained":["Bite","Bite","Bite","Bite","Bite"]},{"damage_healed":0,"gold_gain":0,"player_choice":"Bet on Murderer","damage_taken":0,"max_hp_gain":0,"max_hp_loss":0,"event_name":"The Joust","floor":21,"gold_loss":50},{"damage_healed":0,"gold_gain":0,"player_choice":"Fight","damage_taken":0,"max_hp_gain":0,"max_hp_loss":0,"event_name":"MindBloom","floor":41,"gold_loss":0},{"damage_healed":0,"gold_gain":0,"player_choice":"Memory 1","damage_taken":0,"max_hp_gain":0,"max_hp_loss":0,"event_name":"SensoryStone","floor":44,"gold_loss":0},{"damage_healed":0,"gold_gain":0,"player_choice":"Embrace Madness","damage_taken":6,"max_hp_gain":0,"max_hp_loss":0,"event_name":"Winding Halls","floor":46,"gold_loss":0,"cards_obtained":["Madness","Madness"]}],"is_beta":false,"boss_relics":[{"not_picked":["Busted Crown","HoveringKite"],"picked":"Ectoplasm"},{"not_picked":["Pandora\u0027s Box","White Beast Statue"],"picked":"Sozu"}],"items_purged_floors":[22],"is_endless":false,"potions_floor_spawned":[1,10,16,18,24,33,39,45],"killed_by":"Time Eater","ascension_level":4}