{"gold_per_floor":[114,114,129,144,62,62,77,92,117,147,162,177,177,207,207,307,307,322,421,346,361,376,406,6,6,81,81,96,11,41,56,56,186,186,201,201,201,216,231,261,276,276,276,291,321,336,336,351,351,351],"floor_reached":51,"playtime":1821,"items_purged":["Outmaneuver"],"score":1188,"play_id":"b40777fc-d56d-46d4-9f99-6389b8dc0850","local_time":"20180813215235","daily_mods":["Specialized","Lethality","Vintage"],"is_ascension_mode":false,"campfire_choices":[{"data":"Neutralize","floor":6,"key":"SMITH"},{"data":"Cloak And Dagger","floor":13,"key":"SMITH"},{"data":"After Image","floor":15,"key":"SMITH"},{"data":"Adrenaline","floor":27,"key":"SMITH"},{"data":"Adrenaline","floor":32,"key":"SMITH"},{"data":"Malaise","floor":42,"key":"SMITH"},{"data":"Adrenaline","floor":49,"key":"SMITH"}],"neow_cost":"","seed_source_timestamp":0,"circlet_count":0,"master_deck":["Survivor","Neutralize+1","Adrenaline+1","Adrenaline+1","Adrenaline+1","Adrenaline","Adrenaline+1","Deadly Poison+1","Footwork","Cloak And Dagger+1","After Image+1","Malaise+1","Deadly Poison+1","Accuracy","Slice+1","Dagger Spray","Bane","Bane+1","Quick Slash","Backstab","Leg Sweep+1","Footwork","Crippling Poison+1","Blade Dance+1","After Image","Infinite Blades+1","Backflip+1","Backflip+1"],"special_seed":17757,"relics":["Ring of the Serpent","Oddly Smooth Stone","Bag of Preparation","Question Card","Blue Candle","Bottled Flame","Pen Nib","Darkstone Periapt","Juzu Bracelet","Strawberry","Smiling Mask","Bird Faced Urn","Pandora\u0027s Box","Centennial Puzzle","Toxic Egg 2","Pantograph","Happy Flower","HandDrill","The Specimen","Kunai","Paper Crane","Mercury Hourglass","Bottled Tornado","Letter Opener","Tiny Chest","Bag of Marbles","Meat on the Bone","Gremlin Horn","Whetstone","Ninja Scroll","The Courier","War Paint","Frozen Egg 2","Omamori","Turnip","Snake Skull"],"potions_floor_usage":[10,16,33,33,33,40,40,50,50],"damage_taken":[{"damage":0,"enemies":"2 Louse","floor":1,"turns":1},{"damage":0,"enemies":"Small Slimes","floor":3,"turns":1},{"damage":0,"enemies":"Jaw Worm","floor":4,"turns":1},{"damage":0,"enemies":"Lots of Slimes","floor":7,"turns":2},{"damage":0,"enemies":"Looter","floor":8,"turns":1},{"damage":0,"enemies":"Lagavulin","floor":10,"turns":3},{"damage":0,"enemies":"3 Louse","floor":11,"turns":1},{"damage":0,"enemies":"Red Slaver","floor":12,"turns":1},{"damage":0,"enemies":"Gremlin Nob","floor":14,"turns":2},{"damage":0,"enemies":"Slime Boss","floor":16,"turns":8},{"damage":0,"enemies":"Chosen","floor":18,"turns":2},{"damage":0,"enemies":"Spheric Guardian","floor":21,"turns":1},{"damage":0,"enemies":"3 Cultists","floor":22,"turns":2},{"damage":8,"enemies":"Book of Stabbing","floor":23,"turns":4},{"damage":0,"enemies":"Cultist and Chosen","floor":28,"turns":3},{"damage":0,"enemies":"Slavers","floor":30,"turns":2},{"damage":0,"enemies":"Sentry and Sphere","floor":31,"turns":2},{"damage":0,"enemies":"Champ","floor":33,"turns":5},{"damage":0,"enemies":"Orb Walker","floor":35,"turns":1},{"damage":0,"enemies":"3 Shapes","floor":38,"turns":1},{"damage":0,"enemies":"Spire Growth","floor":39,"turns":1},{"damage":0,"enemies":"Nemesis","floor":40,"turns":3},{"damage":0,"enemies":"Snecko and Mystics","floor":41,"turns":3},{"damage":0,"enemies":"Maw","floor":44,"turns":4},{"damage":0,"enemies":"2 Orb Walkers","floor":45,"turns":2},{"damage":0,"enemies":"Flame Bruiser 2 Orb","floor":46,"turns":2},{"damage":0,"floor":47,"turns":3},{"damage":0,"enemies":"Jaw Worm Horde","floor":48,"turns":2},{"damage":0,"enemies":"Awakened One","floor":50,"turns":9}],"seed_played":"7071705515201836070","potions_obtained":[{"floor":1,"key":"Explosive Potion"},{"floor":7,"key":"Poison Potion"},{"floor":10,"key":"LiquidBronze"},{"floor":12,"key":"PowerPotion"},{"floor":18,"key":"Regen Potion"},{"floor":28,"key":"PowerPotion"},{"floor":31,"key":"AttackPotion"},{"floor":38,"key":"GhostInAJar"},{"floor":39,"key":"PowerPotion"},{"floor":41,"key":"SmokeBomb"},{"floor":47,"key":"Block Potion"},{"floor":48,"key":"Ancient Potion"}],"is_trial":false,"path_per_floor":["M","?","M","M","$","R","M","M","T","E","M","M","R","E","R","B",null,"M","?","?","M","M","E","$","T","T","R","M","?","E","M","R","B",null,"M","?","?","M","M","E","M","R","T","M","E","M","?","M","R","B"],"character_chosen":"THE_SILENT","items_purchased":["Deadly Poison","Footwork","Footwork","Crippling Poison+1","HandDrill"],"campfire_rested":0,"item_purchase_floors":[5,5,24,24,24],"current_hp_per_floor":[70,70,70,70,70,70,70,70,70,70,70,77,77,77,77,77,77,77,77,77,77,77,69,69,69,69,69,77,77,77,77,77,77,77,77,83,83,83,83,83,83,83,83,83,83,83,83,83,83,83],"gold":351,"neow_bonus":"","is_prod":false,"is_daily":true,"chose_seed":false,"campfire_upgraded":7,"win_rate":0,"timestamp":1534222355,"path_taken":["M","?","?","M","$","R","M","M","T","E","M","M","R","E","R","BOSS","M","?","?","M","M","E","$","?","T","R","M","?","E","M","R","BOSS","M","?","?","M","M","E","M","R","T","M","E","M","?","M","R","BOSS"],"build_version":"2018-08-08","purchased_purges":1,"victory":true,"max_hp_per_floor":[70,70,70,70,70,70,70,70,70,70,70,77,77,77,77,77,77,77,77,77,77,77,77,77,77,77,77,77,77,77,77,77,77,77,77,83,83,83,83,83,83,83,83,83,83,83,83,83,83,83],"card_choices":[{"not_picked":["Setup","Underhanded Strike","PiercingWail"],"picked":"Cloak And Dagger","floor":10},{"not_picked":["Sucker Punch","Blur","Distraction"],"picked":"After Image","floor":14},{"not_picked":["Wraith Form v2","Storm of Steel","Unload"],"picked":"Malaise","floor":16},{"not_picked":["Cloak And Dagger+1","Masterful Stab","Concentrate+1"],"picked":"Leg Sweep+1","floor":23},{"not_picked":["Quick Slash+1","Poisoned Stab","Predator"],"picked":"Blade Dance+1","floor":30},{"not_picked":["Doppelganger+1","Adrenaline+1","Grand Finale"],"picked":"After Image","floor":33},{"not_picked":["Accuracy","Underhanded Strike+1","Backflip+1"],"picked":"Infinite Blades+1","floor":40},{"not_picked":["Dagger Spray+1","Crippling Poison+1","Underhanded Strike+1"],"picked":"Backflip+1","floor":45},{"not_picked":["Poisoned Stab","Acrobatics+1","Distraction+1"],"picked":"Backflip+1","floor":47}],"player_experience":813477,"relics_obtained":[{"floor":1,"key":"Oddly Smooth Stone"},{"floor":3,"key":"Bag of Preparation"},{"floor":4,"key":"Question Card"},{"floor":7,"key":"Blue Candle"},{"floor":8,"key":"Bottled Flame"},{"floor":9,"key":"Pen Nib"},{"floor":10,"key":"Darkstone Periapt"},{"floor":11,"key":"Juzu Bracelet"},{"floor":12,"key":"Strawberry"},{"floor":14,"key":"Smiling Mask"},{"floor":16,"key":"Bird Faced Urn"},{"floor":18,"key":"Centennial Puzzle"},{"floor":21,"key":"Toxic Egg 2"},{"floor":22,"key":"Pantograph"},{"floor":23,"key":"Happy Flower"},{"floor":25,"key":"The Specimen"},{"floor":26,"key":"Kunai"},{"floor":28,"key":"Paper Crane"},{"floor":30,"key":"Bottled Tornado"},{"floor":31,"key":"Letter Opener"},{"floor":33,"key":"Tiny Chest"},{"floor":35,"key":"Bag of Marbles"},{"floor":38,"key":"Meat on the Bone"},{"floor":39,"key":"Gremlin Horn"},{"floor":40,"key":"Whetstone"},{"floor":41,"key":"Ninja Scroll"},{"floor":43,"key":"The Courier"},{"floor":44,"key":"War Paint"},{"floor":45,"key":"Frozen Egg 2"},{"floor":46,"key":"Omamori"},{"floor":47,"key":"Turnip"},{"floor":48,"key":"Snake Skull"}],"event_choices":[{"event_name":"Living Wall","player_choice":"Grow","floor":2,"damage_taken":0},{"event_name":"Nest","player_choice":"Stole From Cult","floor":19,"damage_taken":0},{"event_name":"Beggar","player_choice":"Gave Gold","floor":20,"damage_taken":0},{"event_name":"Addict","player_choice":"Obtained Relic","floor":29,"damage_taken":0},{"event_name":"Winding Halls","player_choice":"Writhe","floor":36,"damage_taken":0},{"event_name":"Purifier","player_choice":"One Purge","floor":37,"damage_taken":0},{"event_name":"MindBloom","player_choice":"Fight","floor":47,"damage_taken":0}],"is_beta":true,"boss_relics":[{"not_picked":["Ectoplasm","WristBlade"],"picked":"Pandora\u0027s Box"},{"not_picked":["Orrery","HoveringKite"],"picked":"Ring of the Serpent"}],"items_purged_floors":[24],"is_endless":false,"potions_floor_spawned":[1,7,10,12,14,18,23,28,30,31,38,39,41,47,48],"ascension_level":0}