{"gold_per_floor":[115,115,40,40,56,87,7,32,32,32,44,44,23,36,36,136,136,151,165,165,184,184,184,184],"floor_reached":24,"playtime":1151,"items_purged":["Strike_R","Defend_R"],"score":229,"play_id":"540f7019-caaa-4355-bda3-3c1f89dc5b6d","local_time":"20181020221022","is_ascension_mode":false,"campfire_choices":[{"floor":12,"key":"REST"},{"floor":15,"key":"REST"},{"floor":23,"key":"REST"}],"neow_cost":"NONE","seed_source_timestamp":793634173200972,"circlet_count":0,"master_deck":["Strike_R","Strike_R","Strike_R","Strike_R","Defend_R","Defend_R","Bash","Pummel","Cleave","Burning Pact","Sword Boomerang","Clothesline","Inflame","Exhume","Clash+1","Fire Breathing","Cleave","Decay"],"relics":["Black Blood","NeowsBlessing","The Courier","Art of War","Calipers","Self Forming Clay","Paper Frog","Enchiridion"],"potions_floor_usage":[16,24],"damage_taken":[{"damage":0,"enemies":"Jaw Worm","floor":1,"turns":1},{"damage":0,"enemies":"Small Slimes","floor":5,"turns":1},{"damage":0,"enemies":"Gremlin Nob","floor":6,"turns":1},{"damage":54,"enemies":"Lagavulin","floor":8,"turns":6},{"damage":6,"enemies":"Cultist","floor":11,"turns":3},{"damage":18,"enemies":"Exordium Thugs","floor":14,"turns":3},{"damage":12,"enemies":"Slime Boss","floor":16,"turns":7},{"damage":18,"enemies":"3 Byrds","floor":18,"turns":5},{"damage":29,"enemies":"Shell Parasite","floor":19,"turns":5},{"damage":28,"enemies":"Shelled Parasite and Fungi","floor":21,"turns":6},{"damage":37,"enemies":"Centurion and Healer","floor":24,"turns":7}],"seed_played":"-7383651845352448111","potions_obtained":[{"floor":6,"key":"Ancient Potion"},{"floor":14,"key":"Poison Potion"},{"floor":18,"key":"GamblersBrew"}],"is_trial":false,"path_per_floor":["M","?","$","?","M","E","$","E","T","T","M","R","$","M","R","B",null,"M","M","?","M","?","R"],"character_chosen":"IRONCLAD","items_purchased":["Clothesline"],"campfire_rested":3,"item_purchase_floors":[13],"current_hp_per_floor":[80,73,73,73,79,80,80,32,32,32,32,56,56,44,68,62,80,72,53,37,19,19,43,6],"gold":184,"neow_bonus":"THREE_ENEMY_KILL","is_prod":false,"is_daily":false,"chose_seed":false,"campfire_upgraded":0,"win_rate":0.0,"timestamp":1540026622,"path_taken":["M","?","?","?","?","E","$","E","T","?","M","R","?","M","R","BOSS","M","M","?","M","?","R","M"],"build_version":"2018-10-18","purchased_purges":2,"victory":false,"max_hp_per_floor":[80,80,80,80,80,80,80,80,80,80,80,80,80,80,80,80,80,80,80,80,80,80,80,80],"card_choices":[{"not_picked":["Heavy Blade","Thunderclap"],"picked":"Clash","floor":1},{"not_picked":["Iron Wave","Sever Soul"],"picked":"Pummel","floor":5},{"not_picked":["Heavy Blade","Juggernaut"],"picked":"Cleave","floor":6},{"not_picked":["Cleave","Shrug It Off"],"picked":"Burning Pact","floor":8},{"not_picked":["Havoc","Warcry"],"picked":"Sword Boomerang","floor":11},{"not_picked":["Dual Wield","Body Slam"],"picked":"Inflame","floor":14},{"not_picked":["Fiend Fire","Impervious"],"picked":"Exhume","floor":16},{"not_picked":["Perfected Strike","Disarm"],"picked":"Clash+1","floor":18},{"not_picked":["Reckless Charge","Sever Soul"],"picked":"Fire Breathing","floor":19},{"not_picked":["Havoc","Warcry"],"picked":"Cleave","floor":21}],"player_experience":140602,"relics_obtained":[{"floor":6,"key":"Art of War"},{"floor":8,"key":"Calipers"},{"floor":9,"key":"Self Forming Clay"},{"floor":10,"key":"Paper Frog"},{"floor":20,"key":"Enchiridion"}],"event_choices":[{"cards_removed":["Defend_R"],"damage_healed":0,"gold_gain":0,"player_choice":"Card Removal","damage_taken":7,"max_hp_gain":0,"max_hp_loss":0,"event_name":"Golden Wing","floor":2,"gold_loss":0},{"cards_removed":["Clash"],"damage_healed":0,"gold_gain":0,"player_choice":"Gave Card","damage_taken":0,"relics_obtained":["The Courier"],"max_hp_gain":0,"max_hp_loss":0,"event_name":"WeMeetAgain","floor":4,"gold_loss":0},{"damage_healed":0,"gold_gain":0,"player_choice":"Obtained Book","damage_taken":16,"max_hp_gain":0,"max_hp_loss":0,"event_name":"Cursed Tome","floor":20,"gold_loss":0},{"damage_healed":0,"gold_gain":0,"player_choice":"Smashed Altar","damage_taken":0,"max_hp_gain":0,"max_hp_loss":0,"event_name":"Forgotten Altar","floor":22,"gold_loss":0,"cards_obtained":["Decay"]}],"is_beta":false,"boss_relics":[{"not_picked":["Lizard Tail","Runic Cube"],"picked":"Black Blood"}],"items_purged_floors":[3,7],"is_endless":false,"potions_floor_spawned":[6,14,18],"killed_by":"Centurion and Healer","ascension_level":0}