{"path_per_floor":["M","M","$","M","M","E","?","M","T","R","M","$","M","M","R"],"character_chosen":"IRONCLAD","items_purchased":["Dramatic Entrance"],"gold_per_floor":[112,131,56,70,85,115,115,88,88,88,107,19,31,43,43],"floor_reached":16,"campfire_rested":2,"playtime":1278,"current_hp_per_floor":[71,77,77,80,73,50,43,42,42,66,62,62,53,35,59],"items_purged":["Strike_R"],"gold":43,"score":156,"play_id":"61478b5f-95e0-4260-a4b4-874c3f06092b","local_time":"20180305124027","is_prod":false,"is_daily":false,"is_ascension_mode":false,"campfire_upgraded":0,"timestamp":1520250027,"path_taken":["M","M","$","M","M","E","?","?","T","R","M","$","M","M","R","BOSS"],"build_version":"2018-03-01-PROD1","purchased_purges":1,"victory":false,"master_deck":["Strike_R","Strike_R","Strike_R","Defend_R","Defend_R","Defend_R","Defend_R","Bash","Rampage","Infernal Blade","Pommel Strike","Shrug It Off","Rampage","Entrench","Dramatic Entrance","Shrug It Off","Sword Boomerang","Headbutt"],"max_hp_per_floor":[80,80,80,80,80,80,80,80,80,80,80,80,80,80,80],"relics":["Burning Blood","Dream Catcher","Prayer Wheel","Pantograph"],"card_choices":[{"not_picked":["Clash","Bloodletting"],"picked":"Rampage"},{"not_picked":["Clash","Twin Strike"],"picked":"Infernal Blade"},{"not_picked":["Sword Boomerang","Second Wind"],"picked":"Pommel Strike"},{"not_picked":["Twin Strike","Wild Strike"],"picked":"Shrug It Off"},{"not_picked":["Warcry","Bloodletting"],"picked":"Rampage"},{"not_picked":["Corruption","Pummel"],"picked":"Entrench"},{"not_picked":["Clash","Pommel Strike"],"picked":"Shrug It Off"},{"not_picked":["Demon Form","Reckless Charge"],"picked":"Sword Boomerang"},{"not_picked":["Clash","Inflame"],"picked":"Headbutt"}],"player_experience":35445,"potions_floor_usage":[5,6,16,16],"damage_taken":[{"damage":15,"enemies":"Jaw Worm","floor":1,"turns":5},{"damage":0,"enemies":"2 Louse","floor":2,"turns":2},{"damage":1,"enemies":"Cultist","floor":4,"turns":3},{"damage":13,"enemies":"Large Slime","floor":5,"turns":5},{"damage":29,"enemies":"Lagavulin","floor":6,"turns":5},{"damage":7,"enemies":"Exordium Thugs","floor":8,"turns":5},{"damage":10,"enemies":"2 Fungi Beasts","floor":11,"turns":5},{"damage":15,"enemies":"Exordium Wildlife","floor":13,"turns":6},{"damage":24,"enemies":"Exordium Thugs","floor":14,"turns":6}],"event_choices":[{"event_name":"Golden Wing","player_choice":"Card Removal","floor":7,"damage_taken":0}],"boss_relics":[],"potions_floor_spawned":[2,4,8,14],"seed_played":"7481390142091256295","killed_by":"The Guardian","ascension_level":0,"is_trial":false}