{"path_per_floor":["M","M","?","?","?","R","M","M","T","M","?","M"],"character_chosen":"THE_SILENT","items_purchased":[],"gold_per_floor":[114,129,129,304,304,304,319,334,359,374,333,348,348],"floor_reached":13,"campfire_rested":0,"playtime":376,"current_hp_per_floor":[60,60,46,46,46,46,38,28,28,15,15,15,0],"items_purged":[],"gold":348,"score":103,"play_id":"041ecdde-67f1-4d71-b98d-31435dd1dd1f","local_time":"20180403120629","daily_mods":["Draft","Lethality","Vintage"],"is_prod":false,"is_daily":true,"is_ascension_mode":false,"campfire_upgraded":1,"timestamp":1522749989,"path_taken":["M","M","?","?","?","R","M","M","T","M","?","M","?"],"build_version":"2018-03-29v2","purchased_purges":0,"victory":false,"master_deck":["Backflip","Deadly Poison+1","Flying Knee","Deadly Poison","Deadly Poison+1","Prepared","Quick Slash","Footwork","Prepared","Deadly Poison","Prepared","Sucker Punch+1","Footwork","Deadly Poison","Sucker Punch"],"max_hp_per_floor":[70,70,70,70,70,70,70,70,70,70,70,70,70],"relics":["Ring of the Snake","Dodecahedron","Kunai","Matryoshka","Dream Catcher","Toolbox","Snake Skull","Girya","Gremlin Horn"],"card_choices":[{"not_picked":["Endless Agony","Skewer"],"picked":"Backflip","floor":0},{"not_picked":["Prepared","Slice"],"picked":"Deadly Poison","floor":0},{"not_picked":["Bane","Dagger Spray"],"picked":"Flying Knee","floor":0},{"not_picked":["Acrobatics","Cloak And Dagger"],"picked":"Deadly Poison","floor":0},{"not_picked":["Flying Knee","Concentrate"],"picked":"Deadly Poison","floor":0},{"not_picked":["Sucker Punch","Acrobatics"],"picked":"Prepared","floor":0},{"not_picked":["Deflect","PiercingWail"],"picked":"Quick Slash","floor":0},{"not_picked":["Bane","Underhanded Strike"],"picked":"Footwork","floor":0},{"not_picked":["Endless Agony","Terror"],"picked":"Prepared","floor":0},{"not_picked":["Reflex","Dodge and Roll"],"picked":"Deadly Poison","floor":0},{"not_picked":["Slice","Poisoned Stab"],"picked":"Prepared","floor":0},{"not_picked":["Backstab","Quick Slash"],"picked":"Sucker Punch","floor":0},{"not_picked":["Dagger Spray","Dodge and Roll"],"picked":"Footwork","floor":0},{"not_picked":["Flying Knee","PiercingWail"],"picked":"Deadly Poison","floor":0},{"not_picked":["Slice","Predator"],"picked":"Sucker Punch","floor":0}],"player_experience":178331,"potions_floor_usage":[13,13],"damage_taken":[{"damage":10,"enemies":"Jaw Worm","floor":1,"turns":2},{"damage":0,"enemies":"Small Slimes","floor":2,"turns":2},{"damage":8,"enemies":"2 Louse","floor":7,"turns":2},{"damage":10,"enemies":"Exordium Thugs","floor":8,"turns":3},{"damage":13,"enemies":"Looter","floor":10,"turns":3},{"damage":0,"enemies":"2 Fungi Beasts","floor":12,"turns":2},{"damage":29,"enemies":"Exordium Thugs","floor":13,"turns":2}],"event_choices":[{"event_name":"Shining Light","player_choice":"Entered Light","floor":3,"damage_taken":0},{"event_name":"Liars Game","player_choice":"agreed","floor":4,"damage_taken":0},{"event_name":"Fountain of Cleansing","player_choice":"Removed Curse","floor":5,"damage_taken":0},{"event_name":"World of Goop","player_choice":"Left","floor":11,"damage_taken":0}],"boss_relics":[],"potions_floor_spawned":[1,8],"seed_played":"-1662538699464581521","killed_by":"Exordium Thugs","ascension_level":0,"is_trial":false}