{"gold_per_floor":[109,129,141,156,156,156,168,168,168,38,57,84,84,95,95,200,200,219,219,236,236,252,252,252],"floor_reached":24,"playtime":826,"items_purged":[],"score":345,"play_id":"57e96ab7-e602-4334-9364-83fc1f012d34","local_time":"20180928143506","is_ascension_mode":true,"campfire_choices":[{"data":"Dagger Spray","floor":6,"key":"SMITH"},{"data":"Dodge and Roll","floor":8,"key":"SMITH"},{"floor":15,"key":"REST"},{"data":"Ghostly","floor":23,"key":"SMITH"}],"neow_cost":"TEN_PERCENT_HP_LOSS","seed_source_timestamp":11572281507233,"circlet_count":0,"master_deck":["Defend_G+1","Defend_G+1","Defend_G+1","Defend_G+1","Defend_G+1","Strike_G+1","Strike_G+1","Strike_G+1","Strike_G+1","Strike_G+1","Survivor","Neutralize","AscendersBane","Terror","Backflip","Dagger Spray+1","Dash","Dodge and Roll+1","PiercingWail","Dash","Predator","Flying Knee","Noxious Fumes+1","Glass Knife","Ghostly","Ghostly","Ghostly","Ghostly+1","Ghostly"],"relics":["Ring of the Snake","Unceasing Top","Lantern","Dream Catcher","Frozen Egg 2","Eternal Feather"],"potions_floor_usage":[4,7,24],"damage_taken":[{"damage":2,"enemies":"Cultist","floor":1,"turns":4},{"damage":2,"enemies":"Small Slimes","floor":2,"turns":4},{"damage":2,"enemies":"Jaw Worm","floor":3,"turns":5},{"damage":1,"enemies":"Red Slaver","floor":4,"turns":3},{"damage":0,"enemies":"2 Fungi Beasts","floor":7,"turns":3},{"damage":0,"enemies":"Exordium Wildlife","floor":11,"turns":3},{"damage":28,"enemies":"Lagavulin","floor":12,"turns":8},{"damage":0,"enemies":"Blue Slaver","floor":14,"turns":2},{"damage":15,"enemies":"Hexaghost","floor":16,"turns":10},{"damage":19,"enemies":"Spheric Guardian","floor":18,"turns":6},{"damage":10,"enemies":"Shell Parasite","floor":20,"turns":8},{"damage":6,"enemies":"Snake Plant","floor":22,"turns":5},{"damage":32,"enemies":"Masked Bandits","floor":24,"turns":3}],"seed_played":"-6660214193015246341","potions_obtained":[{"floor":3,"key":"SteroidPotion"},{"floor":4,"key":"Strength Potion"},{"floor":14,"key":"Weak Potion"},{"floor":18,"key":"PowerPotion"},{"floor":20,"key":"GhostInAJar"}],"is_trial":false,"path_per_floor":["M","M","M","M","$","R","M","R","T","$","M","E","?","M","R","B",null,"M","?","M","?","M","R"],"character_chosen":"THE_SILENT","items_purchased":["PiercingWail","Dash"],"campfire_rested":1,"item_purchase_floors":[10,10],"current_hp_per_floor":[61,59,57,56,56,56,56,56,56,56,56,28,28,28,46,31,55,36,31,21,21,15,30,0],"gold":252,"neow_bonus":"ONE_RARE_RELIC","is_prod":false,"is_daily":false,"chose_seed":false,"campfire_upgraded":3,"win_rate":0,"timestamp":1538138106,"path_taken":["M","M","?","M","$","R","M","R","T","$","?","E","?","M","R","BOSS","M","?","M","?","M","R","?"],"build_version":"2018-09-27","purchased_purges":0,"victory":false,"max_hp_per_floor":[63,63,63,63,63,63,63,63,63,63,63,63,63,63,63,63,63,63,31,31,31,31,31,31],"card_choices":[{"not_picked":["Bane","Dagger Throw"],"picked":"Terror","floor":1},{"not_picked":["Bane","Deflect"],"picked":"Backflip","floor":2},{"not_picked":["Poisoned Stab","Phantasmal Killer"],"picked":"Dagger Spray","floor":3},{"not_picked":["Backflip","Sucker Punch"],"picked":"Dash","floor":4},{"not_picked":["Distraction","All Out Attack"],"picked":"Dodge and Roll","floor":7},{"not_picked":["Dodge and Roll","PiercingWail"],"picked":"Predator","floor":11},{"not_picked":["Dagger Spray","Quick Slash"],"picked":"Flying Knee","floor":12},{"not_picked":["All Out Attack","Crippling Poison"],"picked":"Noxious Fumes+1","floor":14},{"not_picked":["A Thousand Cuts+1","Malaise"],"picked":"Glass Knife","floor":16},{"not_picked":["Deflect","Prepared","Quick Slash"],"picked":"SKIP","floor":18},{"not_picked":["Dagger Spray","Quick Slash","Flying Knee"],"picked":"SKIP","floor":20},{"not_picked":["Distraction","Tactician","Flechettes"],"picked":"SKIP","floor":22}],"player_experience":729093,"relics_obtained":[{"floor":9,"key":"Lantern"},{"floor":12,"key":"Dream Catcher"}],"event_choices":[{"event_name":"Dead Adventurer","player_choice":"Searched \u00271\u0027 times","floor":13,"damage_taken":0},{"event_name":"Ghosts","player_choice":"Became a Ghost","floor":19,"damage_taken":0},{"event_name":"Back to Basics","player_choice":"Simplicity","floor":21,"damage_taken":0},{"event_name":"Masked Bandits","player_choice":"Fought Bandits","floor":24,"damage_taken":0}],"is_beta":false,"boss_relics":[{"not_picked":["WristBlade","Black Star"],"picked":"Eternal Feather"}],"items_purged_floors":[],"is_endless":false,"potions_floor_spawned":[3,4,14,18,20],"killed_by":"Masked Bandits","ascension_level":12}