{"gold_per_floor":[111,111,111,10,23,23,47,47,47,222,240,253,323,347,347,471,471,471,471,273,273,273,273,273,273,273,273,273,24,24,24,24,24,24,24,24,24,24,24,24,24,24,24,24,24,24,24,0,0,0],"floor_reached":51,"playtime":1926,"items_purged":["Dual Wield","Doubt"],"score":991,"play_id":"aad9a51c-b701-44be-a538-0949ad4d98a0","local_time":"20181010111042","daily_mods":["SealedDeck"],"is_ascension_mode":true,"campfire_choices":[{"data":"Rampage","floor":6.0,"key":"SMITH"},{"data":"Carnage","floor":8.0,"key":"SMITH"},{"data":"Whirlwind","floor":15.0,"key":"SMITH"},{"data":"Trip","floor":23.0,"key":"SMITH"},{"data":"True Grit","floor":25.0,"key":"SMITH"},{"data":"Flame Barrier","floor":32.0,"key":"SMITH"},{"data":"Inflame","floor":41.0,"key":"SMITH"},{"data":"Double Tap","floor":44.0,"key":"SMITH"},{"data":"Shrug It Off","floor":49,"key":"SMITH"}],"neow_cost":"","seed_source_timestamp":0,"circlet_count":0,"master_deck":["Iron Wave","Clothesline","Iron Wave","Carnage+1","True Grit+1","Pommel Strike","Shrug It Off+1","Disarm","Rampage+1","Headbutt","Inflame+1","Clash","Shockwave","Seeing Red","Whirlwind+1","Double Tap+1","Flame Barrier+1","Trip+1","Sword Boomerang+1","Pommel Strike+1","Battle Trance+1","Impervious+1","Warcry+1","Iron Wave+1","Good Instincts+1","Shrug It Off+1","Spot Weakness+1","Twin Strike"],"special_seed":0,"relics":["Burning Blood","Golden Idol","Kunai","Tiny Chest","Ectoplasm","Meat on the Bone","Toxic Egg 2","Sundial","Blue Candle","Gremlin Horn","Eternal Feather","MawBank","Matryoshka","Strawberry","Shuriken"],"potions_floor_usage":[47,50,50],"damage_taken":[{"damage":0.0,"enemies":"2 Louse","floor":1.0,"turns":2.0},{"damage":1.0,"enemies":"Jaw Worm","floor":5.0,"turns":4.0},{"damage":0.0,"enemies":"Cultist","floor":7.0,"turns":3.0},{"damage":2.0,"enemies":"3 Louse","floor":11.0,"turns":4.0},{"damage":0.0,"enemies":"Blue Slaver","floor":12.0,"turns":4.0},{"damage":26.0,"enemies":"3 Sentries","floor":13.0,"turns":6.0},{"damage":0.0,"enemies":"2 Fungi Beasts","floor":14.0,"turns":2.0},{"damage":41.0,"enemies":"The Guardian","floor":16.0,"turns":8.0},{"damage":0.0,"enemies":"Spheric Guardian","floor":18.0,"turns":2.0},{"damage":1.0,"enemies":"Chosen","floor":21.0,"turns":3.0},{"damage":43.0,"enemies":"Slavers","floor":24.0,"turns":5.0},{"damage":14.0,"enemies":"3 Cultists","floor":27.0,"turns":3.0},{"damage":3.0,"enemies":"Snake Plant","floor":28.0,"turns":3.0},{"damage":20.0,"enemies":"Sentry and Sphere","floor":30.0,"turns":4.0},{"damage":0.0,"enemies":"Cultist and Chosen","floor":31.0,"turns":3.0},{"damage":23.0,"enemies":"Collector","floor":33.0,"turns":5.0},{"damage":3.0,"enemies":"Orb Walker","floor":35.0,"turns":2.0},{"damage":4.0,"enemies":"3 Shapes","floor":37.0,"turns":5.0},{"damage":31.0,"enemies":"Nemesis","floor":40.0,"turns":7.0},{"damage":15.0,"enemies":"Sphere and 2 Shapes","floor":42.0,"turns":7.0},{"damage":5.0,"enemies":"4 Shapes","floor":45.0,"turns":3.0},{"damage":16,"enemies":"Spire Growth","floor":47,"turns":4},{"damage":80,"enemies":"Time Eater","floor":50,"turns":10}],"seed_played":"-3471022269693196394","potions_obtained":[{"floor":11.0,"key":"Weak Potion"},{"floor":12.0,"key":"LiquidBronze"},{"floor":13.0,"key":"FearPotion"},{"floor":21.0,"key":"BloodPotion"},{"floor":28.0,"key":"Regen Potion"},{"floor":30.0,"key":"EntropicBrew"},{"floor":33.0,"key":"LiquidBronze"},{"floor":35.0,"key":"Regen Potion"}],"is_trial":true,"path_per_floor":["M","?","?","$","M","R","M","R","T","?","M","M","E","M","R","B",null,"M","?","$","M","T","R","E","R","T","M","M","$","M","M","R","B",null,"M","?","M","?","T","E","R","M","T","R","M","$","M","$","R","B"],"character_chosen":"IRONCLAD","items_purchased":["Headbutt","Trip","Gremlin Horn","Twin Strike"],"campfire_rested":0,"item_purchase_floors":[4,20,29,48],"current_hp_per_floor":[78,74,74,74,74,74,74,74,74,74,74,74,54,60,60,25,62,68,68,68,73,73,73,55,55,55,47,50,50,48,54,54,51,68,71,70,70,70,70,45,60,51,58,73,74,74,64,64,77,30],"gold":0,"neow_bonus":"","is_prod":false,"is_daily":false,"chose_seed":false,"campfire_upgraded":9,"win_rate":0,"timestamp":1539162642,"path_taken":["M","?","?","$","M","R","M","R","T","?","M","?","E","M","R","BOSS","M","?","$","M","?","R","E","R","T","?","M","$","?","M","R","BOSS","M","?","M","?","?","E","R","M","T","R","M","$","?","?","R","BOSS"],"build_version":"2018-10-04v2","purchased_purges":2,"victory":true,"max_hp_per_floor":[80,74,74,74,74,74,74,74,74,74,74,74,74,74,74,74,74,74,74,74,74,74,74,74,74,74,74,74,74,74,74,74,74,74,74,70,70,70,70,70,70,70,77,77,77,77,77,77,77,77],"card_choices":[{"not_picked":["Iron Wave","Corruption","Power Through"],"picked":"SKIP","floor":1.0},{"not_picked":["Second Wind","True Grit"],"picked":"Inflame","floor":5.0},{"not_picked":["Havoc","Rupture"],"picked":"Clash","floor":7.0},{"not_picked":["Warcry","Heavy Blade"],"picked":"Shockwave","floor":11.0},{"not_picked":["Hemokinesis","Feel No Pain"],"picked":"Seeing Red","floor":12.0},{"not_picked":["Iron Wave","Cleave","Evolve"],"picked":"SKIP","floor":13.0},{"not_picked":["Heavy Blade","Sever Soul"],"picked":"Whirlwind","floor":14.0},{"not_picked":["Exhume","Fiend Fire"],"picked":"Double Tap","floor":16.0},{"not_picked":["True Grit","Carnage"],"picked":"Flame Barrier","floor":18.0},{"not_picked":["Pommel Strike","Corruption"],"picked":"Sword Boomerang+1","floor":21.0},{"not_picked":["Perfected Strike","Headbutt","Reckless Charge"],"picked":"SKIP","floor":24.0},{"not_picked":["Sentinel+1","Havoc+1"],"picked":"Pommel Strike+1","floor":27.0},{"not_picked":["Rage+1","Pommel Strike"],"picked":"Battle Trance+1","floor":28.0},{"not_picked":["Sentinel+1","Warcry+1","Clothesline"],"picked":"SKIP","floor":30.0},{"not_picked":["Headbutt","Iron Wave+1","Armaments+1"],"picked":"SKIP","floor":31.0},{"not_picked":["Feed","Demon Form"],"picked":"Impervious+1","floor":33.0},{"not_picked":["Thunderclap+1","Hemokinesis+1"],"picked":"Warcry+1","floor":35.0},{"not_picked":["Whirlwind","Sever Soul"],"picked":"Iron Wave+1","floor":37.0},{"not_picked":["Mind Blast","Swift Strike"],"picked":"Good Instincts+1","floor":38.0},{"not_picked":["Cleave","Havoc+1","Feel No Pain+1"],"picked":"SKIP","floor":40.0},{"not_picked":["Power Through+1","Anger"],"picked":"Shrug It Off+1","floor":42.0},{"not_picked":["Flex+1","Havoc+1","Armaments+1"],"picked":"SKIP","floor":45.0},{"not_picked":["Warcry+1","Evolve"],"picked":"Spot Weakness+1","floor":47}],"player_experience":944786,"relics_obtained":[{"floor":9.0,"key":"Kunai"},{"floor":13.0,"key":"Tiny Chest"},{"floor":22.0,"key":"Toxic Egg 2"},{"floor":24.0,"key":"Sundial"},{"floor":26.0,"key":"Blue Candle"},{"floor":39.0,"key":"MawBank"},{"floor":40.0,"key":"Matryoshka"},{"floor":43.0,"key":"Strawberry"},{"floor":43.0,"key":"Shuriken"}],"event_choices":[{"event_name":"Golden Idol","player_choice":"Lose Max HP","floor":2.0,"damage_taken":0.0},{"event_name":"The Cleric","player_choice":"Leave","floor":3.0,"damage_taken":0.0},{"event_name":"Liars Game","player_choice":"agreed","floor":10.0,"damage_taken":0.0},{"event_name":"WeMeetAgain","player_choice":"Potion","floor":19.0,"damage_taken":0.0},{"event_name":"Winding Halls","player_choice":"Max HP","floor":36.0,"damage_taken":0.0},{"event_name":"SensoryStone","player_choice":"Memory 1","floor":38.0,"damage_taken":0.0}],"is_beta":false,"boss_relics":[{"not_picked":["Pandora\u0027s Box","Black Blood"],"picked":"Ectoplasm"},{"not_picked":["White Beast Statue","Runic Pyramid"],"picked":"Eternal Feather"}],"items_purged_floors":[4,20],"is_endless":false,"potions_floor_spawned":[11,12,13,21,28,30,33,35,37,40,45],"ascension_level":9}