{"gold_per_floor":[114,114,138,158,158,158,175,175,200,217,248,260,306,1,1,76,76,76,76,76,76,76,76,76],"floor_reached":24,"playtime":1615,"items_purged":[],"score":458,"play_id":"2bf3ec11-7fa4-466c-90b3-4796c366e1cc","local_time":"20181011005133","is_ascension_mode":true,"campfire_choices":[{"floor":6,"key":"REST"},{"data":"Bouncing Flask","floor":8,"key":"SMITH"},{"data":"Flechettes","floor":12,"key":"SMITH"},{"floor":15,"key":"REST"},{"floor":23,"key":"REST"}],"neow_cost":"","seed_source_timestamp":50625114583546,"circlet_count":0,"master_deck":["Defend_G","Defend_G","Defend_G","Defend_G","Defend_G","Strike_G","Strike_G","Strike_G","Strike_G","Strike_G","Survivor","Neutralize","AscendersBane","Sucker Punch","Flechettes+1","Bouncing Flask+1","Flying Knee","Dodge and Roll","Flying Knee","Mayhem","Die Die Die","Blade Dance+1","Dash","Deflect"],"relics":["Ring of the Snake","Pocketwatch","Regal Pillow","PreservedInsect","MawBank","Bag of Marbles","Ectoplasm","Nilry\u0027s Codex"],"potions_floor_usage":[10,13,16,21,21],"damage_taken":[{"damage":26,"enemies":"Jaw Worm","floor":1,"turns":10},{"damage":17,"enemies":"Small Slimes","floor":4,"turns":5},{"damage":0,"enemies":"Cultist","floor":7,"turns":3},{"damage":1,"enemies":"Exordium Thugs","floor":10,"turns":4},{"damage":10,"enemies":"3 Sentries","floor":11,"turns":7},{"damage":0,"enemies":"Gremlin Nob","floor":13,"turns":3},{"damage":24,"enemies":"Hexaghost","floor":16,"turns":8},{"damage":30,"enemies":"3 Byrds","floor":18,"turns":7},{"damage":8,"enemies":"Shell Parasite","floor":21,"turns":3},{"damage":0,"enemies":"3 Cultists","floor":22,"turns":6},{"damage":36,"enemies":"Book of Stabbing","floor":24,"turns":3}],"seed_played":"84624128264654883","potions_obtained":[{"floor":1,"key":"Block Potion"},{"floor":4,"key":"FearPotion"},{"floor":16,"key":"FearPotion"},{"floor":18,"key":"SkillPotion"},{"floor":22,"key":"Ancient Potion"}],"is_trial":false,"path_per_floor":["M","?","T","M","?","R","M","R","T","M","E","R","E","$","R","B",null,"M","?","?","M","M","R"],"character_chosen":"THE_SILENT","items_purchased":["Mayhem","EssenceOfSteel"],"campfire_rested":3,"item_purchase_floors":[14,14],"current_hp_per_floor":[33,33,33,16,9,43,43,43,43,42,32,32,32,32,66,42,60,30,9,9,1,1,35,0],"gold":76,"neow_bonus":"","is_prod":false,"is_daily":false,"chose_seed":false,"campfire_upgraded":2,"win_rate":0,"timestamp":1539211893,"path_taken":["M","?","?","?","?","R","M","R","T","M","E","R","E","$","R","BOSS","M","?","?","?","M","R","E"],"build_version":"2018-10-04v2","purchased_purges":0,"victory":false,"max_hp_per_floor":[66,66,66,66,66,66,66,66,66,66,66,66,66,66,66,66,66,66,66,66,66,66,66,66],"card_choices":[{"not_picked":["Concentrate","Riddle With Holes"],"picked":"Sucker Punch","floor":1},{"not_picked":["Dagger Spray","Dodge and Roll"],"picked":"Flechettes","floor":4},{"not_picked":["PiercingWail","Predator"],"picked":"Bouncing Flask","floor":7},{"not_picked":["Prepared","Underhanded Strike"],"picked":"Flying Knee","floor":10},{"not_picked":["Tactician","Calculated Gamble"],"picked":"Dodge and Roll","floor":11},{"not_picked":["Blade Dance","Underhanded Strike"],"picked":"Flying Knee","floor":13},{"not_picked":["Tools of the Trade","Phantasmal Killer"],"picked":"Die Die Die","floor":16},{"not_picked":["Flying Knee","Cloak And Dagger"],"picked":"Blade Dance+1","floor":18},{"not_picked":["Escape Plan","Blade Dance"],"picked":"Dash","floor":21},{"not_picked":["Sucker Punch","Outmaneuver"],"picked":"Deflect","floor":22}],"player_experience":1413433,"relics_obtained":[{"floor":3,"key":"Regal Pillow"},{"floor":9,"key":"PreservedInsect"},{"floor":11,"key":"MawBank"},{"floor":13,"key":"Bag of Marbles"},{"floor":19,"key":"Nilry\u0027s Codex"}],"event_choices":[{"event_name":"Big Fish","player_choice":"Box","floor":2,"damage_taken":0},{"event_name":"Golden Wing","player_choice":"Card Removal","floor":5,"damage_taken":0},{"event_name":"Cursed Tome","player_choice":"Obtained Book","floor":19,"damage_taken":0},{"event_name":"Golden Shrine","player_choice":"Pray","floor":20,"damage_taken":0}],"is_beta":false,"boss_relics":[{"not_picked":["Velvet Choker","White Beast Statue"],"picked":"Ectoplasm"}],"items_purged_floors":[],"is_endless":false,"potions_floor_spawned":[1,4,7,16,18,22],"killed_by":"Book of Stabbing","ascension_level":20}