{"path_per_floor":["M","?","M","?","?","R","E","M","T","R","$","M","M","M","R","B",null,"M","?","M","M","M","R","M","$","T","T","R","$","M","M","R","B",null,"M","M","M","?","M","R","$","M","T","M","M"],"character_chosen":"IRONCLAD","items_purchased":["Inflame","Shrug It Off","Body Slam","Deep Breath"],"gold_per_floor":[118,118,129,129,79,79,113,132,132,132,7,24,35,50,50,147,147,166,166,180,192,209,209,229,1,28,28,28,28,40,59,59,154,154,167,177,190,190,207,207,107,119,119,133,145],"floor_reached":46,"campfire_rested":2,"playtime":2257,"current_hp_per_floor":[80,80,80,73,73,73,79,80,80,80,80,80,80,80,80,66,80,62,62,65,63,51,75,61,61,61,61,61,61,69,77,77,80,80,62,57,15,15,22,56,56,52,52,48,17],"items_purged":["Strike_R","Strike_R"],"gold":145,"score":576,"play_id":"488fe8d1-3554-49bd-9a4c-9f21b4452513","local_time":"20180311192031","is_prod":false,"is_daily":false,"is_ascension_mode":true,"campfire_upgraded":5,"timestamp":1520792431,"path_taken":["M","?","M","?","?","R","E","M","T","R","$","M","M","M","R","BOSS","M","?","?","M","M","R","M","$","T","?","R","?","M","M","R","BOSS","M","M","M","?","M","R","$","M","T","?","M","M"],"build_version":"2018-03-09","purchased_purges":2,"victory":false,"master_deck":["Strike_R","Defend_R","Defend_R","Defend_R","Defend_R","Bash","Iron Wave","Shrug It Off+1","Body Slam+1","Inflame","Shrug It Off","Sword Boomerang","Inflame+1","Shockwave","Limit Break+1","Power Through","Twin Strike","Ghostly Armor+1","Heavy Blade","Ghostly Armor","Body Slam","Deep Breath","Shrug It Off","Demon Form+1","True Grit+1","Flex"],"max_hp_per_floor":[80,80,80,80,80,80,80,80,80,80,80,80,80,80,80,80,80,80,80,80,80,80,80,80,80,80,80,80,80,80,80,80,80,80,80,80,80,80,80,80,80,80,80,80,80],"relics":["Burning Blood","NeowsBlessing","Blue Candle","Bottled Flame","Velvet Choker","Blood Vial","Bag of Preparation","Eternal Feather","Pantograph"],"card_choices":[{"not_picked":["Armaments","Bloodletting"],"picked":"Iron Wave"},{"not_picked":["Anger","Headbutt"],"picked":"Shrug It Off"},{"not_picked":["Iron Wave","Double Tap"],"picked":"Body Slam"},{"not_picked":["Reckless Charge","Feel No Pain"],"picked":"Sword Boomerang"},{"not_picked":["Thunderclap","Hemokinesis"],"picked":"Inflame"},{"not_picked":["Pommel Strike","Shrug It Off"],"picked":"Shockwave"},{"not_picked":["Impervious","Reaper"],"picked":"Limit Break"},{"not_picked":["Body Slam","Sword Boomerang"],"picked":"Power Through"},{"not_picked":["Thunderclap","Warcry"],"picked":"Ghostly Armor"},{"not_picked":["Iron Wave","Clothesline"],"picked":"Heavy Blade"},{"not_picked":["Bloodletting","Fire Breathing"],"picked":"Ghostly Armor"},{"not_picked":["Flex","Sword Boomerang"],"picked":"Shrug It Off"},{"not_picked":["Headbutt","Disarm"],"picked":"Demon Form"},{"not_picked":["Wild Strike","Thunderclap"],"picked":"True Grit"},{"not_picked":["Clothesline","Thunderclap"],"picked":"Flex"}],"player_experience":203744,"potions_floor_usage":[13,14,20,35,37,39,39],"damage_taken":[{"damage":0,"enemies":"2 Louse","floor":1,"turns":1},{"damage":0,"enemies":"Jaw Worm","floor":3,"turns":1},{"damage":0,"enemies":"3 Sentries","floor":7,"turns":1},{"damage":0,"enemies":"Small Slimes","floor":8,"turns":3},{"damage":5,"enemies":"2 Fungi Beasts","floor":12,"turns":4},{"damage":2,"enemies":"Exordium Wildlife","floor":13,"turns":3},{"damage":2,"enemies":"3 Louse","floor":14,"turns":2},{"damage":20,"enemies":"The Guardian","floor":16,"turns":9},{"damage":24,"enemies":"3 Byrds","floor":18,"turns":6},{"damage":12,"enemies":"Shell Parasite","floor":20,"turns":5},{"damage":8,"enemies":"3 Cultists","floor":21,"turns":6},{"damage":18,"enemies":"Centurion and Healer","floor":22,"turns":6},{"damage":20,"enemies":"Snake Plant","floor":24,"turns":5},{"damage":0,"enemies":"Snecko","floor":30,"turns":3},{"damage":0,"enemies":"Slaver and Parasite","floor":31,"turns":6},{"damage":1,"enemies":"Champ","floor":33,"turns":7},{"damage":24,"enemies":"3 Shapes","floor":35,"turns":5},{"damage":13,"enemies":"Orb Walker","floor":36,"turns":5},{"damage":62,"enemies":"Sphere and 2 Shapes","floor":37,"turns":7},{"damage":16,"enemies":"4 Shapes","floor":39,"turns":7},{"damage":12,"enemies":"Maw","floor":42,"turns":7},{"damage":12,"enemies":"3 Darklings","floor":44,"turns":6},{"damage":39,"enemies":"4 Shapes","floor":45,"turns":5},{"damage":20,"enemies":"Sphere and 2 Shapes","floor":46,"turns":5}],"event_choices":[{"event_name":"Liars Game","player_choice":"disagreed","floor":2,"damage_taken":0},{"event_name":"Golden Wing","player_choice":"Card Removal","floor":4,"damage_taken":0},{"event_name":"The Cleric","player_choice":"Card Removal","floor":5,"damage_taken":0},{"event_name":"The Library","player_choice":"Read","floor":19,"damage_taken":0},{"event_name":"Mysterious Sphere","player_choice":"Ignore","floor":38,"damage_taken":0}],"boss_relics":[{"not_picked":["Runic Pyramid","Sozu"],"picked":"Velvet Choker"},{"not_picked":["Question Card","Runic Cube"],"picked":"Eternal Feather"}],"potions_floor_spawned":[3,8,13,21,24,31,35,37],"seed_played":"8314307682421131661","killed_by":"Sphere and 2 Shapes","ascension_level":4,"is_trial":false}