{"gold_per_floor":[117,117,42,42,42,42,70,80,158,158,191,38,38,38,38,136,136,155,9,9,9,9,34,34,34,34,34,34,34,34,34,34,130,130,145,157,170,190,142,142,174,174,174,190,204,224,224,240,240,240],"floor_reached":51,"playtime":2012,"items_purged":["Strike_G","Strike_G"],"score":1061,"play_id":"99a82e72-cd4c-4ceb-a63e-1ca078c092eb","local_time":"20180925000325","is_ascension_mode":true,"campfire_choices":[{"data":"Survivor","floor":6,"key":"SMITH"},{"data":"Footwork","floor":10,"key":"SMITH"},{"floor":15,"key":"REST"},{"floor":24,"key":"REST"},{"data":"Noxious Fumes","floor":28,"key":"SMITH"},{"floor":32,"key":"REST"},{"floor":40,"key":"REST"},{"floor":42,"key":"REST"},{"data":"Footwork","floor":47,"key":"SMITH"},{"floor":49,"key":"REST"}],"neow_cost":"NONE","seed_source_timestamp":274382318765092,"circlet_count":0,"master_deck":["Defend_G","Defend_G","Defend_G+1","Defend_G","Strike_G+1","Survivor+1","Neutralize+1","AscendersBane","Noxious Fumes+1","Footwork+1","Noxious Fumes+1","Deadly Poison+1","Venomology","Footwork+1","Bouncing Flask+1","Catalyst+1","Burst+1","Dodge and Roll+1","Deadly Poison+1","Bane","Prepared+1","Deflect+1"],"relics":["Ring of the Snake","Pear","Mercury Hourglass","Bottled Tornado","Ancient Tea Set","Velvet Choker","Oddly Smooth Stone","Bronze Scales","GremlinMask","Pen Nib","MutagenicStrength","Astrolabe","War Paint","Snake Skull"],"potions_floor_usage":[11,16,23,23,30,35,36,37,38,41,44,44,45,46,46,48,50,50,50],"damage_taken":[{"damage":0,"enemies":"Small Slimes","floor":1,"turns":4},{"damage":11,"enemies":"Lagavulin","floor":7,"turns":10},{"damage":0,"enemies":"Jaw Worm","floor":8,"turns":4},{"damage":3,"enemies":"3 Sentries","floor":11,"turns":5},{"damage":17,"enemies":"The Guardian","floor":16,"turns":9},{"damage":19,"enemies":"2 Thieves","floor":18,"turns":5},{"damage":30,"enemies":"Gremlin Leader","floor":23,"turns":7},{"damage":0,"enemies":"Chosen","floor":30,"turns":2},{"damage":38,"enemies":"Champ","floor":33,"turns":12},{"damage":11,"enemies":"3 Shapes","floor":35,"turns":4},{"damage":9,"enemies":"Orb Walker","floor":36,"turns":4},{"damage":0,"enemies":"Transient","floor":37,"turns":5},{"damage":14,"enemies":"4 Shapes","floor":38,"turns":4},{"damage":2,"enemies":"2 Orb Walkers","floor":41,"turns":5},{"damage":9,"enemies":"Reptomancer","floor":44,"turns":6},{"damage":10,"enemies":"Spire Growth","floor":45,"turns":4},{"damage":0,"enemies":"Transient","floor":46,"turns":5},{"damage":36,"enemies":"4 Shapes","floor":48,"turns":4},{"damage":11,"enemies":"Time Eater","floor":50,"turns":10}],"seed_played":"5310164116831447345","potions_obtained":[{"floor":1,"key":"Block Potion"},{"floor":7,"key":"Dexterity Potion"},{"floor":8,"key":"Weak Potion"},{"floor":18,"key":"Swift Potion"},{"floor":33,"key":"Energy Potion"},{"floor":45,"key":"Swift Potion"},{"floor":46,"key":"EssenceOfSteel"}],"is_trial":false,"path_per_floor":["M","?","$","?","?","R","E","M","T","R","E","$","?","$","R","B",null,"M","$","?","?","$","E","R","?","T","?","R","?","M","?","R","B",null,"M","M","M","M","$","R","E","R","T","M","M","M","R","M","R","B"],"character_chosen":"THE_SILENT","items_purchased":["Deadly Poison","Oddly Smooth Stone","Bane"],"campfire_rested":6,"item_purchase_floors":[12,19,39],"current_hp_per_floor":[63,63,63,70,70,70,59,59,59,59,56,56,40,40,64,47,72,53,53,53,53,53,23,47,47,47,47,47,47,47,47,71,33,68,57,48,48,34,34,58,56,80,80,71,61,61,61,25,49,38],"gold":240,"neow_bonus":"UPGRADE_CARD","is_prod":false,"is_daily":false,"chose_seed":false,"campfire_upgraded":4,"win_rate":0,"timestamp":1537826605,"path_taken":["M","?","$","?","?","R","E","M","T","R","E","$","?","?","R","BOSS","M","$","?","?","$","E","R","?","T","?","R","?","?","?","R","BOSS","M","?","?","M","$","R","E","R","T","M","M","M","R","M","R","BOSS"],"build_version":"2018-09-20","purchased_purges":2,"victory":true,"max_hp_per_floor":[70,70,70,80,80,80,80,80,80,80,80,80,80,80,80,80,80,80,80,80,80,80,80,80,80,80,80,80,80,80,80,80,80,80,80,80,80,80,80,80,80,80,80,80,80,80,80,80,80,80],"card_choices":[{"not_picked":["Finisher","Tactician"],"picked":"Noxious Fumes","floor":1},{"not_picked":["Flying Knee","Dodge and Roll"],"picked":"Footwork","floor":7},{"not_picked":["Quick Slash","Dagger Throw"],"picked":"Noxious Fumes","floor":8},{"not_picked":["A Thousand Cuts","Riddle With Holes","Outmaneuver"],"picked":"SKIP","floor":11},{"not_picked":["Grand Finale","Die Die Die"],"picked":"Venomology","floor":16},{"not_picked":["Outmaneuver","Quick Slash"],"picked":"Footwork","floor":18},{"not_picked":["Concentrate","Blade Dance","Prepared+1"],"picked":"SKIP","floor":23},{"not_picked":["Dagger Throw+1","All Out Attack"],"picked":"Dodge and Roll","floor":35},{"not_picked":["Prepared","Dagger Throw","Expertise"],"picked":"SKIP","floor":36},{"not_picked":["Underhanded Strike+1","Dagger Throw"],"picked":"Deadly Poison","floor":37},{"not_picked":["Slice","Acrobatics","Deadly Poison"],"picked":"SKIP","floor":38},{"not_picked":["Sucker Punch","Acrobatics+1"],"picked":"Prepared+1","floor":41},{"not_picked":["A Thousand Cuts","Riddle With Holes+1","Terror"],"picked":"SKIP","floor":44},{"not_picked":["Dodge and Roll","Underhanded Strike+1","Deadly Poison"],"picked":"SKIP","floor":45},{"not_picked":["Dagger Spray+1","PiercingWail","Quick Slash+1"],"picked":"SKIP","floor":46},{"not_picked":["Skewer+1","Flying Knee+1"],"picked":"Deflect+1","floor":48}],"player_experience":670633,"relics_obtained":[{"floor":7,"key":"Mercury Hourglass"},{"floor":9,"key":"Bottled Tornado"},{"floor":11,"key":"Ancient Tea Set"},{"floor":23,"key":"Bronze Scales"},{"floor":26,"key":"Pen Nib"},{"floor":41,"key":"War Paint"},{"floor":43,"key":"Snake Skull"}],"event_choices":[{"event_name":"Living Wall","player_choice":"Grow","floor":2,"damage_taken":0},{"event_name":"Scrap Ooze","player_choice":"success","floor":4,"damage_taken":3},{"event_name":"Liars Game","player_choice":"disagreed","floor":5,"damage_taken":0},{"event_name":"Shining Light","player_choice":"Entered Light","floor":13,"damage_taken":0},{"event_name":"N\u0027loth","player_choice":"Ignored","floor":20,"damage_taken":0},{"event_name":"Ghosts","player_choice":"Ignored","floor":21,"damage_taken":0},{"event_name":"FaceTrader","player_choice":"Trade","floor":25,"damage_taken":0},{"event_name":"Upgrade Shrine","player_choice":"Upgraded","floor":27,"damage_taken":0},{"event_name":"Cursed Tome","player_choice":"Ignored","floor":29,"damage_taken":0},{"event_name":"Drug Dealer","player_choice":"Inject Mutagens","floor":31,"damage_taken":0}],"is_beta":false,"boss_relics":[{"not_picked":["Coffee Dripper","Orrery"],"picked":"Velvet Choker"},{"not_picked":["Fusion Hammer","HoveringKite"],"picked":"Astrolabe"}],"items_purged_floors":[3,12],"is_endless":false,"potions_floor_spawned":[1,7,8,18,30,33,41,45,46],"ascension_level":10}