{"gold_per_floor":[209,209,8,26,41,41,41,41,41,54,64,64,79,79,79,176,176,194,209,63,73,73,73,73,86,86,106,133,33,33,50,50,50],"floor_reached":33,"playtime":11300,"items_purged":["Strike_G","Strike_G"],"score":284,"play_id":"551d24f2-f6d3-483b-b601-7d8c56c637f6","local_time":"20181205233053","is_ascension_mode":false,"campfire_choices":[{"data":"Blade Dance","floor":6,"key":"SMITH"},{"data":"Distraction","floor":8,"key":"SMITH"},{"floor":15,"key":"REST"},{"floor":23,"key":"REST"},{"floor":32,"key":"REST"}],"neow_cost":"NONE","seed_source_timestamp":795919704437566,"circlet_count":0,"master_deck":["Defend_G","Defend_G","Defend_G","Defend_G","Strike_G","Strike_G","Survivor","Neutralize","Distraction+1","Glass Knife","Accuracy","Cloak And Dagger","Choke","Acrobatics","Blade Dance+1","Backflip","Storm of Steel","Terror","Corpse Explosion","PiercingWail+1","Infinite Blades","Accuracy","Decay","After Image","Predator","Blade Dance"],"relics":["Ring of the Snake","The Specimen","WristBlade","Nilry\u0027s Codex","Torii","Pear"],"potions_floor_usage":[21,25,25,31,33],"damage_taken":[{"damage":0,"enemies":"Cultist","floor":1,"turns":6},{"damage":0,"enemies":"Small Slimes","floor":4,"turns":3},{"damage":3,"enemies":"Jaw Worm","floor":5,"turns":4},{"damage":13,"enemies":"Lots of Slimes","floor":10,"turns":5},{"damage":5,"enemies":"Looter","floor":11,"turns":3},{"damage":7,"enemies":"3 Louse","floor":13,"turns":3},{"damage":45,"enemies":"Hexaghost","floor":16,"turns":11},{"damage":0,"enemies":"2 Thieves","floor":18,"turns":2},{"damage":14,"enemies":"Shell Parasite","floor":19,"turns":6},{"damage":1,"enemies":"3 Cultists","floor":21,"turns":4},{"damage":15,"enemies":"Shelled Parasite and Fungi","floor":25,"turns":4},{"damage":2,"enemies":"Centurion and Healer","floor":27,"turns":4},{"damage":34,"enemies":"Book of Stabbing","floor":28,"turns":5},{"damage":0,"enemies":"3 Cultists","floor":31,"turns":3},{"damage":75,"enemies":"Collector","floor":33,"turns":7}],"seed_played":"5159410117695695358","potions_obtained":[{"floor":1,"key":"SpeedPotion"},{"floor":16,"key":"Block Potion"},{"floor":21,"key":"Explosive Potion"},{"floor":27,"key":"Explosive Potion"},{"floor":28,"key":"GhostInAJar"}],"is_trial":false,"path_per_floor":["M","?","$","M","M","R","?","R","T","M","M","?","M","?","R","B",null,"M","M","$","M","?","R","?","M","T","M","E","$","?","M","R","B"],"character_chosen":"THE_SILENT","items_purchased":["Accuracy","Cloak And Dagger","Choke","Accuracy"],"campfire_rested":3,"item_purchase_floors":[3,3,3,20],"current_hp_per_floor":[70,70,70,70,67,67,72,72,72,59,54,54,47,47,69,24,75,75,61,61,60,44,66,66,51,51,49,25,25,25,25,50,0],"gold":50,"neow_bonus":"HUNDRED_GOLD","is_prod":false,"is_daily":false,"chose_seed":false,"campfire_upgraded":2,"win_rate":0.0,"timestamp":1544005853,"path_taken":["M","?","$","M","M","R","?","R","T","M","M","?","?","?","R","BOSS","M","M","$","?","?","R","?","?","T","M","E","$","?","M","R","BOSS"],"build_version":"2018-11-15","purchased_purges":2,"victory":false,"max_hp_per_floor":[70,70,70,70,70,70,75,75,75,75,75,75,75,75,75,75,75,75,75,75,75,75,75,75,75,75,75,85,85,85,85,85,85],"card_choices":[{"not_picked":["Deflect","Sucker Punch"],"picked":"Distraction","floor":1},{"not_picked":["Underhanded Strike","Deadly Poison"],"picked":"Acrobatics","floor":4},{"not_picked":["Poisoned Stab","Outmaneuver"],"picked":"Blade Dance","floor":5},{"not_picked":["Dodge and Roll","Noxious Fumes"],"picked":"Backflip","floor":10},{"not_picked":["Bane","Prepared"],"picked":"Storm of Steel","floor":11},{"not_picked":["Dagger Throw","Well Laid Plans"],"picked":"Terror","floor":13},{"not_picked":["Phantasmal Killer","Die Die Die"],"picked":"Corpse Explosion","floor":16},{"not_picked":["Masterful Stab","Dodge and Roll"],"picked":"PiercingWail+1","floor":18},{"not_picked":["Bane","Deflect+1"],"picked":"Infinite Blades","floor":19},{"not_picked":["Deflect","Prepared","Expertise"],"picked":"SKIP","floor":21},{"not_picked":["Escape Plan","Backstab"],"picked":"After Image","floor":25},{"not_picked":["Prepared","Catalyst"],"picked":"Predator","floor":27},{"not_picked":["Masterful Stab","Deadly Poison+1"],"picked":"Blade Dance","floor":28},{"not_picked":["Flechettes","Expertise","Deflect"],"picked":"SKIP","floor":31}],"player_experience":372648,"relics_obtained":[{"floor":9,"key":"The Specimen"},{"floor":22,"key":"Nilry\u0027s Codex"},{"floor":26,"key":"Torii"},{"floor":28,"key":"Pear"}],"event_choices":[{"damage_healed":0,"gold_gain":0,"cards_transformed":["Defend_G"],"player_choice":"Change","damage_taken":0,"max_hp_gain":0,"max_hp_loss":0,"event_name":"Living Wall","floor":2,"gold_loss":0,"cards_obtained":["Glass Knife"]},{"damage_healed":0,"gold_gain":0,"player_choice":"Donut","damage_taken":0,"max_hp_gain":5,"max_hp_loss":0,"event_name":"Big Fish","floor":7,"gold_loss":0},{"cards_removed":["Strike_G"],"damage_healed":0,"gold_gain":0,"player_choice":"Purged","damage_taken":0,"max_hp_gain":0,"max_hp_loss":0,"event_name":"Purifier","floor":12,"gold_loss":0},{"damage_healed":0,"gold_gain":0,"player_choice":"Ignored","damage_taken":0,"max_hp_gain":0,"max_hp_loss":0,"event_name":"Upgrade Shrine","floor":14,"gold_loss":0},{"damage_healed":0,"gold_gain":0,"player_choice":"Obtained Book","damage_taken":16,"max_hp_gain":0,"max_hp_loss":0,"event_name":"Cursed Tome","floor":22,"gold_loss":0},{"damage_healed":0,"gold_gain":0,"player_choice":"Cursed","damage_taken":0,"max_hp_gain":0,"max_hp_loss":0,"event_name":"Wheel of Change","floor":24,"gold_loss":0,"cards_obtained":["Decay"]},{"damage_healed":0,"gold_gain":0,"player_choice":"Ignored","damage_taken":0,"max_hp_gain":0,"max_hp_loss":0,"event_name":"Vampires","floor":30,"gold_loss":0}],"is_beta":false,"boss_relics":[{"not_picked":["Busted Crown","Black Star"],"picked":"WristBlade"}],"items_purged_floors":[20,29],"is_endless":false,"potions_floor_spawned":[1,16,21,27,28],"killed_by":"Collector","ascension_level":0}