{"gold_per_floor":[14,27,27,27,43,43,43,78,78,111,111,125,50,62,62,133,133,152,67,67,85,85,85,102,102,128,140,172,189,114,133,133,204,204,223,235,102,115,131,165,165,165,165,165],"floor_reached":44,"playtime":1715,"items_purged":["Rip and Tear"],"score":1065,"play_id":"ba273458-5820-4690-87e0-f3af0f50fbc5","local_time":"20181225013008","is_ascension_mode":true,"campfire_choices":[{"data":"Darkness","floor":6.0,"key":"SMITH"},{"data":"Redo","floor":11.0,"key":"SMITH"},{"data":"Dualcast","floor":15.0,"key":"SMITH"},{"data":"Conserve Battery","floor":23.0,"key":"SMITH"},{"floor":25.0,"key":"REST"},{"data":"Recycle","floor":32.0,"key":"SMITH"},{"floor":42.0,"key":"REST"}],"neow_cost":"NO_GOLD","seed_source_timestamp":42160123373253,"circlet_count":0,"master_deck":["AscendersBane","Zap+1","Dualcast+1","Darkness+1","Ball Lightning+1","Redo+1","Buffer+1","Conserve Battery+1","Electrodynamics+1","Auto Shields+1","All For One","Defragment+1","Capacitor+1","Leap","FTL","Doom and Gloom","Recycle+1","Biased Cognition+1","Consume","FTL","Core Surge","Steam","Core Surge","Hologram","Coolheaded","Multi-Cast","BootSequence","Madness","Madness"],"special_seed":0,"relics":["Cracked Core","Cables","Whetstone","Frozen Egg 2","Runic Pyramid","Bag of Preparation","Bag of Marbles","Ornamental Fan","Pandora\u0027s Box","Smiling Mask","Pantograph"],"potions_floor_usage":[],"damage_taken":[{"damage":15.0,"enemies":"Small Slimes","floor":1.0,"turns":4.0},{"damage":3.0,"enemies":"2 Louse","floor":2.0,"turns":3.0},{"damage":1.0,"enemies":"Cultist","floor":5.0,"turns":3.0},{"damage":15.0,"enemies":"Lagavulin","floor":8.0,"turns":5.0},{"damage":35.0,"enemies":"3 Sentries","floor":10.0,"turns":7.0},{"damage":11.0,"enemies":"2 Fungi Beasts","floor":12.0,"turns":3.0},{"damage":1.0,"enemies":"Looter","floor":14.0,"turns":3.0},{"damage":0.0,"enemies":"Slime Boss","floor":16.0,"turns":5.0},{"damage":0.0,"enemies":"3 Byrds","floor":18.0,"turns":1.0},{"damage":0.0,"enemies":"Chosen","floor":21.0,"turns":3.0},{"damage":18.0,"enemies":"Snecko","floor":24.0,"turns":3.0},{"damage":0.0,"enemies":"3 Cultists","floor":27.0,"turns":3.0},{"damage":33.0,"enemies":"Gremlin Leader","floor":28.0,"turns":4.0},{"damage":8.0,"enemies":"Centurion and Healer","floor":29.0,"turns":5.0},{"damage":4.0,"enemies":"Snake Plant","floor":31.0,"turns":4.0},{"damage":19.0,"enemies":"Automaton","floor":33.0,"turns":7.0},{"damage":16.0,"enemies":"3 Shapes","floor":35.0,"turns":4.0},{"damage":0.0,"enemies":"3 Darklings","floor":36.0,"turns":3.0},{"damage":0.0,"enemies":"Transient","floor":38.0,"turns":6.0},{"damage":0.0,"enemies":"4 Shapes","floor":39.0,"turns":3.0},{"damage":9.0,"enemies":"Nemesis","floor":40.0,"turns":3.0},{"damage":52,"enemies":"Reptomancer","floor":44,"turns":4}],"seed_played":"-6643364441550552370","potions_obtained":[{"floor":1.0,"key":"Regen Potion"},{"floor":5.0,"key":"Strength Potion"},{"floor":24.0,"key":"Dexterity Potion"},{"floor":27.0,"key":"PowerPotion"},{"floor":33.0,"key":"Ancient Potion"},{"floor":35.0,"key":"Block Potion"}],"is_trial":false,"path_per_floor":["M","M","?","?","M","R","$","E","T","E","R","M","?","M","R","B",null,"M","?","$","M","?","R","M","R","T","M","E","M","?","M","R","B",null,"M","M","$","M","M","E","?","R","T","E"],"character_chosen":"DEFECT","items_purchased":["Coolheaded"],"campfire_rested":2,"item_purchase_floors":[37],"current_hp_per_floor":[63,60,65,65,64,64,64,61,61,26,26,15,15,14,14,14,71,71,71,71,71,71,71,53,80,80,80,47,39,39,35,35,16,72,56,56,56,56,56,47,31,58,58,6],"gold":165,"neow_bonus":"TWENTY_PERCENT_HP_BONUS","is_prod":false,"is_daily":false,"chose_seed":false,"campfire_upgraded":5,"win_rate":0,"timestamp":1545669008,"path_taken":["M","M","?","?","?","R","$","E","T","E","R","M","?","M","R","BOSS","M","?","$","M","?","R","M","R","T","M","E","?","?","?","R","BOSS","M","M","$","M","M","E","?","R","T","E"],"build_version":"2018-12-20","purchased_purges":1,"victory":false,"max_hp_per_floor":[85,85,90,90,90,90,90,90,90,90,90,90,90,90,90,90,90,90,90,90,90,90,90,90,90,90,90,90,90,90,90,90,90,90,90,90,90,90,90,90,90,90,90,90],"card_choices":[{"not_picked":["Barrage","Streamline"],"picked":"Darkness","floor":1.0},{"not_picked":["Barrage","Go for the Eyes"],"picked":"Cold Snap","floor":2.0},{"not_picked":["Rebound","Self Repair"],"picked":"Ball Lightning","floor":5.0},{"not_picked":["Echo Form","Beam Cell"],"picked":"Redo","floor":8.0},{"not_picked":["Turbo","Compile Driver"],"picked":"Buffer","floor":10.0},{"not_picked":["Stack","Rip and Tear"],"picked":"Conserve Battery","floor":12.0},{"not_picked":["Sweeping Beam","Reinforced Body","Leap"],"picked":"SKIP","floor":14.0},{"not_picked":["Core Surge","Creative AI+1"],"picked":"Electrodynamics+1","floor":16.0},{"not_picked":["Ball Lightning","Sweeping Beam"],"picked":"Auto Shields+1","floor":18.0},{"not_picked":["Leap","Gash"],"picked":"All For One","floor":21.0},{"not_picked":["Genetic Algorithm","Redo"],"picked":"Defragment+1","floor":24.0},{"not_picked":["Sweeping Beam","Cold Snap"],"picked":"Capacitor+1","floor":27.0},{"not_picked":["Barrage+1","Ball Lightning"],"picked":"Leap","floor":28.0},{"not_picked":["FTL","Sunder","Beam Cell"],"picked":"SKIP","floor":29.0},{"not_picked":["Sunder","Beam Cell"],"picked":"FTL","floor":29.0},{"not_picked":["Chaos","Hologram+1"],"picked":"Recycle","floor":31.0},{"not_picked":["Thunder Strike","Hyperbeam"],"picked":"Biased Cognition+1","floor":33.0},{"not_picked":["Steam+1","Cold Snap","Sweeping Beam"],"picked":"SKIP","floor":35.0},{"not_picked":["Leap","Reinforced Body"],"picked":"Hologram","floor":36.0},{"not_picked":["Barrage","Fusion","Scrape+1"],"picked":"SKIP","floor":38.0},{"not_picked":["Barrage","Fusion","Scrape+1"],"picked":"SKIP","floor":38.0},{"not_picked":["Gash","Coolheaded+1"],"picked":"Multi-Cast","floor":39.0},{"not_picked":["Ball Lightning","Defragment+1"],"picked":"BootSequence","floor":40.0}],"player_experience":839133,"relics_obtained":[{"floor":8.0,"key":"Whetstone"},{"floor":10.0,"key":"Frozen Egg 2"},{"floor":26.0,"key":"Bag of Marbles"},{"floor":28.0,"key":"Ornamental Fan"},{"floor":40.0,"key":"Smiling Mask"},{"floor":43.0,"key":"Pantograph"}],"event_choices":[{"damage_healed":0.0,"max_hp_gain":5.0,"max_hp_loss":0.0,"gold_gain":0.0,"event_name":"Big Fish","player_choice":"Donut","floor":3.0,"gold_loss":0.0,"damage_taken":0.0},{"cards_removed":["Cold Snap"],"damage_healed":0.0,"max_hp_gain":0.0,"max_hp_loss":0.0,"gold_gain":0.0,"event_name":"WeMeetAgain","player_choice":"Gave Card","floor":4.0,"gold_loss":0.0,"damage_taken":0.0,"relics_obtained":["Cables"]},{"cards_removed":["Strike_B"],"damage_healed":0.0,"max_hp_gain":0.0,"max_hp_loss":0.0,"gold_gain":0.0,"event_name":"The Cleric","player_choice":"Card Removal","floor":13.0,"gold_loss":75.0,"damage_taken":0.0},{"damage_healed":0.0,"max_hp_gain":0.0,"max_hp_loss":0.0,"gold_gain":0.0,"event_name":"Addict","player_choice":"Obtained Relic","floor":19.0,"gold_loss":85.0,"damage_taken":0.0,"relics_obtained":["Bag of Preparation"]},{"damage_healed":0.0,"max_hp_gain":0.0,"max_hp_loss":0.0,"gold_gain":0.0,"event_name":"Upgrade Shrine","player_choice":"Upgraded","floor":22.0,"gold_loss":0.0,"damage_taken":0.0,"cards_upgraded":["Zap"]},{"damage_healed":0.0,"max_hp_gain":0.0,"max_hp_loss":0.0,"gold_gain":0.0,"cards_transformed":["Strike_B","Strike_B"],"event_name":"Designer","player_choice":"Transformed Cards","floor":30.0,"gold_loss":75.0,"damage_taken":0.0,"cards_obtained":["Rip and Tear","Doom and Gloom"]},{"damage_healed":0.0,"max_hp_gain":0.0,"max_hp_loss":0.0,"gold_gain":0.0,"event_name":"Winding Halls","player_choice":"Embrace Madness","floor":41.0,"gold_loss":0.0,"damage_taken":16.0,"cards_obtained":["Madness","Madness"]}],"is_beta":false,"boss_relics":[{"not_picked":["White Beast Statue","Lizard Tail"],"picked":"Runic Pyramid"},{"not_picked":["Snecko Eye","Velvet Choker"],"picked":"Pandora\u0027s Box"}],"items_purged_floors":[37],"is_endless":false,"potions_floor_spawned":[1,5,24,27,33,35,36],"killed_by":"Reptomancer","ascension_level":20}