{"path_per_floor":["M","?","?","M","M","E","R","M","T","M","R","$","E","?","R","B",null,"M","$","M","?","M","E","R","?","T","$","M","?","T","M","R","B",null,"M","M","$","M","M","R","M","?","T","?","?","R","M","M","R","B"],"character_chosen":"THE_SILENT","items_purchased":["Strength Potion","Panache","Terror","Pen Nib","Ninja Scroll","Adrenaline","Bag of Marbles","Gremlin Horn","Energy Potion"],"gold_per_floor":[144,144,144,189,234,324,324,369,444,489,489,186,276,276,276,576,576,621,40,85,85,130,220,220,220,220,20,65,65,65,110,110,410,410,455,500,0,45,90,90,135,0,0,0,0,0,45,90,90,90],"floor_reached":51,"campfire_rested":8,"playtime":1655,"current_hp_per_floor":[69,69,80,72,72,43,67,49,49,49,73,73,73,73,80,54,80,80,80,80,64,59,43,75,75,75,75,75,56,56,56,56,42,56,56,56,56,28,17,41,28,28,28,28,28,52,56,51,56,6],"items_purged":["Defend_G","Defend_G","Defend_G","Defend_G"],"gold":90,"score":780,"play_id":"a80de24c-8854-4a8f-9b54-30edc9ae53d8","local_time":"20180320181528","daily_mods":["Allstar","Midas","Lethality"],"is_prod":false,"is_daily":true,"is_ascension_mode":false,"campfire_upgraded":0,"timestamp":1521566128,"path_taken":["M","?","?","M","?","E","R","M","T","M","R","?","E","?","R","BOSS","M","$","M","?","M","E","R","?","T","$","?","?","?","M","R","BOSS","M","M","$","M","M","R","M","?","T","?","?","R","?","?","R","BOSS"],"build_version":"2018-03-15v3","purchased_purges":4,"victory":true,"master_deck":["Survivor","Neutralize","Mind Blast","Riddle With Holes","Dagger Spray","Cloak And Dagger","Panache+1","Flying Knee","Adrenaline","Terror","Necronomicurse","Cloak And Dagger+1","Adrenaline","Caltrops+1","Bite","Bite","Bite","Bite","Bite","Riddle With Holes+1","Prepared+1","Sucker Punch+1"],"max_hp_per_floor":[70,70,80,80,80,80,80,80,80,80,80,80,80,80,80,80,80,80,80,80,80,80,80,80,80,80,80,80,56,56,56,56,56,56,56,56,56,56,56,56,56,56,56,56,56,56,56,56,56,56],"relics":["Ring of the Snake","Frozen Egg 2","Pantograph","Paper Crane","Eternal Feather","Pen Nib","Ninja Scroll","Necronomicon","Letter Opener","Smiling Mask","Ancient Tea Set","Bag of Marbles","Gremlin Horn","Red Mask","Torii"],"card_choices":[{"not_picked":["Acrobatics","Poisoned Stab"],"picked":"Riddle With Holes"},{"not_picked":["Accuracy","Acrobatics"],"picked":"Blur"},{"not_picked":["Deflect","Dagger Throw"],"picked":"Dagger Spray"},{"not_picked":["Poisoned Stab","Distraction"],"picked":"Cloak And Dagger"},{"not_picked":["Calculated Gamble","Concentrate"],"picked":"Flying Knee"},{"not_picked":["Bullet Time","Night Terror"],"picked":"Adrenaline"},{"not_picked":["Underhanded Strike","Expertise"],"picked":"Cloak And Dagger"},{"not_picked":["Finisher","Cloak And Dagger"],"picked":"Caltrops"},{"not_picked":["Backflip","Dodge and Roll"],"picked":"Riddle With Holes"},{"not_picked":["Acrobatics","Outmaneuver"],"picked":"Prepared"},{"not_picked":["Outmaneuver","Quick Slash"],"picked":"Sucker Punch"}],"player_experience":155715,"potions_floor_usage":[13,16,16,20,23,28,33,33,39,39,50,50,50],"damage_taken":[{"damage":1,"enemies":"2 Louse","floor":1,"turns":2},{"damage":8,"enemies":"Small Slimes","floor":4,"turns":2},{"damage":0,"enemies":"Cultist","floor":5,"turns":2},{"damage":29,"enemies":"Lagavulin","floor":6,"turns":4},{"damage":18,"enemies":"3 Louse","floor":8,"turns":2},{"damage":0,"enemies":"Exordium Thugs","floor":10,"turns":3},{"damage":0,"enemies":"Gremlin Nob","floor":13,"turns":2},{"damage":26,"enemies":"The Guardian","floor":16,"turns":7},{"damage":0,"enemies":"3 Byrds","floor":18,"turns":2},{"damage":0,"enemies":"2 Thieves","floor":20,"turns":1},{"damage":5,"enemies":"Centurion and Healer","floor":22,"turns":3},{"damage":19,"enemies":"Gremlin Leader","floor":23,"turns":2},{"damage":0,"enemies":"Cultist and Chosen","floor":28,"turns":2},{"damage":0,"enemies":"3 Cultists","floor":31,"turns":1},{"damage":20,"enemies":"Automaton","floor":33,"turns":4},{"damage":0,"enemies":"3 Shapes","floor":35,"turns":1},{"damage":0,"enemies":"Orb Walker","floor":36,"turns":1},{"damage":28,"enemies":"Maw","floor":38,"turns":3},{"damage":13,"enemies":"Sphere and 2 Shapes","floor":39,"turns":1},{"damage":15,"enemies":"4 Shapes","floor":41,"turns":1},{"damage":0,"enemies":"3 Darklings","floor":47,"turns":1},{"damage":9,"enemies":"Sphere and 2 Shapes","floor":48,"turns":1},{"damage":50,"enemies":"Time Eater","floor":50,"turns":6}],"event_choices":[{"event_name":"Living Wall","player_choice":"Forget","floor":2,"damage_taken":0},{"event_name":"Bonfire Elementals","player_choice":"RARE","floor":3,"damage_taken":0},{"event_name":"The Lab","player_choice":"Got Potions","floor":14,"damage_taken":0},{"event_name":"Cursed Tome","player_choice":"Obtained Book","floor":21,"damage_taken":0},{"event_name":"Drug Dealer","player_choice":"Ignored","floor":25,"damage_taken":0},{"event_name":"Vampires","player_choice":"Became a vampire","floor":29,"damage_taken":0},{"event_name":"Tomb of Lord Red Mask","player_choice":"Paid","floor":42,"damage_taken":0},{"event_name":"Match and Keep!","player_choice":"0 cards matched","floor":44,"damage_taken":0}],"boss_relics":[{"not_picked":["The Specimen","Runic Pyramid"],"picked":"Eternal Feather"},{"not_picked":["Calling Bell","Philosopher\u0027s Stone","Velvet Choker"]}],"potions_floor_spawned":[4,6,16,18,23,31,33,36,41,47],"seed_played":"-7629097336603244972","ascension_level":0,"is_trial":false}