{"gold_per_floor":[368,382,255,255,271,271,305,318,318,337,337,13,25,43,43,142,142,158,258,273,283,263,263,278,293,293,293,319,244,254,10,10,110,110,129,129,142,142,156,156,181,196,196,196,5,24,24,24,24,24],"floor_reached":51,"playtime":13270,"items_purged":["Strike_B","Strike_B"],"score":726,"play_id":"48b06e05-e8ba-4314-927b-3651ad8dab50","local_time":"20190128132407","is_ascension_mode":false,"campfire_choices":[{"data":"Zap","floor":6,"key":"SMITH"},{"data":"Buffer","floor":11,"key":"SMITH"},{"data":"Redo","floor":15,"key":"SMITH"},{"data":"Machine Learning","floor":23,"key":"SMITH"},{"data":"Electrodynamics","floor":27,"key":"SMITH"},{"floor":32,"key":"REST"},{"data":"Streamline","floor":40,"key":"SMITH"},{"data":"Madness","floor":44,"key":"SMITH"},{"data":"Dualcast","floor":47,"key":"SMITH"},{"data":"Hello World","floor":49,"key":"SMITH"}],"neow_cost":"TEN_PERCENT_HP_LOSS","seed_source_timestamp":144009778253430,"circlet_count":0,"master_deck":["Strike_B+1","Defend_B","Defend_B","Defend_B","Zap+1","Dualcast+1","Cold Snap","Ball Lightning","Hologram","Streamline+1","Rebound","Melter+1","Conserve Battery","Sweeping Beam","Buffer+1","Self Repair","Hello World+1","Redo+1","Rebound","Glacier","Electrodynamics+1","Stack","Gash","Machine Learning+1","Cold Snap+1","Redo+1","Gash","Gash","White Noise+1","Redo+1","Madness+1","Madness","Gash","Gash+1"],"relics":["FrozenCore","Prayer Wheel","Meat on the Bone","Singing Bowl","Ginger","Mango","Gremlin Horn","Bottled Tornado","Whetstone","Pen Nib","Busted Crown","Thread and Needle","Pantograph","Lee\u0027s Waffle"],"potions_floor_usage":[14,16,19,20,24,28,28,33,39,41,41],"damage_taken":[{"damage":1,"enemies":"Small Slimes","floor":1,"turns":3},{"damage":1,"enemies":"2 Louse","floor":2,"turns":3},{"damage":0,"enemies":"Cultist","floor":5,"turns":2},{"damage":18,"enemies":"3 Sentries","floor":7,"turns":5},{"damage":0,"enemies":"3 Louse","floor":8,"turns":2},{"damage":9,"enemies":"Exordium Wildlife","floor":10,"turns":3},{"damage":0,"enemies":"Looter","floor":13,"turns":2},{"damage":4,"enemies":"Gremlin Gang","floor":14,"turns":3},{"damage":19,"enemies":"The Guardian","floor":16,"turns":12},{"damage":28,"enemies":"2 Thieves","floor":18,"turns":3},{"damage":32,"enemies":"Colosseum Slavers","floor":19,"turns":4},{"damage":35,"enemies":"Colosseum Nobs","floor":19,"turns":5},{"damage":17,"enemies":"Spheric Guardian","floor":20,"turns":3},{"damage":2,"enemies":"Shelled Parasite and Fungi","floor":21,"turns":7},{"damage":0,"enemies":"Sentry and Sphere","floor":24,"turns":3},{"damage":9,"enemies":"Snecko","floor":25,"turns":6},{"damage":39,"enemies":"Slavers","floor":28,"turns":4},{"damage":10,"enemies":"Cultist and Chosen","floor":30,"turns":4},{"damage":41,"enemies":"Collector","floor":33,"turns":9},{"damage":28,"enemies":"Orb Walker","floor":35,"turns":3},{"damage":20,"enemies":"3 Shapes","floor":37,"turns":3},{"damage":35,"enemies":"Writhing Mass","floor":39,"turns":6},{"damage":27,"enemies":"Giant Head","floor":41,"turns":9},{"damage":14,"enemies":"Maw","floor":42,"turns":7},{"damage":26,"enemies":"Jaw Worm Horde","floor":46,"turns":3},{"damage":111,"enemies":"Donu and Deca","floor":50,"turns":11}],"seed_played":"3679555725566172018","potions_obtained":[{"floor":2,"key":"Regen Potion"},{"floor":10,"key":"AttackPotion"},{"floor":14,"key":"LiquidBronze"},{"floor":19,"key":"PowerPotion"},{"floor":20,"key":"SteroidPotion"},{"floor":21,"key":"Energy Potion"},{"floor":22,"key":"Regen Potion"},{"floor":24,"key":"SteroidPotion"},{"floor":30,"key":"Poison Potion"},{"floor":33,"key":"Strength Potion"},{"floor":35,"key":"Poison Potion"},{"floor":37,"key":"Dexterity Potion"}],"is_trial":false,"path_per_floor":["M","M","$","?","M","R","E","M","T","M","R","$","M","M","R","B",null,"M","?","M","M","?","R","M","M","T","R","E","?","M","$","R","B",null,"M","?","M","?","M","R","E","M","T","R","$","M","R","$","R","B",null],"character_chosen":"DEFECT","items_purchased":["Hologram","Ginger","Hello World","Pen Nib","Lee\u0027s Waffle"],"campfire_rested":1,"item_purchase_floors":[3,12,12,31,45],"current_hp_per_floor":[67,66,66,63,63,63,45,45,45,36,36,36,38,53,53,46,70,44,33,37,54,54,54,58,49,49,49,34,34,38,38,66,46,98,72,59,62,62,50,50,42,49,49,49,117,102,102,102,102,29],"gold":24,"neow_bonus":"TWO_FIFTY_GOLD","is_prod":false,"is_daily":false,"chose_seed":false,"campfire_upgraded":9,"win_rate":0.0,"timestamp":1548681847,"path_taken":["M","M","$","?","M","R","E","M","T","M","R","$","M","M","R","BOSS","M","?","M","M","?","R","M","?","T","R","E","?","M","?","R","BOSS","M","?","M","?","?","R","E","M","T","R","$","M","R","?","R","BOSS"],"build_version":"2019-01-23","purchased_purges":2,"victory":true,"max_hp_per_floor":[68,68,68,68,68,68,68,68,68,68,68,68,70,70,70,70,70,72,88,90,90,90,90,94,94,94,94,94,94,96,96,96,98,98,100,100,104,104,108,108,108,110,110,110,117,121,121,121,121,121],"card_choices":[{"not_picked":["Ball Lightning","Compile Driver"],"picked":"Cold Snap","floor":1},{"not_picked":["Go for the Eyes","Blizzard"],"picked":"Ball Lightning","floor":2},{"not_picked":["Gash","Turbo"],"picked":"Streamline","floor":5},{"not_picked":["Auto Shields","FTL"],"picked":"Rebound","floor":5},{"not_picked":["Doom and Gloom","Force Field"],"picked":"Melter","floor":7},{"not_picked":["Beam Cell","Steam Power"],"picked":"Conserve Battery","floor":8},{"not_picked":["Compile Driver","Scrape"],"picked":"Sweeping Beam","floor":8},{"not_picked":["Beam Cell","Go for the Eyes"],"picked":"Buffer","floor":10},{"not_picked":["Redo","Steam"],"picked":"Self Repair","floor":10},{"not_picked":["Rebound","Reinforced Body"],"picked":"Redo","floor":13},{"not_picked":["Go for the Eyes","Reinforced Body","Steam Power"],"picked":"Singing Bowl","floor":13},{"not_picked":["Leap","Rip and Tear"],"picked":"Rebound","floor":14},{"not_picked":["Chaos","Blizzard"],"picked":"Glacier","floor":14},{"not_picked":["All For One","Meteor Strike"],"picked":"Electrodynamics","floor":16},{"not_picked":["Rip and Tear","Rebound","Turbo"],"picked":"Singing Bowl","floor":18},{"not_picked":["Rebound","Streamline"],"picked":"Stack","floor":18},{"not_picked":["Lockon","Consume","Sweeping Beam"],"picked":"Singing Bowl","floor":19},{"not_picked":["Cold Snap","Streamline+1"],"picked":"Gash","floor":20},{"not_picked":["Stack","Compile Driver+1","Reprogram"],"picked":"Singing Bowl","floor":20},{"not_picked":["Beam Cell+1","Steam"],"picked":"Machine Learning","floor":21},{"not_picked":["Genetic Algorithm","Steam"],"picked":"Cold Snap+1","floor":21},{"not_picked":["Force Field","Barrage","Sweeping Beam"],"picked":"Singing Bowl","floor":24},{"not_picked":["Hologram","Sweeping Beam+1","Rebound"],"picked":"Singing Bowl","floor":24},{"not_picked":["Conserve Battery","Beam Cell"],"picked":"Redo+1","floor":25},{"not_picked":["Chaos","Rip and Tear"],"picked":"Gash","floor":25},{"not_picked":["Leap","Coolheaded+1"],"picked":"Gash","floor":28},{"not_picked":["Fission","Rebound"],"picked":"White Noise+1","floor":30},{"not_picked":["Conserve Battery","Turbo","Compile Driver"],"picked":"Singing Bowl","floor":30},{"not_picked":["Machine Learning","Thunder Strike","Electrodynamics"],"picked":"Singing Bowl","floor":33},{"not_picked":[],"picked":"Redo+1","floor":35},{"not_picked":["Rebound"],"picked":"Singing Bowl","floor":35},{"not_picked":["Doom and Gloom+1"],"picked":"Singing Bowl","floor":37},{"not_picked":["Steam"],"picked":"Singing Bowl","floor":37},{"not_picked":["Melter"],"picked":"Singing Bowl","floor":39},{"not_picked":["Redo"],"picked":"Singing Bowl","floor":39},{"not_picked":[],"picked":"Gash","floor":41},{"not_picked":["Scrape+1"],"picked":"Singing Bowl","floor":42},{"not_picked":[],"picked":"Gash+1","floor":42},{"not_picked":["Go for the Eyes+1"],"picked":"Singing Bowl","floor":46},{"not_picked":["Genetic Algorithm+1"],"picked":"Singing Bowl","floor":46}],"player_experience":144509,"relics_obtained":[{"floor":7,"key":"Meat on the Bone"},{"floor":9,"key":"Singing Bowl"},{"floor":19,"key":"Mango"},{"floor":19,"key":"Gremlin Horn"},{"floor":26,"key":"Bottled Tornado"},{"floor":28,"key":"Whetstone"},{"floor":41,"key":"Thread and Needle"},{"floor":43,"key":"Pantograph"}],"event_choices":[{"damage_healed":0,"gold_gain":0,"player_choice":"Success","damage_taken":3,"relics_obtained":["Prayer Wheel"],"max_hp_gain":0,"max_hp_loss":0,"event_name":"Scrap Ooze","floor":4,"gold_loss":0},{"damage_healed":0,"gold_gain":0,"player_choice":"Fight","damage_taken":0,"max_hp_gain":0,"max_hp_loss":0,"event_name":"Colosseum","floor":19,"gold_loss":0},{"damage_healed":0,"gold_gain":0,"player_choice":"Fought Nobs","damage_taken":0,"max_hp_gain":0,"max_hp_loss":0,"event_name":"Colosseum","floor":19,"gold_loss":0},{"damage_healed":0,"gold_gain":0,"player_choice":"Bought 1 Potion","damage_taken":0,"max_hp_gain":0,"max_hp_loss":0,"event_name":"The Woman in Blue","floor":22,"gold_loss":0},{"cards_removed":["Strike_B"],"damage_healed":0,"gold_gain":0,"player_choice":"Gave Gold","damage_taken":0,"max_hp_gain":0,"max_hp_loss":0,"event_name":"Beggar","floor":29,"gold_loss":75},{"damage_healed":0,"gold_gain":0,"player_choice":"Embrace Madness","damage_taken":13,"max_hp_gain":0,"max_hp_loss":0,"event_name":"Winding Halls","floor":36,"gold_loss":0,"cards_obtained":["Madness","Madness"]},{"cards_removed":["Defend_B"],"damage_healed":0,"gold_gain":0,"player_choice":"Offered Basic","damage_taken":0,"max_hp_gain":0,"max_hp_loss":0,"event_name":"Bonfire Elementals","floor":38,"gold_loss":0}],"is_beta":false,"boss_relics":[{"not_picked":["Empty Cage","Calling Bell"],"picked":"FrozenCore"},{"not_picked":["Black Star","Snecko Eye"],"picked":"Busted Crown"}],"items_purged_floors":[3,31],"is_endless":false,"potions_floor_spawned":[2,10,14,19,20,21,24,30,33,35,37],"ascension_level":0}