{"gold_per_floor":[113,113,38,38,52,52,66,66,136,166,166,166,185,260,260,334,334,348,366,123,173,186,186,213,227,227,247,247,74,74,85,85,85],"floor_reached":33,"playtime":1230,"items_purged":["Strike_R"],"score":490,"play_id":"fb4289c8-0464-4360-b636-2d61b62a8ed2","local_time":"20181023184947","is_ascension_mode":true,"campfire_choices":[{"data":"Cleave","floor":6.0,"key":"SMITH"},{"data":"Clothesline","floor":8,"key":"SMITH"},{"data":"1","floor":12,"key":"LIFT"},{"data":"Ghostly Armor","floor":15,"key":"SMITH"},{"data":"2","floor":23,"key":"LIFT"},{"data":"3","floor":28,"key":"LIFT"},{"data":"Bludgeon","floor":30,"key":"SMITH"},{"floor":32,"key":"REST"}],"neow_cost":"TEN_PERCENT_HP_LOSS","seed_source_timestamp":36769418924810,"circlet_count":0,"master_deck":["Strike_R","Strike_R","Defend_R","Defend_R","Defend_R","Defend_R","Bash+1","AscendersBane","Twin Strike","Cleave+1","Clothesline+1","Ghostly Armor+1","Sever Soul","Power Through","Bludgeon+1","Ghostly Armor+1","Sword Boomerang+1","Pommel Strike+1","Battle Trance+1","Shrug It Off"],"special_seed":0,"relics":["Burning Blood","Mango","Mercury Hourglass","Girya","Mark of Pain","Centennial Puzzle","Boot","Du-Vu Doll","Bag of Preparation"],"potions_floor_usage":[10,16,16,24,27,33],"damage_taken":[{"damage":9.0,"enemies":"Small Slimes","floor":1.0,"turns":4.0},{"damage":14.0,"enemies":"Jaw Worm","floor":5.0,"turns":5.0},{"damage":0,"enemies":"2 Louse","floor":7,"turns":1},{"damage":12,"enemies":"Gremlin Nob","floor":10,"turns":3},{"damage":0,"enemies":"Large Slime","floor":13,"turns":2},{"damage":31,"enemies":"Slime Boss","floor":16,"turns":8},{"damage":17,"enemies":"2 Thieves","floor":18,"turns":5},{"damage":16,"enemies":"Shell Parasite","floor":19,"turns":6},{"damage":4,"enemies":"Snake Plant","floor":22,"turns":4},{"damage":23,"enemies":"Book of Stabbing","floor":24,"turns":6},{"damage":0,"enemies":"Centurion and Healer","floor":25,"turns":5},{"damage":7,"enemies":"Cultist and Chosen","floor":27,"turns":4},{"damage":0,"enemies":"Snake Plant","floor":31,"turns":2},{"damage":102,"enemies":"Champ","floor":33,"turns":13}],"seed_played":"2638696188970674173","potions_obtained":[{"floor":5.0,"key":"FearPotion"},{"floor":10,"key":"BloodPotion"},{"floor":13,"key":"SkillPotion"},{"floor":19,"key":"AttackPotion"},{"floor":22,"key":"Weak Potion"},{"floor":31,"key":"Explosive Potion"}],"is_trial":false,"path_per_floor":["M","?","?","?","M","R","M","R","T","E","?","R","M","?","R","B",null,"M","M","$","?","M","R","E","M","T","M","R","$","R","M","R"],"character_chosen":"IRONCLAD","items_purchased":["Centennial Puzzle","Bag of Preparation"],"campfire_rested":1,"item_purchase_floors":[20,29],"current_hp_per_floor":[79,79,79,84,76,76,82,82,82,76,76,76,82,71,71,54,79,68,58,58,58,60,60,43,49,49,48,48,48,48,54,80,0],"gold":85,"neow_bonus":"ONE_RARE_RELIC","is_prod":false,"is_daily":false,"chose_seed":false,"campfire_upgraded":4,"win_rate":0,"timestamp":1540313387,"path_taken":["M","?","?","?","M","R","M","R","T","E","?","R","M","?","R","BOSS","M","M","$","?","?","R","E","M","T","M","R","?","R","M","R","BOSS"],"build_version":"2018-10-18","purchased_purges":1,"victory":false,"max_hp_per_floor":[82,82,82,87,87,87,87,87,87,87,87,87,87,87,87,87,87,87,87,87,87,87,87,87,87,87,87,87,87,87,87,87,87],"card_choices":[{"not_picked":["Intimidate","Corruption"],"picked":"Twin Strike","floor":1.0},{"not_picked":["Pommel Strike","Headbutt"],"picked":"Cleave","floor":5.0},{"not_picked":["Infernal Blade","Iron Wave"],"picked":"Clothesline","floor":7},{"not_picked":["Flex","Power Through"],"picked":"Ghostly Armor","floor":10},{"not_picked":["Sword Boomerang","Anger"],"picked":"Power Through","floor":13},{"not_picked":["Berserk","Juggernaut"],"picked":"Bludgeon","floor":16},{"not_picked":["Perfected Strike","Combust+1"],"picked":"Ghostly Armor+1","floor":18},{"not_picked":["Pommel Strike","Wild Strike+1","Clothesline"],"picked":"SKIP","floor":19},{"not_picked":["Cleave","Clothesline"],"picked":"Sword Boomerang+1","floor":22},{"not_picked":["Corruption+1","Uppercut","Ghostly Armor"],"picked":"SKIP","floor":24},{"not_picked":["Body Slam","Pummel"],"picked":"Pommel Strike+1","floor":25},{"not_picked":["Thunderclap","Searing Blow+1"],"picked":"Battle Trance+1","floor":27},{"not_picked":["Feel No Pain","Warcry"],"picked":"Shrug It Off","floor":31}],"player_experience":1023293,"relics_obtained":[{"floor":9,"key":"Mercury Hourglass"},{"floor":10,"key":"Girya"},{"floor":24,"key":"Boot"},{"floor":26,"key":"Du-Vu Doll"}],"event_choices":[{"damage_healed":0.0,"max_hp_gain":0.0,"max_hp_loss":0.0,"gold_gain":0.0,"event_name":"Living Wall","player_choice":"Grow","floor":2.0,"gold_loss":0.0,"damage_taken":0.0,"cards_upgraded":["Bash"]},{"cards_removed":["Strike_R"],"damage_healed":0.0,"max_hp_gain":0.0,"max_hp_loss":0.0,"gold_gain":0.0,"event_name":"The Cleric","player_choice":"Card Removal","floor":3.0,"gold_loss":75.0,"damage_taken":0.0},{"damage_healed":0.0,"max_hp_gain":5.0,"max_hp_loss":0.0,"gold_gain":0.0,"event_name":"Big Fish","player_choice":"Donut","floor":4.0,"gold_loss":0.0,"damage_taken":0.0},{"damage_healed":0,"gold_gain":0,"cards_transformed":["Strike_R"],"player_choice":"Transformed","damage_taken":0,"max_hp_gain":0,"max_hp_loss":0,"event_name":"Transmorgrifier","floor":11,"gold_loss":0,"cards_obtained":["Sever Soul"]},{"damage_healed":0,"gold_gain":75,"player_choice":"Gather Gold","damage_taken":11,"max_hp_gain":0,"max_hp_loss":0,"event_name":"World of Goop","floor":14,"gold_loss":0},{"damage_healed":0,"gold_gain":100,"player_choice":"Bet on Murderer","damage_taken":0,"max_hp_gain":0,"max_hp_loss":0,"event_name":"The Joust","floor":21,"gold_loss":50}],"is_beta":false,"boss_relics":[{"not_picked":["Orrery","Snecko Eye"],"picked":"Mark of Pain"}],"items_purged_floors":[20],"is_endless":false,"potions_floor_spawned":[5,10,13,19,22,31],"killed_by":"Champ","ascension_level":17}