{"gold_per_floor":[11,30,43,43,43,43,43,66,91,91,107,126,126,51,51,176,176,196,196,196,96,123,123,134,146,146,146,179,196,196,213,213,316,316,326,381,381,124,134,134,149,149,175,175,5,5],"floor_reached":46,"playtime":2001,"items_purged":["Strike_R","Strike_R","Heavy Blade+1","Bash"],"score":503,"play_id":"16d823b0-ea6b-4627-8daa-70deb7efe4b1","local_time":"20181230233915","is_ascension_mode":false,"campfire_choices":[{"data":"Searing Blow","floor":6,"key":"SMITH"},{"data":"Searing Blow+1","floor":10,"key":"SMITH"},{"data":"Armaments","floor":13,"key":"SMITH"},{"data":"Searing Blow+2","floor":15,"key":"SMITH"},{"data":"Searing Blow+3","floor":23,"key":"SMITH"},{"data":"Searing Blow+4","floor":30,"key":"SMITH"},{"data":"Searing Blow+5","floor":32,"key":"SMITH"},{"data":"Searing Blow+6","floor":40,"key":"SMITH"},{"data":"Searing Blow+7","floor":42,"key":"SMITH"},{"data":"Searing Blow+8","floor":44,"key":"SMITH"}],"neow_cost":"NO_GOLD","seed_source_timestamp":26825003656402,"circlet_count":0,"master_deck":["Defend_R+1","Defend_R+1","Defend_R+1","Defend_R+1","Evolve","Searing Blow+9","Power Through","Armaments+1","Offering","Exhume","Burning Pact","Second Wind+1","Feed","Shockwave+1","Combust+1","Madness","Madness"],"relics":["Burning Blood","Bloody Idol","War Paint","Velvet Choker","Nilry\u0027s Codex","Red Mask","Red Skull","Astrolabe","Turnip","Membership Card","Smiling Mask","Pantograph"],"potions_floor_usage":[8,16,25,28,33,36,36,36,41],"damage_taken":[{"damage":7,"enemies":"Cultist","floor":1,"turns":5},{"damage":12,"enemies":"Small Slimes","floor":2,"turns":5},{"damage":0,"enemies":"2 Louse","floor":3,"turns":3},{"damage":0,"enemies":"Exordium Wildlife","floor":8,"turns":3},{"damage":0,"enemies":"3 Louse","floor":11,"turns":4},{"damage":4,"enemies":"Blue Slaver","floor":12,"turns":5},{"damage":44,"enemies":"The Guardian","floor":16,"turns":11},{"damage":7,"enemies":"Chosen","floor":18,"turns":3},{"damage":19,"enemies":"Masked Bandits","floor":22,"turns":5},{"damage":0,"enemies":"3 Byrds","floor":24,"turns":3},{"damage":6,"enemies":"Snecko","floor":25,"turns":2},{"damage":44,"enemies":"Slavers","floor":28,"turns":10},{"damage":25,"enemies":"3 Cultists","floor":29,"turns":5},{"damage":6,"enemies":"Snake Plant","floor":31,"turns":4},{"damage":30,"enemies":"Champ","floor":33,"turns":8},{"damage":6,"enemies":"3 Shapes","floor":35,"turns":4},{"damage":5,"enemies":"2 Orb Walkers","floor":36,"turns":6},{"damage":18,"enemies":"3 Darklings","floor":39,"turns":5},{"damage":61,"enemies":"Writhing Mass","floor":41,"turns":5},{"damage":50,"enemies":"Reptomancer","floor":46,"turns":2}],"seed_played":"3906763998147313612","potions_obtained":[{"floor":2,"key":"SpeedPotion"},{"floor":3,"key":"Fire Potion"},{"floor":11,"key":"SkillPotion"},{"floor":16,"key":"Weak Potion"},{"floor":25,"key":"Fruit Juice"},{"floor":28,"key":"AttackPotion"},{"floor":29,"key":"Fire Potion"},{"floor":33,"key":"FearPotion"},{"floor":39,"key":"GamblersBrew"}],"is_trial":false,"path_per_floor":["M","M","M","?","?","R","?","M","T","R","M","M","R","$","R","B",null,"M","?","?","$","?","R","M","M","T","?","E","M","R","M","R","B",null,"M","?","?","$","M","R","M","R","T","R","$","E"],"character_chosen":"IRONCLAD","items_purchased":["Membership Card","Pantograph"],"campfire_rested":0,"item_purchase_floors":[38,45],"current_hp_per_floor":[95,89,95,71,71,71,52,58,58,58,64,66,66,66,66,28,96,95,79,79,79,71,71,82,92,92,92,59,48,48,57,57,38,108,111,114,100,100,93,93,43,43,48,48,48,0],"gold":5,"neow_bonus":"TWENTY_PERCENT_HP_BONUS","is_prod":false,"is_daily":false,"chose_seed":false,"campfire_upgraded":10,"win_rate":0,"timestamp":1546180755,"path_taken":["M","M","?","?","?","R","?","?","T","R","M","M","R","$","R","BOSS","M","?","?","$","?","R","M","M","T","?","E","M","R","M","R","BOSS","M","?","?","$","M","R","M","R","T","R","?","E"],"build_version":"2018-12-20","purchased_purges":4,"victory":false,"max_hp_per_floor":[96,96,96,96,96,96,96,96,96,96,96,96,96,96,96,96,96,96,96,96,96,96,96,96,101,101,101,101,104,104,108,108,108,108,111,114,114,114,114,114,114,114,114,114,114,114],"card_choices":[{"not_picked":["True Grit","Burning Pact"],"picked":"Evolve","floor":1},{"not_picked":["Twin Strike","Thunderclap"],"picked":"Clothesline","floor":2},{"not_picked":["Warcry","Intimidate"],"picked":"Searing Blow","floor":3},{"not_picked":["Perfected Strike","Power Through","Bloodletting"],"picked":"SKIP","floor":8},{"not_picked":["Perfected Strike","Bloodletting"],"picked":"Power Through","floor":8},{"not_picked":["Seeing Red","Evolve"],"picked":"Armaments","floor":11},{"not_picked":["Shrug It Off","Armaments"],"picked":"Offering","floor":12},{"not_picked":["Berserk","Limit Break"],"picked":"Exhume","floor":16},{"not_picked":["Shockwave","Thunderclap"],"picked":"Burning Pact","floor":18},{"not_picked":["Wild Strike","Havoc","Reckless Charge"],"picked":"SKIP","floor":24},{"not_picked":["Anger+1","Twin Strike+1"],"picked":"Second Wind+1","floor":25},{"not_picked":["Heavy Blade","Clothesline"],"picked":"Feed","floor":28},{"not_picked":["Combust","Spot Weakness","Armaments"],"picked":"SKIP","floor":29},{"not_picked":["Dropkick","Flame Barrier","Clothesline+1"],"picked":"SKIP","floor":31},{"not_picked":["Sword Boomerang+1","Wild Strike+1","Shrug It Off+1"],"picked":"SKIP","floor":35},{"not_picked":["Anger","Disarm","Intimidate+1"],"picked":"SKIP","floor":39},{"not_picked":["Anger+1","Wild Strike+1","Sword Boomerang"],"picked":"SKIP","floor":41}],"player_experience":5995,"relics_obtained":[{"floor":9,"key":"War Paint"},{"floor":19,"key":"Nilry\u0027s Codex"},{"floor":22,"key":"Red Mask"},{"floor":28,"key":"Red Skull"},{"floor":36,"key":"Turnip"},{"floor":43,"key":"Smiling Mask"}],"event_choices":[{"damage_healed":0,"gold_gain":0,"player_choice":"Take Damage","damage_taken":24,"relics_obtained":["Golden Idol"],"max_hp_gain":0,"max_hp_loss":0,"event_name":"Golden Idol","floor":4,"gold_loss":0},{"damage_healed":0,"gold_gain":0,"player_choice":"Ignored","damage_taken":0,"max_hp_gain":0,"max_hp_loss":0,"event_name":"Liars Game","floor":5,"gold_loss":0},{"damage_healed":0,"gold_gain":0,"player_choice":"Entered Light","damage_taken":19,"max_hp_gain":0,"max_hp_loss":0,"event_name":"Shining Light","floor":7,"gold_loss":0,"cards_upgraded":["Defend_R","Defend_R"]},{"damage_healed":0,"gold_gain":0,"player_choice":"Obtained Book","damage_taken":16,"max_hp_gain":0,"max_hp_loss":0,"event_name":"Cursed Tome","floor":19,"gold_loss":0},{"damage_healed":0,"gold_gain":0,"player_choice":"Gave Idol","damage_taken":0,"relics_obtained":["Bloody Idol"],"max_hp_gain":0,"max_hp_loss":0,"event_name":"Forgotten Altar","floor":20,"relics_lost":["Golden Idol"],"gold_loss":0},{"damage_healed":0,"gold_gain":0,"player_choice":"Fought Bandits","damage_taken":0,"max_hp_gain":0,"max_hp_loss":0,"event_name":"Masked Bandits","floor":22,"gold_loss":0},{"cards_removed":["Strike_R"],"damage_healed":0,"gold_gain":0,"player_choice":"Elegance","damage_taken":0,"max_hp_gain":0,"max_hp_loss":0,"event_name":"Back to Basics","floor":27,"gold_loss":0},{"damage_healed":0,"gold_gain":0,"player_choice":"Fight","damage_taken":0,"max_hp_gain":0,"max_hp_loss":0,"event_name":"Mysterious Sphere","floor":36,"gold_loss":0},{"damage_healed":0,"gold_gain":0,"player_choice":"Embrace Madness","damage_taken":14,"max_hp_gain":0,"max_hp_loss":0,"event_name":"Winding Halls","floor":37,"gold_loss":0,"cards_obtained":["Madness","Madness"]}],"is_beta":false,"boss_relics":[{"not_picked":["Busted Crown","Black Blood"],"picked":"Velvet Choker"},{"not_picked":["Lizard Tail","Runic Cube"],"picked":"Astrolabe"}],"items_purged_floors":[14,21,38,45],"is_endless":false,"potions_floor_spawned":[2,3,11,16,25,28,29,33,35,39],"killed_by":"Reptomancer","ascension_level":0}