{"gold_per_floor":[218,168,343,343,353,353,372,397,421,421,437,53,71,71,71,174,174,194,119,34,34,34],"floor_reached":22,"playtime":1325,"items_purged":["Regret"],"score":182,"play_id":"eb723939-72d8-43ab-9064-71dd7dc9dc85","local_time":"20190126173005","is_ascension_mode":false,"campfire_choices":[{"data":"Infernal Blade","floor":6,"key":"SMITH"},{"floor":10,"key":"REST"},{"data":"Armaments","floor":15,"key":"SMITH"}],"neow_cost":"NONE","seed_source_timestamp":519782539838996,"circlet_count":0,"master_deck":["Strike_R","Strike_R","Strike_R","Strike_R","Strike_R","Defend_R","Defend_R","Defend_R","Bash","Iron Wave","Doubt","Infernal Blade+1","Twin Strike","Armaments+1","Flame Barrier","Panacea","Rage","Shrug It Off","Barricade","Burning Pact","Infernal Blade+1"],"relics":["Black Blood","Regal Pillow","Singing Bowl","Anchor","Magic Flower"],"potions_floor_usage":[8,13],"damage_taken":[{"damage":12,"enemies":"Small Slimes","floor":1,"turns":4},{"damage":4,"enemies":"2 Louse","floor":5,"turns":3},{"damage":16,"enemies":"Jaw Worm","floor":7,"turns":3},{"damage":57,"enemies":"Lagavulin","floor":8,"turns":7},{"damage":8,"enemies":"Large Slime","floor":11,"turns":2},{"damage":3,"enemies":"Exordium Thugs","floor":13,"turns":5},{"damage":53,"enemies":"Hexaghost","floor":16,"turns":12},{"damage":19,"enemies":"Spheric Guardian","floor":18,"turns":8},{"damage":20,"enemies":"2 Thieves","floor":19,"turns":5},{"damage":42,"enemies":"Chosen and Byrds","floor":22,"turns":8}],"seed_played":"-5599001378113481112","potions_obtained":[{"floor":5,"key":"Ancient Potion"},{"floor":8,"key":"Explosive Potion"},{"floor":11,"key":"Ancient Potion"}],"is_trial":false,"path_per_floor":["M","?","?","?","M","R","M","E","T","R","M","$","M","?","R","B",null,"M","M","?","?","M"],"character_chosen":"IRONCLAD","items_purchased":["Anchor","Panacea","Rage"],"campfire_rested":1,"item_purchase_floors":[12,12,12],"current_hp_per_floor":[74,74,74,74,76,76,66,15,15,54,52,52,55,80,80,33,80,71,61,61,61,19],"gold":34,"neow_bonus":"HUNDRED_GOLD","is_prod":false,"is_daily":false,"chose_seed":false,"campfire_upgraded":2,"win_rate":0,"timestamp":1548477005,"path_taken":["M","?","?","?","?","R","M","E","T","R","M","$","M","?","R","BOSS","M","M","?","?","M"],"build_version":"2019-01-23","purchased_purges":1,"victory":false,"max_hp_per_floor":[80,80,80,80,80,80,80,80,80,80,80,80,80,80,80,80,80,80,80,80,80,80],"card_choices":[{"not_picked":["Clash","Evolve"],"picked":"Iron Wave","floor":1},{"not_picked":["Fire Breathing","Body Slam"],"picked":"Infernal Blade","floor":5},{"not_picked":["Anger","Wild Strike"],"picked":"Twin Strike","floor":7},{"not_picked":["Heavy Blade","Clash"],"picked":"Armaments","floor":8},{"not_picked":["Ghostly Armor","Blood for Blood"],"picked":"Flame Barrier","floor":11},{"not_picked":["Combust","Pommel Strike"],"picked":"Shrug It Off","floor":13},{"not_picked":["Limit Break","Juggernaut"],"picked":"Barricade","floor":16},{"not_picked":["Flex","Twin Strike+1"],"picked":"Burning Pact","floor":18},{"not_picked":["Shrug It Off","Clash"],"picked":"Infernal Blade+1","floor":19}],"player_experience":588044,"relics_obtained":[{"floor":8,"key":"Singing Bowl"}],"event_choices":[{"cards_removed":["Defend_R"],"damage_healed":0,"gold_gain":0,"player_choice":"Card Removal","damage_taken":0,"max_hp_gain":0,"max_hp_loss":0,"event_name":"The Cleric","floor":2,"gold_loss":50},{"damage_healed":0,"gold_gain":175,"player_choice":"AGREE","damage_taken":0,"max_hp_gain":0,"max_hp_loss":0,"event_name":"Liars Game","floor":3,"gold_loss":0,"cards_obtained":["Doubt"]},{"damage_healed":0,"gold_gain":0,"player_choice":"Box","damage_taken":0,"relics_obtained":["Regal Pillow"],"max_hp_gain":0,"max_hp_loss":0,"event_name":"Big Fish","floor":4,"gold_loss":0,"cards_obtained":["Regret"]},{"damage_healed":25,"gold_gain":0,"player_choice":"Full Heal","damage_taken":0,"max_hp_gain":0,"max_hp_loss":0,"event_name":"Wheel of Change","floor":14,"gold_loss":0},{"damage_healed":0,"gold_gain":0,"player_choice":"Obtained Relic","damage_taken":0,"relics_obtained":["Magic Flower"],"max_hp_gain":0,"max_hp_loss":0,"event_name":"Addict","floor":20,"gold_loss":85},{"damage_healed":0,"gold_gain":0,"player_choice":"Ignored","damage_taken":0,"max_hp_gain":0,"max_hp_loss":0,"event_name":"Beggar","floor":21,"gold_loss":0}],"is_beta":false,"boss_relics":[{"not_picked":["Empty Cage","Velvet Choker"],"picked":"Black Blood"}],"items_purged_floors":[12],"is_endless":false,"potions_floor_spawned":[5,8,11],"killed_by":"Chosen and Byrds","ascension_level":0}