{"gold_per_floor":[115,115,31,97,110,110,127,127,127,127,139,46,59,85,97,213,225,251,279,291,329,353,37,37,48,119,138,158,158,0,31,31,31],"floor_reached":33,"playtime":1734,"items_purged":["Defend_R"],"score":292,"play_id":"b8794c2f-6270-4c3d-a00e-c2910befad56","local_time":"20190128003305","is_ascension_mode":false,"campfire_choices":[{"data":"Feed","floor":6,"key":"SMITH"},{"floor":10,"key":"RECALL"},{"data":"Armaments","floor":15,"key":"SMITH"},{"floor":24,"key":"REST"},{"floor":29,"key":"REST"},{"floor":32,"key":"REST"}],"neow_cost":"NONE","seed_source_timestamp":631158551089560,"circlet_count":0,"master_deck":["Strike_R","Strike_R","Strike_R","Strike_R","Strike_R","Defend_R","Defend_R","Defend_R","Bash","Iron Wave","Bash","Feed+1","Panacea","Thunderclap","Twin Strike","Thunderclap","Metallicize","Armaments+1","Dropkick","Rage","Exhume","Flex","Inflame+1","Cleave+1","Iron Wave+1","Flex","Seeing Red","Pommel Strike+1"],"relics":["Burning Blood","NeowsBlessing","Paper Frog","MawBank","Eternal Feather","Ornamental Fan","Kunai","Dodecahedron"],"potions_floor_usage":[13,14,16,16,18,22,27],"damage_taken":[{"damage":0,"enemies":"2 Louse","floor":1,"turns":1},{"damage":0,"enemies":"Cultist","floor":5,"turns":1},{"damage":0,"enemies":"Jaw Worm","floor":7,"turns":1},{"damage":1,"enemies":"Exordium Thugs","floor":11,"turns":4},{"damage":0,"enemies":"2 Fungi Beasts","floor":13,"turns":2},{"damage":31,"enemies":"3 Sentries","floor":14,"turns":10},{"damage":53,"enemies":"The Guardian","floor":16,"turns":11},{"damage":67,"enemies":"Spheric Guardian","floor":18,"turns":8},{"damage":14,"enemies":"2 Thieves","floor":19,"turns":4},{"damage":25,"enemies":"Snake Plant","floor":22,"turns":4},{"damage":29,"enemies":"Centurion and Healer","floor":25,"turns":6},{"damage":41,"enemies":"3 Cultists","floor":27,"turns":5},{"damage":24,"enemies":"Snecko","floor":28,"turns":4},{"damage":31,"enemies":"Gremlin Leader","floor":31,"turns":5},{"damage":72,"enemies":"Automaton","floor":33,"turns":8}],"seed_played":"-7820688425967216588","potions_obtained":[{"floor":5,"key":"Weak Potion"},{"floor":7,"key":"Strength Potion"},{"floor":8,"key":"Explosive Potion"},{"floor":13,"key":"Energy Potion"},{"floor":16,"key":"SkillPotion"},{"floor":19,"key":"AttackPotion"},{"floor":25,"key":"Explosive Potion"}],"is_trial":false,"path_per_floor":["M","?","$","?","M","R","M","?","T","R","M","$","M","E","R","B",null,"M","M","?","T","M","$","R","M","T","M","M","R","?","E","R","B"],"character_chosen":"IRONCLAD","items_purchased":["Panacea","Metallicize","Armaments","Ornamental Fan"],"campfire_rested":3,"item_purchase_floors":[3,12,12,23],"current_hp_per_floor":[80,80,80,80,80,80,80,80,80,80,84,84,88,63,63,20,92,35,31,64,64,45,45,87,68,68,37,19,66,66,41,88,16],"gold":31,"neow_bonus":"THREE_ENEMY_KILL","is_prod":false,"is_daily":false,"chose_seed":false,"campfire_upgraded":2,"win_rate":0,"timestamp":1548588785,"path_taken":["M","?","?","?","M","R","M","?","T","R","?","?","M","E","R","BOSS","M","M","?","?","M","$","R","M","T","M","M","R","?","E","R","BOSS"],"build_version":"2019-01-23","purchased_purges":1,"victory":false,"max_hp_per_floor":[80,80,80,80,80,80,80,80,80,80,84,84,88,88,88,92,92,96,100,100,100,100,100,100,104,104,108,108,108,108,108,108,108],"card_choices":[{"not_picked":["Heavy Blade","Sentinel"],"picked":"Iron Wave","floor":1},{"not_picked":["Warcry","Pommel Strike"],"picked":"Thunderclap","floor":5},{"not_picked":["Dropkick","Clash"],"picked":"Twin Strike","floor":7},{"not_picked":["Cleave","Perfected Strike"],"picked":"Thunderclap","floor":11},{"not_picked":["True Grit","Heavy Blade"],"picked":"Dropkick","floor":13},{"not_picked":["Power Through","Corruption"],"picked":"Rage","floor":14},{"not_picked":["Brutality","Berserk"],"picked":"Exhume","floor":16},{"not_picked":["Power Through+1","Fire Breathing"],"picked":"Flex","floor":18},{"not_picked":["Sentinel","Sword Boomerang"],"picked":"Inflame+1","floor":19},{"not_picked":["Pommel Strike","Sword Boomerang"],"picked":"Cleave+1","floor":22},{"not_picked":["Combust","Disarm"],"picked":"Iron Wave+1","floor":25},{"not_picked":["Searing Blow","Iron Wave"],"picked":"Flex","floor":27},{"not_picked":["Dropkick","Shrug It Off"],"picked":"Seeing Red","floor":28},{"not_picked":["Headbutt","Disarm"],"picked":"Pommel Strike+1","floor":31}],"player_experience":594652,"relics_obtained":[{"floor":9,"key":"Paper Frog"},{"floor":14,"key":"MawBank"},{"floor":26,"key":"Kunai"},{"floor":31,"key":"Dodecahedron"}],"event_choices":[{"damage_healed":0,"gold_gain":0,"player_choice":"2 cards matched","damage_taken":0,"max_hp_gain":0,"max_hp_loss":0,"event_name":"Match and Keep!","floor":2,"gold_loss":0,"cards_obtained":["Bash","Feed"]},{"damage_healed":0,"gold_gain":66,"player_choice":"Gained Gold","damage_taken":0,"max_hp_gain":0,"max_hp_loss":0,"event_name":"Golden Wing","floor":4,"gold_loss":0},{"damage_healed":0,"gold_gain":0,"player_choice":"Got Potions","damage_taken":0,"max_hp_gain":0,"max_hp_loss":0,"event_name":"Lab","floor":8,"gold_loss":0},{"damage_healed":33,"gold_gain":0,"player_choice":"Heal","damage_taken":0,"max_hp_gain":0,"max_hp_loss":0,"event_name":"The Library","floor":20,"gold_loss":0},{"damage_healed":0,"gold_gain":0,"player_choice":"Paid Fearfully","damage_taken":0,"max_hp_gain":0,"max_hp_loss":0,"event_name":"Masked Bandits","floor":30,"gold_loss":158}],"is_beta":false,"boss_relics":[{"not_picked":["Cursed Key","Snecko Eye"],"picked":"Eternal Feather"}],"items_purged_floors":[23],"is_endless":false,"potions_floor_spawned":[5,7,13,16,19,25],"killed_by":"Automaton","ascension_level":0}