{"path_per_floor":["M","?","?","?","M","E","R","M","T","R","M","M","E","M","R","B",null,"M","?","?","T","$","R","M","M","T","R","$","?","M","M","R","B",null,"M","$","?","$","M","?","?","$","T","T","R","?","R","?","R","B"],"character_chosen":"IRONCLAD","items_purchased":["Kunai","Good Instincts","Disarm"],"gold_per_floor":[109,109,109,109,120,155,155,167,167,167,182,199,229,244,244,343,343,355,270,270,295,47,47,66,85,139,139,36,36,47,60,60,162,162,179,35,35,35,49,49,49,49,74,97,97,0,0,0,0,0],"floor_reached":51,"campfire_rested":3,"playtime":1812,"current_hp_per_floor":[80,73,73,57,61,44,44,50,50,74,71,76,70,71,71,59,80,68,68,68,68,68,68,58,56,56,80,80,80,66,56,80,51,80,49,49,49,49,55,55,75,75,75,75,75,75,75,75,75,47],"items_purged":["Strike_R"],"gold":0,"score":764,"play_id":"50e89baa-1ca3-408b-a429-828209ee525d","local_time":"20180310121235","is_prod":false,"is_daily":false,"is_ascension_mode":true,"campfire_upgraded":6,"timestamp":1520680355,"path_taken":["M","?","?","?","M","E","R","?","T","R","M","M","E","M","R","BOSS","M","?","?","?","$","R","M","?","T","R","?","?","M","M","R","BOSS","M","$","?","$","M","?","?","$","T","?","R","?","R","?","R","BOSS"],"build_version":"2018-03-09","purchased_purges":1,"victory":true,"master_deck":["Strike_R+1","Defend_R+1","Defend_R+1","Defend_R+1","Bash","Perfected Strike","Spot Weakness+1","Pommel Strike+1","True Grit","Spot Weakness+1","Seeing Red","Rampage+1","Twin Strike+1","Flex","Demon Form+1","Flame Barrier+1","True Grit+1","Intimidate","Good Instincts","Metallicize","Shockwave+1","Disarm","Body Slam+1","Writhe"],"max_hp_per_floor":[80,80,80,80,80,80,80,80,80,80,80,80,80,80,80,80,80,80,80,80,80,80,80,80,80,80,80,80,80,80,80,80,80,80,80,80,80,80,80,80,80,80,80,80,80,80,80,80,80,80],"relics":["Burning Blood","Ancient Tea Set","Meat on the Bone","Vajra","Mark of Pain","Pen Nib","Blood Vial","Kunai","Lantern","Lizard Tail","Juzu Bracelet","Oddly Smooth Stone","Red Mask"],"card_choices":[{"not_picked":["Sentinel","Warcry"],"picked":"Perfected Strike"},{"not_picked":["Seeing Red","Clothesline"],"picked":"Pommel Strike"},{"not_picked":["Juggernaut","Dual Wield"],"picked":"True Grit"},{"not_picked":["Anger","Evolve"],"picked":"Spot Weakness"},{"not_picked":["Havoc","Feel No Pain"],"picked":"Seeing Red"},{"not_picked":["Warcry","Feel No Pain"],"picked":"Rampage"},{"not_picked":["Pommel Strike","Blood for Blood"],"picked":"Twin Strike"},{"not_picked":["Carnage","Pommel Strike"],"picked":"Flex"},{"not_picked":["Fiend Fire","Dark Embrace"],"picked":"Demon Form"},{"not_picked":["Corruption","Hemokinesis"],"picked":"Flame Barrier"},{"not_picked":["Warcry","Sever Soul"],"picked":"True Grit"},{"not_picked":["Pommel Strike","Second Wind"],"picked":"Intimidate"},{"not_picked":["Infernal Blade","Flex"],"picked":"Metallicize"},{"not_picked":["Feel No Pain","Iron Wave"],"picked":"Shockwave"},{"not_picked":["Havoc","Anger"],"picked":"Body Slam"}],"player_experience":183641,"potions_floor_usage":[6,11,12,13,30,33,33,50],"damage_taken":[{"damage":5,"enemies":"Small Slimes","floor":1,"turns":4},{"damage":2,"enemies":"Jaw Worm","floor":5,"turns":5},{"damage":23,"enemies":"Lagavulin","floor":6,"turns":8},{"damage":0,"enemies":"Cultist","floor":8,"turns":3},{"damage":9,"enemies":"Red Slaver","floor":11,"turns":4},{"damage":1,"enemies":"2 Fungi Beasts","floor":12,"turns":3},{"damage":12,"enemies":"3 Sentries","floor":13,"turns":6},{"damage":5,"enemies":"Blue Slaver","floor":14,"turns":2},{"damage":18,"enemies":"The Guardian","floor":16,"turns":7},{"damage":18,"enemies":"Chosen","floor":18,"turns":4},{"damage":18,"enemies":"2 Thieves","floor":24,"turns":4},{"damage":22,"enemies":"3 Cultists","floor":25,"turns":6},{"damage":29,"enemies":"Snecko","floor":30,"turns":6},{"damage":30,"enemies":"Snake Plant","floor":31,"turns":4},{"damage":47,"enemies":"Collector","floor":33,"turns":10},{"damage":49,"enemies":"3 Shapes","floor":35,"turns":7},{"damage":14,"enemies":"Orb Walker","floor":39,"turns":5},{"damage":36,"enemies":"Time Eater","floor":50,"turns":9}],"event_choices":[{"event_name":"Golden Wing","player_choice":"Card Removal","floor":2,"damage_taken":0},{"event_name":"Transmorgrifier","player_choice":"Transform","floor":3,"damage_taken":0},{"event_name":"Shining Light","player_choice":"Entered Light","floor":4,"damage_taken":0},{"event_name":"Addict","player_choice":"Obtained Relic","floor":19,"damage_taken":0},{"event_name":"Back to Basics","player_choice":"Simplicity","floor":20,"damage_taken":0},{"event_name":"Drug Dealer","player_choice":"Ignored","floor":29,"damage_taken":0},{"event_name":"Mysterious Sphere","player_choice":"Ignore","floor":40,"damage_taken":0},{"event_name":"Winding Halls","player_choice":"Writhe","floor":41,"damage_taken":0},{"event_name":"Tomb of Lord Red Mask","player_choice":"Paid","floor":46,"damage_taken":0},{"event_name":"Accursed Blacksmith","player_choice":"Forge","floor":48,"damage_taken":0}],"boss_relics":[{"not_picked":["Question Card","Philosopher\u0027s Stone"],"picked":"Mark of Pain"},{"not_picked":["Astrolabe","Calling Bell"],"picked":"Lizard Tail"}],"potions_floor_spawned":[5,6,8,11,12,25,30,35],"seed_played":"-648915926293190885","ascension_level":2,"is_trial":false}