{"gold_per_floor":[111,129,139,139,139,171,171,205,205,205],"floor_reached":10,"playtime":864,"items_purged":[],"score":91,"play_id":"424878a5-4da5-4b31-858d-545d13889c33","local_time":"20190131135636","is_ascension_mode":true,"campfire_choices":[{"floor":7,"key":"REST"}],"neow_cost":"NONE","seed_source_timestamp":1190551163373452,"circlet_count":0,"master_deck":["Strike_R","Strike_R","Strike_R","Strike_R","Defend_R","Defend_R","Defend_R","Defend_R","Bash","Heavy Blade","Havoc+1","Offering","Disarm","Armaments"],"relics":["Burning Blood","Omamori","Peace Pipe","Blue Candle"],"potions_floor_usage":[10],"damage_taken":[{"damage":14,"enemies":"2 Louse","floor":1,"turns":3},{"damage":7,"enemies":"Jaw Worm","floor":2,"turns":3},{"damage":5,"enemies":"Small Slimes","floor":3,"turns":4},{"damage":61,"enemies":"3 Sentries","floor":6,"turns":11},{"damage":38,"enemies":"Gremlin Nob","floor":8,"turns":4},{"damage":26,"enemies":"3 Sentries","floor":10,"turns":4}],"seed_played":"-2198212280674252072","potions_obtained":[{"floor":2,"key":"BloodPotion"}],"is_trial":false,"path_per_floor":["M","M","M","?","?","E","R","E","T","E"],"character_chosen":"IRONCLAD","items_purchased":[],"campfire_rested":1,"item_purchase_floors":[],"current_hp_per_floor":[80,79,80,80,73,18,44,12,12,0],"gold":205,"neow_bonus":"TEN_PERCENT_HP_BONUS","is_prod":false,"is_daily":false,"chose_seed":false,"campfire_upgraded":0,"win_rate":0,"timestamp":1548939396,"path_taken":["M","M","M","?","?","E","R","E","T","E"],"build_version":"2019-01-23","purchased_purges":0,"victory":false,"max_hp_per_floor":[88,88,88,88,88,88,88,88,88,88],"card_choices":[{"not_picked":["Perfected Strike","Wild Strike"],"picked":"Heavy Blade","floor":1},{"not_picked":["Second Wind","Fire Breathing"],"picked":"Havoc","floor":2},{"not_picked":["Intimidate","Wild Strike"],"picked":"Offering","floor":3},{"not_picked":["Headbutt","Clash"],"picked":"Disarm","floor":6},{"not_picked":["Bludgeon","Headbutt"],"picked":"Armaments","floor":8}],"player_experience":460377,"relics_obtained":[{"floor":6,"key":"Omamori"},{"floor":8,"key":"Peace Pipe"},{"floor":9,"key":"Blue Candle"}],"event_choices":[{"damage_healed":0,"gold_gain":0,"player_choice":"Grow","damage_taken":0,"max_hp_gain":0,"max_hp_loss":0,"event_name":"Living Wall","floor":4,"gold_loss":0,"cards_upgraded":["Havoc"]},{"cards_removed":["Strike_R"],"damage_healed":0,"gold_gain":0,"player_choice":"Card Removal","damage_taken":7,"max_hp_gain":0,"max_hp_loss":0,"event_name":"Golden Wing","floor":5,"gold_loss":0}],"is_beta":false,"boss_relics":[],"items_purged_floors":[],"is_endless":false,"potions_floor_spawned":[2],"killed_by":"3 Sentries","ascension_level":4}