{"gold_per_floor":[112,40,59,59,59,85,85,98,98,110,185,185,40,53,53,131,131,131,131,131,131,51,51,51,51,51,51,51,51,51,51,51,51,51,51,51,51,51,51,51,51,51,51,51,51,51,24,24,24,24],"floor_reached":51,"playtime":3022,"items_purged":["Strike_B"],"score":1146,"play_id":"64734035-0f48-47cd-bfcd-84315903fcd1","local_time":"20190120222058","is_ascension_mode":true,"campfire_choices":[{"data":"Go for the Eyes","floor":7,"key":"SMITH"},{"floor":12,"key":"REST"},{"data":"Consume","floor":15,"key":"SMITH"},{"data":"Glacier","floor":23,"key":"SMITH"},{"floor":25,"key":"REST"},{"data":"Capacitor","floor":30,"key":"SMITH"},{"floor":32,"key":"REST"},{"floor":40,"key":"REST"},{"data":"Rainbow","floor":42,"key":"SMITH"},{"data":"Biased Cognition","floor":45,"key":"SMITH"},{"floor":49,"key":"REST"}],"neow_cost":"NONE","seed_source_timestamp":40141246370046,"circlet_count":0,"master_deck":["AscendersBane","Strike_B","Strike_B","Defend_B","Defend_B","Defend_B","Defend_B","Zap+1","Dualcast","Reboot","Go for the Eyes+1","Capacitor+1","Conserve Battery","Leap","Beam Cell","Hello World","Hologram","Ball Lightning","Consume+1","Biased Cognition+1","Steam","Darkness","Glacier+1","Coolheaded","BootSequence","Streamline","Rainbow+1","Biased Cognition+1","Sunder+1","Coolheaded","Doubt","Coolheaded","Thunder Strike","Coolheaded","Master of Strategy"],"relics":["Cracked Core","Torii","Gambling Chip","Ectoplasm","Pen Nib","MawBank","Sozu","Mango","Oddly Smooth Stone"],"potions_floor_usage":[14,14,27,50],"damage_taken":[{"damage":0,"enemies":"Cultist","floor":1,"turns":4},{"damage":2,"enemies":"Jaw Worm","floor":3,"turns":3},{"damage":41,"enemies":"3 Sentries","floor":6,"turns":12},{"damage":0,"enemies":"2 Louse","floor":8,"turns":3},{"damage":0,"enemies":"Blue Slaver","floor":10,"turns":4},{"damage":11,"enemies":"Exordium Wildlife","floor":14,"turns":4},{"damage":3,"enemies":"Hexaghost","floor":16,"turns":9},{"damage":1,"enemies":"Chosen","floor":18,"turns":4},{"damage":29,"enemies":"3 Byrds","floor":20,"turns":5},{"damage":0,"enemies":"Centurion and Healer","floor":24,"turns":8},{"damage":18,"enemies":"Gremlin Leader","floor":27,"turns":8},{"damage":8,"enemies":"Shelled Parasite and Fungi","floor":29,"turns":6},{"damage":14,"enemies":"Cultist and Chosen","floor":31,"turns":6},{"damage":20,"enemies":"Champ","floor":33,"turns":17},{"damage":37,"enemies":"3 Darklings","floor":35,"turns":8},{"damage":16,"enemies":"3 Shapes","floor":36,"turns":4},{"damage":0,"enemies":"Maw","floor":38,"turns":7},{"damage":10,"enemies":"4 Shapes","floor":44,"turns":8},{"damage":18,"enemies":"Transient","floor":46,"turns":5},{"damage":39,"enemies":"Time Eater","floor":50,"turns":14}],"seed_played":"-9030601107803230648","potions_obtained":[{"floor":3,"key":"SteroidPotion"},{"floor":6,"key":"SkillPotion"},{"floor":8,"key":"Weak Potion"},{"floor":20,"key":"Poison Potion"},{"floor":33,"key":"Dexterity Potion"}],"is_trial":false,"path_per_floor":["M","$","M","?","?","E","R","M","T","M","?","R","$","M","R","B",null,"M","$","M","?","$","R","M","R","T","E","?","M","R","M","R","B",null,"M","M","T","M","?","R","?","R","T","M","R","M","$","?","R","B",null],"character_chosen":"DEFECT","items_purchased":["Capacitor","Hologram","Ball Lightning","Glacier","Coolheaded"],"campfire_rested":5,"item_purchase_floors":[2,13,13,22,47],"current_hp_per_floor":[64,64,62,62,62,21,21,21,21,21,10,31,31,20,20,17,58,57,57,28,28,28,28,28,49,49,31,31,23,23,9,30,10,56,19,3,17,17,17,42,85,85,85,75,75,57,57,57,82,43],"gold":24,"neow_bonus":"ONE_RANDOM_RARE_CARD","is_prod":false,"is_daily":false,"chose_seed":false,"campfire_upgraded":6,"win_rate":0,"timestamp":1548019258,"path_taken":["M","?","M","?","?","E","R","M","T","?","?","R","$","M","R","BOSS","M","$","M","?","?","R","M","R","T","E","?","?","R","M","R","BOSS","M","M","?","M","?","R","?","R","T","?","R","M","?","?","R","BOSS"],"build_version":"2019-01-17v2","purchased_purges":1,"victory":true,"max_hp_per_floor":[71,71,71,71,71,71,71,71,71,71,71,71,71,71,71,71,71,71,71,71,71,71,71,71,71,71,71,71,71,71,71,71,71,71,71,71,85,85,85,85,85,85,85,85,85,85,85,85,85,85],"card_choices":[{"not_picked":["Ball Lightning","Leap"],"picked":"Go for the Eyes","floor":1},{"not_picked":["Streamline","Leap"],"picked":"Conserve Battery","floor":3},{"not_picked":["Compile Driver","Gash"],"picked":"Leap","floor":6},{"not_picked":["Leap","Steam"],"picked":"Beam Cell","floor":8},{"not_picked":["Sweeping Beam","Multi-Cast"],"picked":"Hello World","floor":10},{"not_picked":["Compile Driver","Barrage"],"picked":"Consume","floor":14},{"not_picked":["Hyperbeam","Creative AI"],"picked":"Biased Cognition","floor":16},{"not_picked":["White Noise","Redo"],"picked":"Steam","floor":18},{"not_picked":["Hologram","Go for the Eyes"],"picked":"Darkness","floor":20},{"not_picked":["Ball Lightning","Chill+1"],"picked":"Coolheaded","floor":24},{"not_picked":["Turbo","Force Field"],"picked":"BootSequence","floor":27},{"not_picked":["Go for the Eyes","Hologram"],"picked":"Streamline","floor":29},{"not_picked":["Blizzard","Turbo"],"picked":"Rainbow","floor":31},{"not_picked":["Machine Learning","Buffer"],"picked":"Biased Cognition","floor":33},{"not_picked":["Beam Cell","Ball Lightning","Storm+1"],"picked":"SKIP","floor":35},{"not_picked":["Turbo","Aggregate"],"picked":"Sunder+1","floor":36},{"not_picked":["Tempest","Barrage"],"picked":"Coolheaded","floor":38},{"not_picked":["Auto Shields","Gash"],"picked":"Coolheaded","floor":44},{"not_picked":["Beam Cell","Cold Snap"],"picked":"Thunder Strike","floor":46},{"not_picked":["Chrysalis","Forethought"],"picked":"Master of Strategy","floor":48}],"player_experience":1070122,"relics_obtained":[{"floor":6,"key":"Torii"},{"floor":9,"key":"Gambling Chip"},{"floor":26,"key":"Pen Nib"},{"floor":27,"key":"MawBank"},{"floor":37,"key":"Mango"},{"floor":43,"key":"Oddly Smooth Stone"}],"event_choices":[{"damage_healed":0,"gold_gain":0,"player_choice":"Grow","damage_taken":0,"max_hp_gain":0,"max_hp_loss":0,"event_name":"Living Wall","floor":4,"gold_loss":0,"cards_upgraded":["Zap"]},{"damage_healed":0,"gold_gain":0,"player_choice":"Ignored","damage_taken":0,"max_hp_gain":0,"max_hp_loss":0,"event_name":"Golden Wing","floor":5,"gold_loss":0},{"damage_healed":0,"gold_gain":75,"player_choice":"Gather Gold","damage_taken":11,"max_hp_gain":0,"max_hp_loss":0,"event_name":"World of Goop","floor":11,"gold_loss":0},{"damage_healed":0,"gold_gain":0,"player_choice":"Forge","damage_taken":0,"max_hp_gain":0,"max_hp_loss":0,"event_name":"Accursed Blacksmith","floor":21,"gold_loss":0,"cards_upgraded":["Biased Cognition"]},{"damage_healed":0,"gold_gain":100,"player_choice":"Pray","damage_taken":0,"max_hp_gain":0,"max_hp_loss":0,"event_name":"Golden Shrine","floor":28,"gold_loss":0},{"cards_removed":["Strike_B"],"damage_healed":0,"gold_gain":0,"player_choice":"Removed Attack","damage_taken":0,"max_hp_gain":0,"max_hp_loss":0,"event_name":"Falling","floor":39,"gold_loss":0},{"damage_healed":43,"gold_gain":0,"player_choice":"Heal","damage_taken":0,"max_hp_gain":0,"max_hp_loss":0,"event_name":"MindBloom","floor":41,"gold_loss":0,"cards_obtained":["Doubt"]},{"damage_healed":0,"gold_gain":0,"player_choice":"Memory 1","damage_taken":0,"max_hp_gain":0,"max_hp_loss":0,"event_name":"SensoryStone","floor":48,"gold_loss":0}],"is_beta":false,"boss_relics":[{"not_picked":["Lizard Tail","Eternal Feather"],"picked":"Ectoplasm"},{"not_picked":["Fusion Hammer","Calling Bell"],"picked":"Sozu"}],"items_purged_floors":[13],"is_endless":false,"potions_floor_spawned":[3,6,8,20,33,35,36,38,46],"ascension_level":14}