{"gold_per_floor":[119,119,137,62,79,105,105,133,158,158,189,189,216,227,227,298,298,310,326,426,406,38,38,64,76,135,172,198,210,233,245,257,269],"floor_reached":33,"playtime":1621,"items_purged":["Strike_G"],"score":652,"play_id":"790e09ac-1e10-4098-8a67-db661bc3660f","local_time":"20181118001838","is_ascension_mode":true,"campfire_choices":[{"data":"Dagger Spray","floor":7.0,"key":"SMITH"},{"data":"Terror","floor":12.0,"key":"SMITH"},{"data":"Footwork","floor":15.0,"key":"SMITH"},{"floor":23.0,"key":"REST"},{"floor":25.0,"key":"REST"},{"data":"Wraith Form v2","floor":29.0,"key":"SMITH"},{"data":"Footwork","floor":32.0,"key":"SMITH"}],"neow_cost":"NONE","seed_source_timestamp":43298571833822,"circlet_count":0,"master_deck":["AscendersBane","Defend_G","Defend_G","Defend_G","Defend_G","Defend_G","Strike_G","Strike_G","Survivor","Neutralize","Glass Knife+1","Dagger Spray+1","Deflect","Dash","PiercingWail","Terror+1","Footwork+1","Footwork+1","Corpse Explosion","Dagger Spray+1","Escape Plan","Noxious Fumes","Wraith Form v2+1","Backstab","Shame","Masterful Stab+1","Calculated Gamble+1","Well Laid Plans","Ghostly","Ghostly","Ghostly"],"special_seed":0,"relics":["Ring of the Snake","PreservedInsect","Du-Vu Doll","Boot","Unceasing Top","Orichalcum","Cursed Key","StoneCalendar","The Courier","Bag of Marbles","MawBank","Regal Pillow","Molten Egg 2"],"potions_floor_usage":[],"damage_taken":[{"damage":0.0,"enemies":"Jaw Worm","floor":1.0,"turns":3.0},{"damage":0.0,"enemies":"2 Louse","floor":3.0,"turns":2.0},{"damage":0.0,"enemies":"Cultist","floor":5.0,"turns":3.0},{"damage":0.0,"enemies":"Gremlin Nob","floor":8.0,"turns":3.0},{"damage":4.0,"enemies":"Lagavulin","floor":11.0,"turns":4.0},{"damage":5.0,"enemies":"3 Sentries","floor":13.0,"turns":5.0},{"damage":6.0,"enemies":"Large Slime","floor":14.0,"turns":6.0},{"damage":36.0,"enemies":"The Guardian","floor":16.0,"turns":16.0},{"damage":4.0,"enemies":"Shell Parasite","floor":18.0,"turns":5.0},{"damage":0.0,"enemies":"Chosen","floor":19.0,"turns":3.0},{"damage":27.0,"enemies":"Colosseum Slavers","floor":20.0,"turns":4.0},{"damage":12.0,"enemies":"Colosseum Nobs","floor":20.0,"turns":3.0},{"damage":11.0,"enemies":"Book of Stabbing","floor":24.0,"turns":6.0},{"damage":11.0,"enemies":"Slavers","floor":27.0,"turns":4.0},{"damage":7.0,"enemies":"Centurion and Healer","floor":28.0,"turns":2.0},{"damage":0.0,"enemies":"Cultist and Chosen","floor":30.0,"turns":3.0},{"damage":33,"enemies":"Champ","floor":33,"turns":10}],"seed_played":"8802308446018817916","potions_obtained":[{"floor":5.0,"key":"SpeedPotion"},{"floor":11.0,"key":"Dexterity Potion"},{"floor":14.0,"key":"Strength Potion"},{"floor":18.0,"key":"Dexterity Potion"},{"floor":21.0,"key":"PowerPotion"},{"floor":27.0,"key":"EssenceOfSteel"}],"is_trial":false,"path_per_floor":["M","?","M","?","M","T","R","E","T","?","E","R","E","M","R","B",null,"M","M","?","?","$","R","E","R","T","E","M","R","M","?","R","B"],"character_chosen":"THE_SILENT","items_purchased":["Bag of Marbles","Noxious Fumes","Wraith Form v2"],"campfire_rested":2,"item_purchase_floors":[22,22,22],"current_hp_per_floor":[59,59,59,59,59,59,59,59,59,64,60,60,55,49,49,13,57,53,53,14,14,14,35,24,45,45,34,27,27,27,27,27,0],"gold":269,"neow_bonus":"TRANSFORM_CARD","is_prod":false,"is_daily":false,"chose_seed":false,"campfire_upgraded":5,"win_rate":0,"timestamp":1542496718,"path_taken":["M","?","M","?","?","?","R","E","T","?","E","R","E","M","R","BOSS","M","M","?","?","$","R","E","R","T","E","M","R","?","?","R","BOSS"],"build_version":"2018-11-15","purchased_purges":1,"victory":false,"max_hp_per_floor":[66,66,66,66,66,66,66,66,66,71,71,71,71,71,71,71,71,71,71,71,71,71,71,71,71,71,71,71,71,71,35,35,35],"card_choices":[{"not_picked":["Blade Dance","Bouncing Flask"],"picked":"Dagger Spray","floor":1.0},{"not_picked":["Dagger Throw","Underhanded Strike"],"picked":"Deflect","floor":3.0},{"not_picked":["Poisoned Stab","Quick Slash"],"picked":"Dash","floor":5.0},{"not_picked":["Deadly Poison","Backflip"],"picked":"PiercingWail","floor":8.0},{"not_picked":["Cloak And Dagger","Expertise"],"picked":"Terror","floor":11.0},{"not_picked":["Heel Hook","Acrobatics"],"picked":"Footwork","floor":13.0},{"not_picked":["Deflect","Accuracy"],"picked":"Footwork","floor":14.0},{"not_picked":["Grand Finale","Adrenaline"],"picked":"Corpse Explosion","floor":16.0},{"not_picked":["Poisoned Stab+1","Quick Slash"],"picked":"Dagger Spray+1","floor":18.0},{"not_picked":["Deadly Poison","Outmaneuver","Prepared"],"picked":"SKIP","floor":19.0},{"not_picked":["Quick Slash","Endless Agony"],"picked":"Escape Plan","floor":20.0},{"not_picked":["Dagger Throw","Endless Agony"],"picked":"Backstab","floor":24.0},{"not_picked":["Eviscerate","Calculated Gamble"],"picked":"Masterful Stab","floor":27.0},{"not_picked":["Masterful Stab+1","Deadly Poison"],"picked":"Calculated Gamble+1","floor":28.0},{"not_picked":["Eviscerate+1","Dodge and Roll"],"picked":"Well Laid Plans","floor":30.0}],"player_experience":1797762,"relics_obtained":[{"floor":6.0,"key":"PreservedInsect"},{"floor":8.0,"key":"Du-Vu Doll"},{"floor":9.0,"key":"Boot"},{"floor":11.0,"key":"Unceasing Top"},{"floor":13.0,"key":"Orichalcum"},{"floor":20.0,"key":"StoneCalendar"},{"floor":20.0,"key":"The Courier"},{"floor":24.0,"key":"MawBank"},{"floor":26.0,"key":"Regal Pillow"},{"floor":27.0,"key":"Molten Egg 2"}],"event_choices":[{"damage_healed":0.0,"max_hp_gain":0.0,"max_hp_loss":0.0,"gold_gain":0.0,"event_name":"Living Wall","player_choice":"Grow","floor":2.0,"gold_loss":0.0,"damage_taken":0.0,"cards_upgraded":["Glass Knife"]},{"cards_removed":["Strike_G"],"damage_healed":0.0,"max_hp_gain":0.0,"max_hp_loss":0.0,"gold_gain":0.0,"event_name":"The Cleric","player_choice":"Card Removal","floor":4.0,"gold_loss":75.0,"damage_taken":0.0},{"damage_healed":0.0,"max_hp_gain":5.0,"max_hp_loss":0.0,"gold_gain":0.0,"event_name":"Big Fish","player_choice":"Donut","floor":10.0,"gold_loss":0.0,"damage_taken":0.0},{"damage_healed":0.0,"max_hp_gain":0.0,"max_hp_loss":0.0,"gold_gain":0.0,"event_name":"Colosseum","player_choice":"Fight","floor":20.0,"gold_loss":0.0,"damage_taken":0.0},{"damage_healed":0.0,"max_hp_gain":0.0,"max_hp_loss":0.0,"gold_gain":0.0,"event_name":"Colosseum","player_choice":"Fought Nobs","floor":20.0,"gold_loss":0.0,"damage_taken":0.0},{"damage_healed":0.0,"max_hp_gain":0.0,"max_hp_loss":0.0,"gold_gain":0.0,"event_name":"The Woman in Blue","player_choice":"Bought 1 Potion","floor":21.0,"gold_loss":0.0,"damage_taken":0.0},{"damage_healed":0.0,"max_hp_gain":0.0,"max_hp_loss":36.0,"gold_gain":0.0,"event_name":"Ghosts","player_choice":"Became a Ghost","floor":31.0,"gold_loss":0.0,"damage_taken":0.0,"cards_obtained":["Ghostly","Ghostly","Ghostly"]}],"is_beta":false,"boss_relics":[{"not_picked":["WristBlade","Empty Cage"],"picked":"Cursed Key"}],"items_purged_floors":[22],"is_endless":false,"potions_floor_spawned":[5,11,14,18,20,27],"killed_by":"Champ","ascension_level":20}