{"gold_per_floor":[212,232,249,249,249,249,264,296,343,343,359,393,404,404],"floor_reached":14,"playtime":364,"items_purged":[],"score":199,"play_id":"47f4f70a-0368-4d68-9242-6233fe855574","local_time":"20190109032459","is_ascension_mode":true,"campfire_choices":[{"data":"Zap","floor":6.0,"key":"SMITH"},{"data":"Go for the Eyes","floor":10,"key":"SMITH"}],"neow_cost":"NONE","seed_source_timestamp":0,"circlet_count":0,"master_deck":["AscendersBane","Strike_B","Strike_B","Strike_B","Strike_B","Defend_B","Defend_B","Defend_B","Defend_B","Zap+1","Dualcast","BootSequence","Gash","Scrape","Aggregate","Go for the Eyes+1","Redo","Go for the Eyes","Sunder"],"special_seed":0,"relics":["Cracked Core","Bottled Flame","Ancient Tea Set","Potion Belt"],"potions_floor_usage":[12,12],"damage_taken":[{"damage":0.0,"enemies":"Cultist","floor":1.0,"turns":4.0},{"damage":2.0,"enemies":"2 Louse","floor":2.0,"turns":3.0},{"damage":0.0,"enemies":"Small Slimes","floor":3.0,"turns":3.0},{"damage":3.0,"enemies":"Blue Slaver","floor":7.0,"turns":3.0},{"damage":35.0,"enemies":"3 Sentries","floor":8.0,"turns":7.0},{"damage":4,"enemies":"3 Louse","floor":11,"turns":3},{"damage":20,"enemies":"Lagavulin","floor":12,"turns":4},{"damage":4,"enemies":"Red Slaver","floor":13,"turns":3},{"damage":12,"enemies":"Gremlin Gang","floor":14,"turns":2}],"seed_played":"3045658055111511146","potions_obtained":[{"floor":2.0,"key":"AttackPotion"},{"floor":3.0,"key":"FearPotion"},{"floor":8,"key":"SteroidPotion"}],"is_trial":false,"path_per_floor":["M","M","M","?","?","R","M","E","T","R","M","E","M","M"],"character_chosen":"DEFECT","items_purchased":[],"campfire_rested":0,"item_purchase_floors":[],"current_hp_per_floor":[64,62,62,67,76,76,73,38,38,38,34,14,10,0],"gold":404,"neow_bonus":"HUNDRED_GOLD","is_prod":false,"is_daily":false,"chose_seed":false,"campfire_upgraded":2,"win_rate":0,"timestamp":1546971899,"path_taken":["M","M","?","?","?","R","M","E","T","R","M","E","?","M"],"build_version":"2019-01-03v4","purchased_purges":0,"victory":false,"max_hp_per_floor":[71,71,71,76,76,76,76,76,76,76,76,76,76,76],"card_choices":[{"not_picked":["Turbo","Go for the Eyes"],"picked":"BootSequence","floor":1.0},{"not_picked":["Static Discharge","Go for the Eyes"],"picked":"Gash","floor":2.0},{"not_picked":["Sweeping Beam","Stack"],"picked":"Scrape","floor":3.0},{"not_picked":["Reinforced Body","Leap"],"picked":"Aggregate","floor":7.0},{"not_picked":["Coolheaded","Chill"],"picked":"Go for the Eyes","floor":8},{"not_picked":["Coolheaded","Turbo"],"picked":"Redo","floor":11},{"not_picked":["Cold Snap","Compile Driver"],"picked":"Go for the Eyes","floor":12},{"not_picked":["Darkness","Coolheaded"],"picked":"Sunder","floor":13}],"player_experience":1026383,"relics_obtained":[{"floor":8,"key":"Bottled Flame"},{"floor":9,"key":"Ancient Tea Set"},{"floor":12,"key":"Potion Belt"}],"event_choices":[{"damage_healed":0.0,"max_hp_gain":5.0,"max_hp_loss":0.0,"gold_gain":0.0,"event_name":"Big Fish","player_choice":"Donut","floor":4.0,"gold_loss":0.0,"damage_taken":0.0},{"damage_healed":9.0,"max_hp_gain":0.0,"max_hp_loss":0.0,"gold_gain":0.0,"event_name":"Wheel of Change","player_choice":"Full Heal","floor":5.0,"gold_loss":0.0,"damage_taken":0.0}],"is_beta":false,"boss_relics":[],"items_purged_floors":[],"is_endless":false,"potions_floor_spawned":[2,3,8],"killed_by":"Gremlin Gang","ascension_level":19}