{"gold_per_floor":[118,118,118,132,94,94,114,114,114,132,147,147,168,168,168,298,298,311,327,327,327,15,15,0,0,0,99,24,24,24,43,43,43],"floor_reached":33,"playtime":985,"items_purged":["Normality"],"score":326,"play_id":"23c64479-bac6-43e5-b6ac-ee915853509b","local_time":"20190201023404","is_ascension_mode":true,"campfire_choices":[{"data":"Bash","floor":6,"key":"SMITH"},{"data":"Corruption","floor":12,"key":"SMITH"},{"data":"Flame Barrier","floor":15,"key":"SMITH"},{"floor":23,"key":"DIG"},{"floor":29,"key":"REST"},{"floor":32,"key":"DIG"}],"neow_cost":"NONE","seed_source_timestamp":707365955968433,"circlet_count":0,"master_deck":["Strike_R","Strike_R","Strike_R","Strike_R","Defend_R","Defend_R","Defend_R","Defend_R","Bash+1","Power Through","Seeing Red","Corruption+1","Intimidate","Shrug It Off","Flame Barrier+1","Immolate","Juggernaut","Writhe","Writhe","Shrug It Off","True Grit+1","Shame","Shrug It Off","Iron Wave"],"relics":["Burning Blood","Boot","Bloody Idol","Letter Opener","Calling Bell","Potion Belt","Self Forming Clay","Shovel","Darkstone Periapt","Prayer Wheel","Sundial","Happy Flower","Blue Candle","The Courier","Ginger"],"potions_floor_usage":[19,19,33,33,33,33,33,33],"damage_taken":[{"damage":6,"enemies":"Cultist","floor":1,"turns":3},{"damage":6,"enemies":"2 Louse","floor":4,"turns":3},{"damage":8,"enemies":"Jaw Worm","floor":7,"turns":4},{"damage":1,"enemies":"2 Fungi Beasts","floor":10,"turns":4},{"damage":11,"enemies":"Large Slime","floor":11,"turns":9},{"damage":0,"enemies":"3 Louse","floor":13,"turns":4},{"damage":64,"enemies":"Slime Boss","floor":16,"turns":16},{"damage":16,"enemies":"3 Byrds","floor":18,"turns":4},{"damage":41,"enemies":"Spheric Guardian","floor":19,"turns":6},{"damage":43,"enemies":"Snecko","floor":31,"turns":7},{"damage":7,"enemies":"Collector","floor":33,"turns":4}],"seed_played":"8911640520779226577","potions_obtained":[{"floor":4,"key":"Weak Potion"},{"floor":10,"key":"FearPotion"},{"floor":13,"key":"EntropicBrew"},{"floor":19,"key":"Weak Potion"},{"floor":31,"key":"Dexterity Potion"}],"is_trial":false,"path_per_floor":["M","?","?","M","$","R","M","$","T","M","M","R","M","?","R","B",null,"M","M","T","?","$","R","?","?","T","?","$","R","T","M","R","B"],"character_chosen":"IRONCLAD","items_purchased":["Corruption","Prayer Wheel"],"campfire_rested":1,"item_purchase_floors":[5,22],"current_hp_per_floor":[72,72,72,72,72,72,70,70,70,75,70,70,76,76,76,18,65,55,20,20,20,20,20,20,26,26,31,31,56,56,24,24,17],"gold":43,"neow_bonus":"RANDOM_COMMON_RELIC","is_prod":false,"is_daily":false,"chose_seed":false,"campfire_upgraded":3,"win_rate":0,"timestamp":1548963244,"path_taken":["M","?","?","?","?","R","M","$","T","M","M","R","M","?","R","BOSS","M","M","?","?","$","R","?","?","T","?","?","R","?","M","R","BOSS"],"build_version":"2019-01-23","purchased_purges":1,"victory":false,"max_hp_per_floor":[80,80,80,80,80,80,80,80,80,80,80,80,80,80,80,80,80,80,80,80,80,80,80,80,86,86,86,86,86,86,86,86,86],"card_choices":[{"not_picked":["Cleave","Twin Strike"],"picked":"Power Through","floor":1},{"not_picked":["Iron Wave","Shrug It Off"],"picked":"Seeing Red","floor":4},{"not_picked":["Warcry","Heavy Blade"],"picked":"Intimidate","floor":7},{"not_picked":["Sword Boomerang","Anger","Warcry"],"picked":"SKIP","floor":10},{"not_picked":["Clothesline","Rage"],"picked":"Shrug It Off","floor":11},{"not_picked":["Twin Strike","Clash"],"picked":"Flame Barrier","floor":13},{"not_picked":["Feed","Immolate"],"picked":"Juggernaut","floor":16},{"not_picked":["Combust","Cleave"],"picked":"Shrug It Off","floor":18},{"not_picked":["Twin Strike+1","Havoc"],"picked":"True Grit+1","floor":19},{"not_picked":["Power Through","Rampage"],"picked":"Shrug It Off","floor":31},{"not_picked":["Rampage","Thunderclap+1"],"picked":"Iron Wave","floor":31}],"player_experience":300845,"relics_obtained":[{"floor":9,"key":"Letter Opener"},{"floor":17,"key":"Potion Belt"},{"floor":17,"key":"Self Forming Clay"},{"floor":17,"key":"Shovel"},{"floor":20,"key":"Darkstone Periapt"},{"floor":23,"key":"Sundial"},{"floor":26,"key":"Blue Candle"},{"floor":30,"key":"The Courier"},{"floor":32,"key":"Ginger"}],"event_choices":[{"damage_healed":0,"gold_gain":0,"player_choice":"Take Wound","damage_taken":0,"relics_obtained":["Golden Idol"],"max_hp_gain":0,"max_hp_loss":0,"event_name":"Golden Idol","floor":2,"gold_loss":0,"cards_obtained":["Injury"]},{"cards_removed":["Injury"],"damage_healed":0,"gold_gain":0,"player_choice":"Purged","damage_taken":0,"max_hp_gain":0,"max_hp_loss":0,"event_name":"Purifier","floor":3,"gold_loss":0},{"damage_healed":0,"gold_gain":0,"cards_transformed":["Strike_R"],"player_choice":"Transformed","damage_taken":0,"max_hp_gain":0,"max_hp_loss":0,"event_name":"Transmorgrifier","floor":14,"gold_loss":0,"cards_obtained":["Immolate"]},{"damage_healed":0,"gold_gain":0,"player_choice":"Gave Idol","damage_taken":0,"relics_obtained":["Bloody Idol"],"max_hp_gain":0,"max_hp_loss":0,"event_name":"Forgotten Altar","floor":21,"relics_lost":["Golden Idol"],"gold_loss":0},{"damage_healed":0,"gold_gain":0,"player_choice":"Paid Fearfully","damage_taken":0,"max_hp_gain":0,"max_hp_loss":0,"event_name":"Masked Bandits","floor":24,"gold_loss":15},{"damage_healed":0,"gold_gain":0,"player_choice":"Stole Relic","damage_taken":0,"relics_obtained":["Happy Flower"],"max_hp_gain":0,"max_hp_loss":0,"event_name":"Addict","floor":25,"gold_loss":0,"cards_obtained":["Shame"]},{"damage_healed":0,"gold_gain":99,"player_choice":"Stole From Cult","damage_taken":0,"max_hp_gain":0,"max_hp_loss":0,"event_name":"Nest","floor":27,"gold_loss":0}],"is_beta":false,"boss_relics":[{"not_picked":["Runic Dome","Coffee Dripper"],"picked":"Calling Bell"}],"items_purged_floors":[28],"is_endless":false,"potions_floor_spawned":[4,10,13,16,19,31],"killed_by":"Collector","ascension_level":8}