{"path_per_floor":["M","?","?","M","M","R","E","R","T","R","E","R","?","M","R","B",null,"M","$","M","M","?","R","E","M","T","R","M","M","M","M","R"],"character_chosen":"THE_SILENT","items_purchased":[],"gold_per_floor":[110,110,110,125,137,137,165,165,165,165,191,191,191,204,204,300,300,300,225,165,165,165,165,165,165,165,165,165,165,165,165,165,165],"floor_reached":33,"campfire_rested":5,"playtime":1516,"current_hp_per_floor":[70,63,63,63,63,63,38,38,38,59,43,43,25,25,46,46,70,70,70,70,26,26,47,36,24,24,47,44,35,29,20,43,0],"items_purged":["Strike_G"],"gold":165,"score":329,"play_id":"ec43fcf2-4deb-44af-bc5d-2b25a3519cdc","local_time":"20180408222939","is_prod":false,"is_daily":false,"is_ascension_mode":false,"campfire_upgraded":3,"timestamp":1523219379,"path_taken":["M","?","?","M","M","R","E","R","T","R","E","R","?","M","R","BOSS","M","$","M","M","?","R","E","M","T","R","M","M","M","M","R","BOSS"],"build_version":"2018-04-05v2","purchased_purges":1,"victory":false,"master_deck":["Defend_G","Defend_G","Defend_G","Defend_G","Defend_G","Strike_G","Strike_G","Strike_G","Survivor","Neutralize","Flying Knee+1","Flechettes+1","Terror+1","Noxious Fumes+1","Dodge and Roll","Deflect","Footwork","Unload","Flying Knee+1","Choke","Prepared","Caltrops","PiercingWail","Riddle With Holes"],"max_hp_per_floor":[70,70,70,70,70,70,70,70,70,70,70,70,70,70,70,70,70,70,70,70,70,70,70,77,77,77,77,77,77,77,77,77,77],"relics":["Ring of the Snake","Omamori","Shuriken","Paper Crane","Mercury Hourglass","Ectoplasm","Strawberry","Dead Branch"],"card_choices":[{"not_picked":["Dodge and Roll","Deflect"],"picked":"Flying Knee","floor":0.0},{"not_picked":["Dodge and Roll","Quick Slash"],"picked":"Flechettes","floor":1.0},{"not_picked":["Underhanded Strike","Bane"],"picked":"Terror","floor":4.0},{"not_picked":["Footwork","Heel Hook"],"picked":"Noxious Fumes","floor":5.0},{"not_picked":["Terror","Riddle With Holes"],"picked":"Dodge and Roll","floor":7.0},{"not_picked":["Reflex","Slice"],"picked":"Deflect","floor":11.0},{"not_picked":["Deadly Poison","Infinite Blades"],"picked":"Footwork","floor":14.0},{"not_picked":["Doppelganger","Burst"],"picked":"Unload","floor":16.0},{"not_picked":["Terror","Prepared"],"picked":"Flying Knee","floor":18.0},{"not_picked":["Deadly Poison","Dodge and Roll"],"picked":"Choke","floor":20.0},{"not_picked":["Crippling Poison","Underhanded Strike"],"picked":"Prepared","floor":24.0},{"not_picked":["Dagger Throw","Flying Knee"],"picked":"Caltrops","floor":25.0},{"not_picked":["Footwork","Dagger Throw"],"picked":"PiercingWail","floor":28.0},{"not_picked":["Well Laid Plans","Catalyst"],"picked":"Riddle With Holes","floor":29}],"player_experience":355639,"potions_floor_usage":[33],"damage_taken":[{"damage":0.0,"enemies":"Jaw Worm","floor":1.0,"turns":5.0},{"damage":0.0,"enemies":"Small Slimes","floor":4.0,"turns":3.0},{"damage":0.0,"enemies":"3 Louse","floor":5.0,"turns":4.0},{"damage":25.0,"enemies":"Gremlin Nob","floor":7.0,"turns":4.0},{"damage":16.0,"enemies":"3 Sentries","floor":11.0,"turns":7.0},{"damage":0.0,"enemies":"Large Slime","floor":14.0,"turns":4.0},{"damage":0.0,"enemies":"Slime Boss","floor":16.0,"turns":5.0},{"damage":0.0,"enemies":"Shell Parasite","floor":18.0,"turns":6.0},{"damage":0.0,"enemies":"2 Thieves","floor":20.0,"turns":4.0},{"damage":44.0,"enemies":"Cultist and Chosen","floor":21.0,"turns":7.0},{"damage":18.0,"enemies":"Book of Stabbing","floor":24.0,"turns":6.0},{"damage":12.0,"enemies":"Sentry and Sphere","floor":25.0,"turns":4.0},{"damage":3.0,"enemies":"Slaver and Parasite","floor":28.0,"turns":5.0},{"damage":9,"enemies":"3 Cultists","floor":29,"turns":6},{"damage":6,"enemies":"Sentry and Sphere","floor":30,"turns":6},{"damage":9,"enemies":"Cultist and Chosen","floor":31,"turns":6},{"damage":69,"enemies":"Champ","floor":33,"turns":10}],"event_choices":[{"event_name":"Golden Wing","player_choice":"Card Removal","floor":2.0,"damage_taken":0.0},{"event_name":"Liars Game","player_choice":"disagreed","floor":3.0,"damage_taken":0.0},{"event_name":"Scrap Ooze","player_choice":"success","floor":13.0,"damage_taken":18.0},{"event_name":"Upgrade Shrine","player_choice":"Upgraded","floor":22.0,"damage_taken":0.0}],"boss_relics":[],"potions_floor_spawned":[5,7,11,18,25,28],"seed_played":"5192537917759898632","killed_by":"Champ","ascension_level":0,"is_trial":false}