{"gold_per_floor":[114,129,144,219,234,264,264,264,339,339,166,116,154,173,173,298,298,317,367,27,46,65,103,103,171,171,171,171,190,209,247,247,372,372,391,391,410,10,29,67,67,105,180,199,237,237,256,275,275,275],"floor_reached":51,"playtime":2074,"items_purged":["Thunder Strike"],"score":1182,"play_id":"23803a0d-ba40-4207-a19b-742d5dc832bb","local_time":"20180812234653","daily_mods":["Shiny","Elite Swarm","Uncertain Future"],"is_ascension_mode":false,"campfire_choices":[{"data":"Hyperbeam","floor":7.0,"key":"SMITH"},{"data":"Hyperbeam","floor":10.0,"key":"SMITH"},{"floor":15.0,"key":"REST"},{"data":"Apotheosis","floor":24,"key":"SMITH"},{"data":"Seek","floor":27,"key":"SMITH"},{"data":"Hologram","floor":32,"key":"SMITH"},{"floor":46,"key":"REST"},{"floor":49,"key":"REST"}],"neow_cost":"","seed_source_timestamp":0,"circlet_count":0,"master_deck":["Multi-Cast","Hyperbeam+1","Biased Cognition","Machine Learning","Buffer","Rainbow","Seek","Echo Form","All For One","Reboot","Amplify","Creative AI","Fission","Core Surge","Gash","Beam Cell","Turbo","Hyperbeam+1","Reboot","Coolheaded","Rebound","Reboot","Leap","Go for the Eyes","Reboot+1","Turbo","Leap","Conserve Battery","Hologram+1","Apotheosis+1","FTL","Reboot","Hologram+1","Redo","Seek+1","Reboot","White Noise","Fusion+1","Hologram","Stack","Reboot","All For One","Hologram+1","Hologram","Buffer","Mayhem","Panacea","Seek","Stack","Core Surge","Coolheaded+1","Defragment+1"],"special_seed":17756,"relics":["Cracked Core","Prayer Wheel","Golden Idol","Symbiotic Virus","Nunchaku","Nuclear Battery","Oddly Smooth Stone","War Paint","Tiny Chest","Pear","Cables","Fusion Hammer","Lantern","Singing Bowl","Potion Belt","Mercury Hourglass","Frozen Egg 2","Molten Egg 2"],"potions_floor_usage":[21,23,33,42,42,47,50,50,50],"damage_taken":[{"damage":6.0,"enemies":"Cultist","floor":1.0,"turns":3.0},{"damage":0.0,"enemies":"Small Slimes","floor":2.0,"turns":1.0},{"damage":5.0,"enemies":"Jaw Worm","floor":3.0,"turns":3.0},{"damage":10.0,"enemies":"Looter","floor":5.0,"turns":2.0},{"damage":0.0,"enemies":"3 Sentries","floor":6.0,"turns":2.0},{"damage":18.0,"enemies":"Lagavulin","floor":13.0,"turns":3.0},{"damage":0.0,"enemies":"Blue Slaver","floor":14.0,"turns":1.0},{"damage":34.0,"enemies":"The Guardian","floor":16.0,"turns":6.0},{"damage":8,"enemies":"Spheric Guardian","floor":18,"turns":3},{"damage":12,"enemies":"Shell Parasite","floor":21,"turns":5},{"damage":0,"enemies":"Cultist and Chosen","floor":22,"turns":2},{"damage":0,"enemies":"Slavers","floor":23,"turns":1},{"damage":0,"enemies":"Gremlin Leader","floor":25,"turns":3},{"damage":0,"enemies":"Sentry and Sphere","floor":29,"turns":3},{"damage":0,"enemies":"Snecko","floor":30,"turns":2},{"damage":0,"enemies":"Slavers","floor":31,"turns":1},{"damage":4,"enemies":"Collector","floor":33,"turns":6},{"damage":0,"enemies":"Flame Bruiser 1 Orb","floor":35,"turns":3},{"damage":6,"enemies":"3 Darklings","floor":37,"turns":2},{"damage":8,"enemies":"Jaw Worm Horde","floor":39,"turns":2},{"damage":0,"enemies":"Giant Head","floor":40,"turns":4},{"damage":0,"enemies":"Nemesis","floor":42,"turns":5},{"damage":5,"enemies":"Snecko and Mystics","floor":44,"turns":3},{"damage":0,"enemies":"Giant Head","floor":45,"turns":4},{"damage":3,"enemies":"Transient","floor":47,"turns":5},{"damage":0,"enemies":"Flame Bruiser 2 Orb","floor":48,"turns":2},{"damage":32,"enemies":"Awakened One","floor":50,"turns":9}],"seed_played":"-9143761212453348054","potions_obtained":[{"floor":2.0,"key":"Block Potion"},{"floor":5.0,"key":"AttackPotion"},{"floor":6.0,"key":"Energy Potion"},{"floor":13.0,"key":"GamblersBrew"},{"floor":18,"key":"SkillPotion"},{"floor":21,"key":"Fire Potion"},{"floor":22,"key":"Block Potion"},{"floor":31,"key":"SkillPotion"},{"floor":37,"key":"Strength Potion"},{"floor":40,"key":"Block Potion"},{"floor":42,"key":"SteroidPotion"},{"floor":44,"key":"SpeedPotion"}],"is_trial":false,"path_per_floor":["M","M","M","?","M","E","R","?","T","R","$","?","E","M","R","B",null,"M","T","$","M","M","E","R","E","T","R","?","M","M","E","R","B",null,"M","?","M","$","M","E","?","E","T","M","E","R","M","M","R","B"],"character_chosen":"DEFECT","items_purchased":["Coolheaded","Rebound","Conserve Battery","Hologram","Apotheosis","FTL","Lantern","Singing Bowl"],"campfire_rested":3,"item_purchase_floors":[11,11,20,20,20,20,38,38],"current_hp_per_floor":[69,69,64,53,43,43,43,43,43,43,43,43,25,25,45,11,69,61,61,61,49,49,49,49,49,59,59,59,59,59,59,59,55,79,79,79,73,73,69,69,61,61,61,58,58,84,83,85,91,59],"gold":275,"neow_bonus":"","is_prod":false,"is_daily":true,"chose_seed":false,"campfire_upgraded":5,"win_rate":0,"timestamp":1534142813,"path_taken":["M","M","M","?","M","E","R","?","T","R","$","?","E","M","R","BOSS","M","?","$","?","M","E","R","E","T","R","?","M","M","E","R","BOSS","M","?","M","$","M","E","?","E","T","M","E","R","?","M","R","BOSS"],"build_version":"2018-08-08","purchased_purges":1,"victory":true,"max_hp_per_floor":[75,75,75,75,75,75,75,69,69,69,69,69,69,69,69,69,69,69,69,69,69,69,69,69,69,79,79,79,79,79,79,79,79,79,79,79,79,79,83,83,85,85,85,87,87,87,89,91,91,91],"card_choices":[{"not_picked":["Go for the Eyes","Leap"],"picked":"Gash","floor":1.0},{"not_picked":["Blizzard","Sweeping Beam"],"picked":"Beam Cell","floor":2.0},{"not_picked":["Coolheaded","Redo"],"picked":"Turbo","floor":3.0},{"not_picked":["Steam","Rebound"],"picked":"Hyperbeam","floor":5.0},{"not_picked":["Meteor Strike","Machine Learning"],"picked":"Reboot","floor":6.0},{"not_picked":["Fission","Meteor Strike"],"picked":"Reboot","floor":13.0},{"not_picked":["Lockon","Beam Cell"],"picked":"Leap","floor":14.0},{"not_picked":["Ball Lightning","Beam Cell"],"picked":"Go for the Eyes","floor":14.0},{"not_picked":["Meteor Strike","Thunder Strike"],"picked":"Reboot","floor":16.0},{"not_picked":["Blizzard","Self Repair"],"picked":"Turbo","floor":18},{"not_picked":["Aggregate","Coolheaded"],"picked":"Leap","floor":18},{"not_picked":["Streamline+1","Barrage"],"picked":"Reboot","floor":21},{"not_picked":["Heatsinks+1","Sunder"],"picked":"Hologram","floor":22},{"not_picked":["Compile Driver","Loop"],"picked":"Redo","floor":22},{"not_picked":["Amplify","Reboot"],"picked":"Seek","floor":23},{"not_picked":["Core Surge","Machine Learning"],"picked":"Reboot","floor":25},{"not_picked":["Aggregate","Redo+1"],"picked":"White Noise","floor":29},{"not_picked":["Turbo","Redo"],"picked":"Fusion+1","floor":29},{"not_picked":["Redo","Gash"],"picked":"Hologram","floor":30},{"not_picked":["Beam Cell+1","Electrodynamics"],"picked":"Stack","floor":30},{"not_picked":["Creative AI","Multi-Cast"],"picked":"Reboot","floor":31},{"not_picked":["Amplify","Multi-Cast"],"picked":"All For One","floor":33},{"not_picked":["Conserve Battery","Chill"],"picked":"Hologram+1","floor":35},{"not_picked":["Sweeping Beam","Streamline+1"],"picked":"Hologram","floor":35},{"not_picked":["Coolheaded","Genetic Algorithm","Heatsinks"],"picked":"Singing Bowl","floor":39},{"not_picked":["Leap+1","Aggregate+1","Lockon+1"],"picked":"Singing Bowl","floor":39},{"not_picked":["Amplify","Reboot"],"picked":"Buffer","floor":40},{"not_picked":["Good Instincts","Finesse"],"picked":"Mayhem","floor":41},{"not_picked":["Good Instincts","Purity"],"picked":"Panacea","floor":41},{"not_picked":["Purity","Discovery","Impatience"],"picked":"Singing Bowl","floor":41},{"not_picked":["Creative AI","Machine Learning"],"picked":"Seek","floor":42},{"not_picked":["Steam Power+1","Streamline"],"picked":"Stack","floor":44},{"not_picked":["Sweeping Beam","Rip and Tear+1","Barrage"],"picked":"Singing Bowl","floor":44},{"not_picked":["Fission","Creative AI+1"],"picked":"Core Surge","floor":45},{"not_picked":["Coolheaded","Barrage+1","Leap+1"],"picked":"Singing Bowl","floor":47},{"not_picked":["Gash+1","Rebound+1"],"picked":"Coolheaded+1","floor":47},{"not_picked":["Rebound+1","Gash+1","Storm+1"],"picked":"Singing Bowl","floor":48},{"not_picked":["Sweeping Beam+1","Storm+1"],"picked":"Defragment+1","floor":48}],"player_experience":811403,"relics_obtained":[{"floor":6.0,"key":"Prayer Wheel"},{"floor":9.0,"key":"Symbiotic Virus"},{"floor":13.0,"key":"Nunchaku"},{"floor":19,"key":"Oddly Smooth Stone"},{"floor":23,"key":"War Paint"},{"floor":25,"key":"Tiny Chest"},{"floor":26,"key":"Pear"},{"floor":31,"key":"Cables"},{"floor":40,"key":"Potion Belt"},{"floor":42,"key":"Mercury Hourglass"},{"floor":43,"key":"Frozen Egg 2"},{"floor":45,"key":"Molten Egg 2"}],"event_choices":[{"event_name":"World of Goop","player_choice":"Gather Gold","floor":4.0,"damage_taken":0.0},{"event_name":"Golden Idol","player_choice":"Lose Max HP","floor":8.0,"damage_taken":0.0},{"event_name":"The Cleric","player_choice":"Card Removal","floor":12.0,"damage_taken":0.0},{"event_name":"Vampires","player_choice":"Ignored","floor":28,"damage_taken":0},{"event_name":"Falling","player_choice":"Removed Power","floor":36,"damage_taken":0},{"event_name":"SensoryStone","player_choice":"Memory 3","floor":41,"damage_taken":0}],"is_beta":true,"boss_relics":[{"not_picked":["FrozenCore","Empty Cage"],"picked":"Nuclear Battery"},{"not_picked":["Calling Bell","Orrery"],"picked":"Fusion Hammer"}],"items_purged_floors":[11],"is_endless":false,"potions_floor_spawned":[2,5,6,13,18,21,22,31,37,40,42,44],"ascension_level":0}