{"gold_per_floor":[218,231,231,250,250,280,280,205,205,205,215,215,235,247,247,350,350,370,104,118,132,146,180,180,180,205,235,185,200,200,299,299,404,404,420,420,439,122,72,72,85,118,118,68,68,18,30,60,60,60,60,60,10,42,42],"floor_reached":56,"playtime":1766,"items_purged":["Strike_R","Strike_R","Strike_R","Strike_R","Clash","Bash","Fiend Fire+1","Defend_R"],"score":1420,"play_id":"42cd1c42-5aa3-4b64-9ebc-36aa38be3a2e","local_time":"20190130231759","is_ascension_mode":false,"campfire_choices":[{"data":"Spot Weakness","floor":7.0,"key":"SMITH"},{"data":"Disarm","floor":10.0,"key":"SMITH"},{"data":"Dual Wield","floor":12.0,"key":"SMITH"},{"data":"Battle Trance","floor":15.0,"key":"SMITH"},{"data":"Fiend Fire","floor":25.0,"key":"SMITH"},{"data":"Shrug It Off","floor":30.0,"key":"SMITH"},{"data":"Panache","floor":32.0,"key":"SMITH"},{"data":"Second Wind","floor":40.0,"key":"SMITH"},{"data":"Master of Strategy","floor":45,"key":"SMITH"},{"floor":49,"key":"RECALL"},{"data":"Flash of Steel","floor":52,"key":"SMITH"}],"neow_cost":"NONE","seed_source_timestamp":41784616658363,"circlet_count":0,"master_deck":["Defend_R","Defend_R","Defend_R","Disarm+1","Spot Weakness+1","Flash of Steel+1","Shrug It Off+1","Dual Wield+1","Battle Trance+1","Panache+1","Shrug It Off+1","Second Wind+1","Master of Strategy+1"],"special_seed":0,"relics":["Burning Blood","Meat on the Bone","Potion Belt","Runic Pyramid","Kunai","Smiling Mask","Anchor","Black Star","Shuriken","Orichalcum","Pocketwatch","Lantern","Ornamental Fan","Mummified Hand"],"potions_floor_usage":[42,42,55],"damage_taken":[{"damage":4.0,"enemies":"2 Louse","floor":1.0,"turns":3.0},{"damage":1.0,"enemies":"Cultist","floor":2.0,"turns":4.0},{"damage":7.0,"enemies":"Small Slimes","floor":4.0,"turns":3.0},{"damage":30.0,"enemies":"Gremlin Nob","floor":6.0,"turns":5.0},{"damage":12.0,"enemies":"Exordium Thugs","floor":11.0,"turns":4.0},{"damage":8.0,"enemies":"Red Slaver","floor":13.0,"turns":4.0},{"damage":6.0,"enemies":"Exordium Wildlife","floor":14.0,"turns":4.0},{"damage":7.0,"enemies":"Hexaghost","floor":16.0,"turns":10.0},{"damage":0.0,"enemies":"Shell Parasite","floor":18.0,"turns":2.0},{"damage":12.0,"enemies":"2 Thieves","floor":20.0,"turns":3.0},{"damage":15.0,"enemies":"Shelled Parasite and Fungi","floor":21.0,"turns":3.0},{"damage":0.0,"enemies":"Snecko","floor":22.0,"turns":2.0},{"damage":27.0,"enemies":"Slavers","floor":23.0,"turns":5.0},{"damage":18.0,"enemies":"Gremlin Leader","floor":27.0,"turns":4.0},{"damage":12.0,"enemies":"Snake Plant","floor":29.0,"turns":3.0},{"damage":22.0,"enemies":"Automaton","floor":33.0,"turns":3.0},{"damage":24.0,"enemies":"3 Darklings","floor":35.0,"turns":3.0},{"damage":0.0,"enemies":"3 Shapes","floor":37.0,"turns":5.0},{"damage":2.0,"enemies":"Jaw Worm Horde","floor":41.0,"turns":4.0},{"damage":0,"enemies":"Reptomancer","floor":42,"turns":3},{"damage":0,"enemies":"Spire Growth","floor":47,"turns":3},{"damage":0,"enemies":"Nemesis","floor":48,"turns":5},{"damage":0,"enemies":"Donu and Deca","floor":50,"turns":3},{"damage":0,"enemies":"Shield and Spear","floor":54,"turns":3},{"damage":0,"enemies":"The Heart","floor":55,"turns":5}],"seed_played":"-8821771611206228800","potions_obtained":[{"floor":2.0,"key":"FearPotion"},{"floor":3.0,"key":"GamblersBrew"},{"floor":3.0,"key":"Poison Potion"},{"floor":11.0,"key":"Strength Potion"},{"floor":21.0,"key":"SpeedPotion"},{"floor":22.0,"key":"SpeedPotion"},{"floor":29.0,"key":"Weak Potion"},{"floor":41.0,"key":"Swift Potion"},{"floor":47,"key":"Strength Potion"}],"is_trial":false,"path_per_floor":["M","M","?","M","?","E","R","$","T","R","M","R","M","M","R","B",null,"M","$","M","M","M","E","?","R","T","E","$","M","R","?","R","B",null,"M","?","M","$","$","R","M","E","T","$","R","$","M","E","R","B",null,"R","$","E","B",null],"character_chosen":"IRONCLAD","items_purchased":["Panache","Second Wind","Master of Strategy"],"campfire_rested":0,"item_purchase_floors":[19,38,38],"current_hp_per_floor":[80,80,80,79,79,55,55,55,55,55,49,49,47,47,47,58,80,80,80,74,65,71,50,50,50,50,50,50,56,56,56,56,52,80,62,62,68,68,68,68,72,78,78,78,78,78,80,80,80,80,80,80,80,80,80],"gold":42,"neow_bonus":"HUNDRED_GOLD","is_prod":false,"is_daily":false,"chose_seed":false,"campfire_upgraded":10,"win_rate":0,"timestamp":1548857879,"path_taken":["M","M","?","?","?","E","R","?","T","R","?","R","M","M","R","BOSS","M","$","M","M","M","E","?","R","T","E","$","M","R","?","R","BOSS","M","?","M","?","$","R","M","E","T","$","R","$","?","E","R","BOSS","R","$","E","BOSS"],"build_version":"2019-01-23","purchased_purges":8,"victory":true,"max_hp_per_floor":[80,80,80,80,80,80,80,80,80,80,80,80,80,80,80,80,80,80,80,80,80,80,80,80,80,80,80,80,80,80,80,80,80,80,80,80,80,80,80,80,80,80,80,80,80,80,80,80,80,80,80,80,80,80,80],"card_choices":[{"not_picked":["Thunderclap","Blood for Blood"],"picked":"Clash","floor":1.0},{"not_picked":["Armaments","Warcry"],"picked":"Disarm","floor":2.0},{"not_picked":["Anger","Armaments"],"picked":"Spot Weakness","floor":4.0},{"not_picked":["Armaments","Dropkick"],"picked":"Shrug It Off","floor":6.0},{"not_picked":["Anger","Twin Strike"],"picked":"Dual Wield","floor":11.0},{"not_picked":["Wild Strike","Dual Wield","Rampage"],"picked":"SKIP","floor":13.0},{"not_picked":["Uppercut","Twin Strike"],"picked":"Battle Trance","floor":14.0},{"not_picked":["Double Tap","Juggernaut"],"picked":"Fiend Fire","floor":16.0},{"not_picked":["Pommel Strike+1","Sever Soul+1","Havoc+1"],"picked":"SKIP","floor":18.0},{"not_picked":["Clothesline","Pommel Strike+1","Reckless Charge"],"picked":"SKIP","floor":20.0},{"not_picked":["Headbutt","Sever Soul","Spot Weakness+1"],"picked":"SKIP","floor":21.0},{"not_picked":["Anger","Ghostly Armor","Dual Wield"],"picked":"SKIP","floor":22.0},{"not_picked":["Dark Embrace","Metallicize+1","Shockwave"],"picked":"SKIP","floor":23.0},{"not_picked":["Warcry","Metallicize","Demon Form"],"picked":"SKIP","floor":27.0},{"not_picked":["Havoc+1","Disarm","Seeing Red"],"picked":"SKIP","floor":29.0},{"not_picked":["Uppercut+1","Cleave+1"],"picked":"Shrug It Off+1","floor":35.0},{"not_picked":["Iron Wave","True Grit+1","Fire Breathing+1"],"picked":"SKIP","floor":37.0},{"not_picked":["Rampage","Clothesline","Hemokinesis"],"picked":"SKIP","floor":41.0},{"not_picked":["Juggernaut","Shockwave","Sentinel+1"],"picked":"SKIP","floor":42},{"not_picked":["Juggernaut","Shockwave","Sentinel+1"],"picked":"SKIP","floor":42},{"not_picked":["Havoc+1","Headbutt","Body Slam+1"],"picked":"SKIP","floor":47},{"not_picked":["Infernal Blade","Armaments","Sword Boomerang+1"],"picked":"SKIP","floor":48},{"not_picked":["Bludgeon","Blood for Blood+1","Cleave"],"picked":"SKIP","floor":54}],"player_experience":1037490,"relics_obtained":[{"floor":6.0,"key":"Meat on the Bone"},{"floor":9.0,"key":"Potion Belt"},{"floor":23.0,"key":"Kunai"},{"floor":26.0,"key":"Smiling Mask"},{"floor":27.0,"key":"Anchor"},{"floor":42,"key":"Shuriken"},{"floor":42,"key":"Orichalcum"},{"floor":48,"key":"Pocketwatch"},{"floor":48,"key":"Lantern"},{"floor":54,"key":"Ornamental Fan"},{"floor":54,"key":"Mummified Hand"}],"event_choices":[{"damage_healed":0.0,"max_hp_gain":0.0,"max_hp_loss":0.0,"gold_gain":0.0,"event_name":"Lab","player_choice":"Got Potions","floor":3.0,"gold_loss":0.0,"damage_taken":0.0},{"damage_healed":0.0,"max_hp_gain":0.0,"max_hp_loss":0.0,"gold_gain":0.0,"event_name":"Match and Keep!","player_choice":"1 cards matched","floor":5.0,"gold_loss":0.0,"damage_taken":0.0,"cards_obtained":["Flash of Steel"]},{"cards_removed":["Strike_R"],"damage_healed":0.0,"max_hp_gain":0.0,"max_hp_loss":0.0,"gold_gain":0.0,"event_name":"Back to Basics","player_choice":"Elegance","floor":24.0,"gold_loss":0.0,"damage_taken":0.0},{"damage_healed":0.0,"max_hp_gain":0.0,"max_hp_loss":0.0,"gold_gain":99.0,"event_name":"Nest","player_choice":"Stole From Cult","floor":31.0,"gold_loss":0.0,"damage_taken":0.0},{"damage_healed":0.0,"max_hp_gain":0.0,"max_hp_loss":0.0,"gold_gain":0.0,"event_name":"SecretPortal","player_choice":"Ignored","floor":36.0,"gold_loss":0.0,"damage_taken":0.0}],"is_beta":false,"boss_relics":[{"not_picked":["Runic Dome","Eternal Feather"],"picked":"Runic Pyramid"},{"not_picked":["Fusion Hammer","Philosopher\u0027s Stone"],"picked":"Black Star"}],"items_purged_floors":[8,19,28,38,39,44,46,53],"is_endless":false,"potions_floor_spawned":[2,4,11,21,22,29,33,41,47],"ascension_level":0}