{"gold_per_floor":[110,110,125,200,125,144,144,179,179,179,205,221,221,239,239,339,339,352,352,352,352,363,363,373,373,373,373,373,373,393,1,1,106,106,120,120,120,137,155,165,182,182],"floor_reached":42,"playtime":2773,"items_purged":["Strike_G"],"score":408,"play_id":"509ab27a-6839-4aab-b920-0ae60e839703","local_time":"20181020134422","is_ascension_mode":false,"campfire_choices":[{"data":"Infinite Blades","floor":7,"key":"SMITH"},{"floor":10,"key":"REST"},{"data":"Die Die Die","floor":13,"key":"SMITH"},{"floor":15,"key":"REST"},{"data":"Crippling Poison","floor":23,"key":"SMITH"},{"data":"All Out Attack","floor":25,"key":"SMITH"},{"data":"Leg Sweep","floor":27,"key":"SMITH"},{"data":"Neutralize","floor":29,"key":"SMITH"},{"floor":32,"key":"REST"}],"neow_cost":"NONE","seed_source_timestamp":761650910157250,"circlet_count":0,"master_deck":["Defend_G","Defend_G","Defend_G","Strike_G","Strike_G","Survivor","Neutralize+1","Adrenaline","Leg Sweep+1","Catalyst","Dagger Throw","Infinite Blades+1","Die Die Die+1","Flying Knee","Eviscerate+1","Distraction+1","After Image+1","Backflip","Crippling Poison+1","Backflip","All Out Attack+1","Quick Slash","Sadistic Nature","Envenom","Dash+1","Panache","Madness","Madness","Cloak And Dagger+1","Riddle With Holes+1","Noxious Fumes+1"],"relics":["Ring of the Snake","Thread and Needle","Ninja Scroll","Bag of Marbles","Astrolabe","MutagenicStrength","Enchiridion","Pantograph","ClockworkSouvenir","WristBlade"],"potions_floor_usage":[8,11,12,16,22,33,42],"damage_taken":[{"damage":0,"enemies":"2 Louse","floor":1,"turns":2},{"damage":0,"enemies":"Cultist","floor":3,"turns":6},{"damage":5,"enemies":"Jaw Worm","floor":6,"turns":4},{"damage":22,"enemies":"3 Sentries","floor":8,"turns":8},{"damage":11,"enemies":"Gremlin Nob","floor":11,"turns":5},{"damage":0,"enemies":"Looter","floor":12,"turns":2},{"damage":0,"enemies":"2 Fungi Beasts","floor":14,"turns":1},{"damage":33,"enemies":"Slime Boss","floor":16,"turns":15},{"damage":0,"enemies":"2 Thieves","floor":18,"turns":3},{"damage":0,"enemies":"3 Byrds","floor":22,"turns":1},{"damage":0,"enemies":"Snecko","floor":24,"turns":3},{"damage":4,"enemies":"Snake Plant","floor":30,"turns":3},{"damage":54,"enemies":"Champ","floor":33,"turns":10},{"damage":3,"enemies":"Orb Walker","floor":35,"turns":2},{"damage":8,"enemies":"3 Darklings","floor":38,"turns":3},{"damage":0,"enemies":"Spire Growth","floor":39,"turns":3},{"damage":14,"enemies":"4 Shapes","floor":40,"turns":3},{"damage":19,"enemies":"Writhing Mass","floor":41,"turns":5},{"damage":41,"enemies":"Reptomancer","floor":42,"turns":2}],"seed_played":"1141153606545321575","potions_obtained":[{"floor":1,"key":"AttackPotion"},{"floor":8,"key":"FearPotion"},{"floor":11,"key":"Weak Potion"},{"floor":14,"key":"Block Potion"},{"floor":18,"key":"Explosive Potion"},{"floor":30,"key":"SteroidPotion"},{"floor":35,"key":"Swift Potion"},{"floor":41,"key":"Weak Potion"}],"is_trial":false,"path_per_floor":["M","?","M","?","$","M","R","E","T","R","E","M","R","M","R","B",null,"M","?","?","?","M","R","M","R","T","R","?","R","M","$","R","B",null,"M","?","?","M","M","M","M"],"character_chosen":"THE_SILENT","items_purchased":["Sadistic Nature","ClockworkSouvenir"],"campfire_rested":3,"item_purchase_floors":[31,31],"current_hp_per_floor":[70,70,70,59,59,54,54,32,32,53,42,42,42,42,63,30,70,70,70,70,54,54,54,54,54,54,54,41,41,37,37,59,21,75,72,72,63,55,55,41,22,0],"gold":182,"neow_bonus":"ONE_RANDOM_RARE_CARD","is_prod":false,"is_daily":false,"chose_seed":false,"campfire_upgraded":6,"win_rate":0.0,"timestamp":1539996262,"path_taken":["M","?","?","?","$","M","R","E","T","R","E","M","R","M","R","BOSS","M","?","?","?","M","R","M","R","T","R","?","R","M","$","R","BOSS","M","?","?","M","?","M","M","E"],"build_version":"2018-10-18","purchased_purges":1,"victory":false,"max_hp_per_floor":[70,70,70,70,70,70,70,70,70,70,70,70,70,70,70,70,70,70,70,70,70,70,70,70,70,70,70,75,75,75,75,75,75,75,75,75,75,75,75,75,75,75],"card_choices":[{"not_picked":["Dagger Throw","Eviscerate"],"picked":"Leg Sweep","floor":1},{"not_picked":["Flying Knee","Acrobatics"],"picked":"Dagger Throw","floor":3},{"not_picked":["Dagger Throw","Footwork"],"picked":"Infinite Blades","floor":6},{"not_picked":["Well Laid Plans","Cloak And Dagger","Dash"],"picked":"SKIP","floor":8},{"not_picked":["Blade Dance","Dagger Spray"],"picked":"Die Die Die","floor":11},{"not_picked":["All Out Attack","Underhanded Strike"],"picked":"Flying Knee","floor":12},{"not_picked":["Blade Dance","Dagger Throw","Riddle With Holes"],"picked":"SKIP","floor":14},{"not_picked":["Acrobatics","Dodge and Roll"],"picked":"Backflip","floor":18},{"not_picked":["Outmaneuver","Tactician"],"picked":"Backflip","floor":22},{"not_picked":["Deflect","Sucker Punch"],"picked":"All Out Attack","floor":24},{"not_picked":["Calculated Gamble+1","Terror"],"picked":"Quick Slash","floor":30},{"not_picked":["Storm of Steel","Doppelganger"],"picked":"Envenom","floor":33},{"not_picked":["Eviscerate","PiercingWail+1"],"picked":"Dash+1","floor":35},{"not_picked":["Deep Breath","Forethought"],"picked":"Panache","floor":36},{"not_picked":["Flying Knee+1","Backflip"],"picked":"Cloak And Dagger+1","floor":38},{"not_picked":["Endless Agony+1","Prepared+1"],"picked":"Riddle With Holes+1","floor":39},{"not_picked":["Distraction+1","Crippling Poison"],"picked":"Noxious Fumes+1","floor":40},{"not_picked":["Cloak And Dagger","Predator","Well Laid Plans+1"],"picked":"SKIP","floor":41}],"player_experience":117496,"relics_obtained":[{"floor":8,"key":"Thread and Needle"},{"floor":9,"key":"Ninja Scroll"},{"floor":11,"key":"Bag of Marbles"},{"floor":21,"key":"Enchiridion"},{"floor":26,"key":"Pantograph"}],"event_choices":[{"damage_healed":0,"gold_gain":0,"cards_transformed":["Defend_G"],"player_choice":"Transformed","damage_taken":0,"max_hp_gain":0,"max_hp_loss":0,"event_name":"Transmorgrifier","floor":2,"gold_loss":0,"cards_obtained":["Catalyst"]},{"damage_healed":0,"gold_gain":75,"player_choice":"Gather Gold","damage_taken":11,"max_hp_gain":0,"max_hp_loss":0,"event_name":"World of Goop","floor":4,"gold_loss":0},{"damage_healed":0,"gold_gain":0,"player_choice":"Inject Mutagens","damage_taken":0,"relics_obtained":["MutagenicStrength"],"max_hp_gain":0,"max_hp_loss":0,"event_name":"Drug Dealer","floor":19,"gold_loss":0},{"damage_healed":0,"gold_gain":0,"player_choice":"Read","damage_taken":0,"max_hp_gain":0,"max_hp_loss":0,"event_name":"The Library","floor":20,"gold_loss":0,"cards_obtained":["Crippling Poison"]},{"damage_healed":0,"gold_gain":0,"player_choice":"Obtained Book","damage_taken":16,"max_hp_gain":0,"max_hp_loss":0,"event_name":"Cursed Tome","floor":21,"gold_loss":0},{"damage_healed":0,"gold_gain":0,"player_choice":"Shed Blood","damage_taken":18,"max_hp_gain":5,"max_hp_loss":0,"event_name":"Forgotten Altar","floor":28,"gold_loss":0},{"damage_healed":0,"gold_gain":0,"player_choice":"Memory 1","damage_taken":0,"max_hp_gain":0,"max_hp_loss":0,"event_name":"SensoryStone","floor":36,"gold_loss":0},{"damage_healed":0,"gold_gain":0,"player_choice":"Embrace Madness","damage_taken":9,"max_hp_gain":0,"max_hp_loss":0,"event_name":"Winding Halls","floor":37,"gold_loss":0,"cards_obtained":["Madness","Madness"]}],"is_beta":false,"boss_relics":[{"not_picked":["Ectoplasm","Tiny House"],"picked":"Astrolabe"},{"not_picked":["Eternal Feather","White Beast Statue"],"picked":"WristBlade"}],"items_purged_floors":[5],"is_endless":false,"potions_floor_spawned":[1,8,11,14,18,30,35,41],"killed_by":"Reptomancer","ascension_level":0}