{"gold_per_floor":[110,110,20,20,20,20,37,54,132,132,164,183,183,211,211,282,282,300,223,46,61,61],"floor_reached":22,"playtime":1145,"items_purged":[],"score":336,"play_id":"745c2fd1-7fc6-4a8f-9843-0b03eb0295ab","local_time":"20180716010615","is_ascension_mode":true,"campfire_choices":[{"data":"Self Repair","floor":6,"key":"SMITH"},{"data":"Leap","floor":10,"key":"SMITH"},{"data":"Capacitor","floor":15,"key":"SMITH"}],"neow_cost":"NONE","seed_source_timestamp":343517951814299,"circlet_count":0,"master_deck":["Strike_B","Strike_B","Strike_B","Defend_B","Defend_B","Defend_B","Defend_B","Zap","Dualcast","AscendersBane","Capacitor+1","Self Repair+1","Go for the Eyes+1","Leap+1","Conserve Battery","Glacier","Chill","Seek","Buffer","Cold Snap","J.A.X.","Defragment","Melter","Hologram","Ball Lightning"],"relics":["Lizard Tail","Bird Faced Urn","Tiny Chest","Omamori","Strawberry","Snecko Eye"],"potions_floor_usage":[16,16,18,22],"damage_taken":[{"damage":4,"enemies":"2 Louse","floor":1,"turns":3},{"damage":2,"enemies":"Cultist","floor":7,"turns":4},{"damage":7,"enemies":"Jaw Worm","floor":8,"turns":4},{"damage":40,"enemies":"3 Sentries","floor":11,"turns":13},{"damage":5,"enemies":"2 Fungi Beasts","floor":12,"turns":6},{"damage":7,"enemies":"Lagavulin","floor":14,"turns":12},{"damage":64,"enemies":"Slime Boss","floor":16,"turns":20},{"damage":6,"enemies":"Shell Parasite","floor":18,"turns":16},{"damage":3,"enemies":"Chosen","floor":21,"turns":11},{"damage":82,"enemies":"3 Cultists","floor":22,"turns":7}],"seed_played":"8883826534607632827","potions_obtained":[{"floor":11,"key":"Strength Potion"},{"floor":12,"key":"Explosive Potion"},{"floor":13,"key":"Block Potion"},{"floor":16,"key":"Poison Potion"},{"floor":18,"key":"Ancient Potion"},{"floor":21,"key":"Weak Potion"}],"is_trial":false,"path_per_floor":["M","?","$","?","?","R","M","M","T","R","E","M","?","E","R","B",null,"M","?","$","M"],"character_chosen":"DEFECT","items_purchased":["Self Repair","Go for the Eyes","Defragment","Melter","Hologram"],"campfire_rested":0,"item_purchase_floors":[3,3,20,20,20],"current_hp_per_floor":[60,60,60,60,42,42,54,59,59,59,33,42,42,56,56,45,70,78,78,78,78,0],"gold":61,"neow_bonus":"BOSS_RELIC","is_prod":false,"is_daily":false,"chose_seed":false,"campfire_upgraded":3,"win_rate":0,"timestamp":1531728375,"path_taken":["M","?","$","?","?","R","M","M","T","R","E","M","?","E","R","BOSS","M","?","$","M","M"],"build_version":"2018-07-13","purchased_purges":0,"victory":false,"max_hp_per_floor":[71,71,71,71,71,71,71,71,71,71,71,71,71,78,78,78,78,78,78,78,78,78],"card_choices":[{"not_picked":["Beam Cell","Ball Lightning"],"picked":"Capacitor","floor":1},{"not_picked":["Sunder","Stack"],"picked":"Leap","floor":7},{"not_picked":["Double Energy","Reprogram"],"picked":"Conserve Battery","floor":8},{"not_picked":["Machine Learning","Go for the Eyes"],"picked":"Glacier","floor":11},{"not_picked":["Double Energy","Compile Driver"],"picked":"Chill","floor":12},{"not_picked":["Chill","Steam Power"],"picked":"Seek","floor":14},{"not_picked":["Meteor Strike","Hyperbeam"],"picked":"Buffer","floor":16},{"not_picked":["Stack","Fusion"],"picked":"Cold Snap","floor":18},{"not_picked":["Turbo","Compile Driver+1"],"picked":"Ball Lightning","floor":21}],"player_experience":660280,"relics_obtained":[{"floor":9,"key":"Tiny Chest"},{"floor":11,"key":"Omamori"},{"floor":14,"key":"Strawberry"}],"event_choices":[{"event_name":"Bonfire Elementals","player_choice":"BASIC","floor":2,"damage_taken":0},{"event_name":"Accursed Blacksmith","player_choice":"Forge","floor":4,"damage_taken":0},{"event_name":"Scrap Ooze","player_choice":"success","floor":5,"damage_taken":18},{"event_name":"The Lab","player_choice":"Got Potions","floor":13,"damage_taken":0},{"event_name":"Drug Dealer","player_choice":"Got JAXXED","floor":19,"damage_taken":0}],"boss_relics":[{"not_picked":["White Beast Statue","Ectoplasm"],"picked":"Snecko Eye"}],"items_purged_floors":[],"is_endless":false,"potions_floor_spawned":[11,12,16,18,21],"killed_by":"3 Cultists","ascension_level":15}