{"gold_per_floor":[13,13,13,13,13,52,52,91,91,91,134,134,150,176,176,272,272,293,14,32,45,60,60,91,91,91,135,149,170,231,231,231,329,329,350,8,26,26,42,73,73,114,114,128,128,128,162,0,0,0],"floor_reached":51,"playtime":3942,"items_purged":["Strike_B","Strike_B"],"score":1397,"play_id":"a7a09b8c-b978-4487-9739-f21035dc1a10","local_time":"20180910233205","is_ascension_mode":true,"campfire_choices":[{"data":"Sunder","floor":7.0,"key":"SMITH"},{"floor":10.0,"key":"REST"},{"data":"Zap","floor":12.0,"key":"SMITH"},{"data":"Coolheaded","floor":15.0,"key":"SMITH"},{"data":"Biased Cognition","floor":23,"key":"SMITH"},{"data":"Turbo","floor":25,"key":"SMITH"},{"data":"Consume","floor":32,"key":"SMITH"},{"floor":41,"key":"REST"},{"floor":45,"key":"REST"},{"floor":49,"key":"REST"}],"neow_cost":"NO_GOLD","seed_source_timestamp":11852431187618,"circlet_count":0,"master_deck":["Strike_B+1","Strike_B+1","Defend_B+1","Defend_B+1","Defend_B+1","Defend_B+1","Zap+1","Dualcast+1","AscendersBane","Coolheaded+1","Sunder+1","Chill+1","Core Surge+1","Go for the Eyes+1","Biased Cognition+1","Glacier+1","Ball Lightning+1","Turbo+1","Conserve Battery+1","Beam Cell+1","Leap+1","Cold Snap+1","Hologram+1","Buffer+1","Consume+1","Coolheaded+1","Rainbow+1","Steam Power+1","Compile Driver+1","Madness+1","Madness+1","Aggregate+1","Barrage+1","Doom and Gloom+1","Rebound+1","Tempest+1","Hologram+1","Metamorphosis"],"special_seed":0,"relics":["Cracked Core","Torii","Golden Idol","Happy Flower","Bottled Lightning","Anchor","Strawberry","Dream Catcher","Inserter","Blood Vial","Bag of Marbles","Symbiotic Virus","Boot","Tiny Chest","Fusion Hammer","Letter Opener","War Paint","Mercury Hourglass","The Courier","Mark of the Bloom","Matryoshka"],"potions_floor_usage":[16,24,27,33,40,50],"damage_taken":[{"damage":11.0,"enemies":"Small Slimes","floor":1.0,"turns":4.0},{"damage":22.0,"enemies":"3 Sentries","floor":6.0,"turns":11.0},{"damage":29.0,"enemies":"Gremlin Nob","floor":8.0,"turns":4.0},{"damage":2.0,"enemies":"3 Sentries","floor":11.0,"turns":6.0},{"damage":0.0,"enemies":"Jaw Worm","floor":13.0,"turns":2.0},{"damage":7,"enemies":"Slime Boss","floor":16,"turns":11},{"damage":0,"enemies":"Spheric Guardian","floor":18,"turns":3},{"damage":0,"enemies":"Chosen","floor":20,"turns":4},{"damage":0,"enemies":"3 Cultists","floor":21,"turns":7},{"damage":1,"enemies":"Centurion and Healer","floor":22,"turns":8},{"damage":1,"enemies":"Slavers","floor":24,"turns":4},{"damage":11,"enemies":"Gremlin Leader","floor":27,"turns":11},{"damage":0,"enemies":"Snake Plant","floor":28,"turns":4},{"damage":1,"enemies":"Snecko","floor":29,"turns":3},{"damage":9,"enemies":"Book of Stabbing","floor":30,"turns":5},{"damage":45,"enemies":"Collector","floor":33,"turns":16},{"damage":0,"enemies":"3 Shapes","floor":35,"turns":4},{"damage":0,"enemies":"Orb Walker","floor":37,"turns":2},{"damage":0,"enemies":"3 Darklings","floor":39,"turns":6},{"damage":10,"enemies":"Giant Head","floor":40,"turns":9},{"damage":0,"enemies":"Nemesis","floor":42,"turns":7},{"damage":0,"enemies":"4 Shapes","floor":44,"turns":3},{"damage":40,"enemies":"2 Orb Walkers","floor":47,"turns":5},{"damage":12,"enemies":"Awakened One","floor":50,"turns":12}],"seed_played":"2859517650148499203","potions_obtained":[{"floor":6.0,"key":"Regen Potion"},{"floor":11.0,"key":"SpeedPotion"},{"floor":13.0,"key":"FearPotion"},{"floor":16,"key":"FearPotion"},{"floor":18,"key":"AttackPotion"},{"floor":24,"key":"SkillPotion"},{"floor":29,"key":"Ancient Potion"},{"floor":37,"key":"FairyPotion"},{"floor":47,"key":"Strength Potion"}],"is_trial":false,"path_per_floor":["M","?","?","?","?","E","R","E","T","R","E","R","M","T","R","B",null,"M","$","M","M","M","R","E","R","T","E","M","M","E","?","R","B",null,"M","$","M","?","M","E","R","E","T","M","R","?","E","$","R","B"],"character_chosen":"DEFECT","items_purchased":["Blood Vial","Ball Lightning","Letter Opener","Metamorphosis"],"campfire_rested":4,"item_purchase_floors":[19,19,36,48],"current_hp_per_floor":[53,53,53,53,53,31,31,14,14,35,40,40,40,40,40,33,67,67,67,69,71,72,72,73,73,73,64,66,67,60,60,60,17,63,65,65,67,53,55,47,70,72,72,74,78,78,38,38,38,26],"gold":0,"neow_bonus":"ONE_RARE_RELIC","is_prod":false,"is_daily":false,"chose_seed":false,"campfire_upgraded":6,"win_rate":0,"timestamp":1536615125,"path_taken":["M","?","?","?","?","E","R","E","T","R","E","R","?","?","R","BOSS","M","$","M","M","M","R","E","R","T","E","?","M","E","?","R","BOSS","M","$","M","?","M","E","R","E","T","?","R","?","E","$","R","BOSS"],"build_version":"2018-09-06","purchased_purges":2,"victory":true,"max_hp_per_floor":[71,71,71,71,71,71,71,71,71,71,78,78,78,78,78,78,78,78,78,78,78,78,78,78,78,78,78,78,78,78,78,78,78,78,78,78,78,78,78,78,78,78,78,78,78,78,78,78,78,78],"card_choices":[{"not_picked":["Gash","Leap"],"picked":"Coolheaded","floor":1.0},{"not_picked":["Steam Power","Ball Lightning"],"picked":"Sunder","floor":6.0},{"not_picked":["Chaos","Recycle"],"picked":"Chill","floor":8.0},{"not_picked":["Rip and Tear","Cold Snap"],"picked":"Core Surge","floor":11.0},{"not_picked":["Lockon","Streamline"],"picked":"Go for the Eyes","floor":13.0},{"not_picked":["Rainbow","Fission"],"picked":"Biased Cognition","floor":16},{"not_picked":["Steam","Reinforced Body"],"picked":"Glacier","floor":18},{"not_picked":["Go for the Eyes","Compile Driver"],"picked":"Turbo","floor":20},{"not_picked":["Recycle","BootSequence"],"picked":"Conserve Battery","floor":21},{"not_picked":["Steam","Gash"],"picked":"Beam Cell","floor":22},{"not_picked":["Steam","Streamline"],"picked":"Leap","floor":24},{"not_picked":["Meteor Strike","Barrage"],"picked":"Cold Snap+1","floor":27},{"not_picked":["Darkness","Go for the Eyes"],"picked":"Hologram","floor":28},{"not_picked":["Rip and Tear","Scrape+1"],"picked":"Buffer","floor":29},{"not_picked":["Storm","Ball Lightning"],"picked":"Consume","floor":30},{"not_picked":["Meteor Strike","Core Surge"],"picked":"Rainbow","floor":33},{"not_picked":["Darkness+1","Redo"],"picked":"Steam Power+1","floor":35},{"not_picked":["Coolheaded","Steam+1"],"picked":"Compile Driver","floor":37},{"not_picked":["Blizzard","Reinforced Body"],"picked":"Aggregate","floor":39},{"not_picked":["Doom and Gloom","Sunder"],"picked":"Barrage+1","floor":40},{"not_picked":["Streamline+1","Lockon+1"],"picked":"Doom and Gloom+1","floor":41},{"not_picked":["Beam Cell+1","Capacitor+1"],"picked":"Rebound+1","floor":42},{"not_picked":["Auto Shields","Chaos","Reinforced Body"],"picked":"SKIP","floor":44},{"not_picked":["Leap","Conserve Battery"],"picked":"Tempest","floor":45},{"not_picked":["Fusion+1","Reprogram"],"picked":"Hologram+1","floor":47}],"player_experience":939157,"relics_obtained":[{"floor":6.0,"key":"Happy Flower"},{"floor":8.0,"key":"Bottled Lightning"},{"floor":9.0,"key":"Anchor"},{"floor":11.0,"key":"Strawberry"},{"floor":14.0,"key":"Dream Catcher"},{"floor":24,"key":"Bag of Marbles"},{"floor":26,"key":"Symbiotic Virus"},{"floor":27,"key":"Boot"},{"floor":30,"key":"Tiny Chest"},{"floor":40,"key":"War Paint"},{"floor":42,"key":"Mercury Hourglass"},{"floor":43,"key":"The Courier"},{"floor":47,"key":"Matryoshka"}],"event_choices":[{"event_name":"Golden Idol","player_choice":"Take Wound","floor":2.0,"damage_taken":0.0},{"event_name":"Shining Light","player_choice":"Ignored","floor":3.0,"damage_taken":0.0},{"event_name":"The Cleric","player_choice":"Leave","floor":4.0,"damage_taken":0.0},{"event_name":"Living Wall","player_choice":"Forget","floor":5.0,"damage_taken":0.0},{"event_name":"Duplicator","player_choice":"One dupe","floor":31,"damage_taken":0},{"event_name":"Winding Halls","player_choice":"Embrace Madness","floor":38,"damage_taken":0},{"event_name":"MindBloom","player_choice":"Upgrade","floor":46,"damage_taken":0}],"is_beta":false,"boss_relics":[{"not_picked":["Orrery","Ectoplasm"],"picked":"Inserter"},{"not_picked":["Empty Cage","Astrolabe"],"picked":"Fusion Hammer"}],"items_purged_floors":[19,36],"is_endless":false,"potions_floor_spawned":[6,11,13,16,18,22,24,29,37,47],"ascension_level":15}