{"gold_per_floor":[361,361,361,6,25,51,51,51,51,83,97,153,153,172,172,172],"floor_reached":16,"playtime":1477,"items_purged":[],"score":194,"play_id":"41fea8eb-3f15-4f24-9045-597712114892","local_time":"20180910222403","is_ascension_mode":true,"campfire_choices":[{"floor":8.0,"key":"REST"},{"data":"Footwork","floor":13.0,"key":"SMITH"},{"data":"Cloak And Dagger","floor":15.0,"key":"SMITH"}],"neow_cost":"TEN_PERCENT_HP_LOSS","seed_source_timestamp":9558805943959,"circlet_count":0,"master_deck":["Defend_G","Defend_G","Defend_G","Defend_G","Defend_G","Strike_G","Strike_G","Strike_G","Strike_G","Survivor","Neutralize","AscendersBane","Endless Agony","Dagger Spray","Cloak And Dagger+1","Footwork+1","Dash","Skewer","Footwork"],"special_seed":0,"relics":["Ring of the Snake","CultistMask","Kunai","Art of War","Bottled Flame","Meat on the Bone","Bottled Lightning"],"potions_floor_usage":[],"damage_taken":[{"damage":2.0,"enemies":"Jaw Worm","floor":1.0,"turns":6.0},{"damage":9.0,"enemies":"Cultist","floor":5.0,"turns":4.0},{"damage":33.0,"enemies":"Gremlin Nob","floor":6.0,"turns":5.0},{"damage":14.0,"enemies":"3 Sentries","floor":10.0,"turns":9.0},{"damage":3.0,"enemies":"2 Louse","floor":11.0,"turns":3.0},{"damage":23.0,"enemies":"Gremlin Nob","floor":12.0,"turns":6.0},{"damage":6.0,"enemies":"Large Slime","floor":14.0,"turns":6.0},{"damage":38,"enemies":"Slime Boss","floor":16,"turns":3}],"seed_played":"-5427542862643688863","potions_obtained":[{"floor":1.0,"key":"AttackPotion"},{"floor":6.0,"key":"Dexterity Potion"}],"is_trial":false,"path_per_floor":["M","?","?","$","M","E","?","R","T","E","M","?","R","M","R"],"character_chosen":"THE_SILENT","items_purchased":["Kunai","Dagger Spray"],"campfire_rested":1,"item_purchase_floors":[4,4],"current_hp_per_floor":[57,57,57,57,48,15,15,33,33,19,28,17,17,23,23,0],"gold":172,"neow_bonus":"TWO_FIFTY_GOLD","is_prod":false,"is_daily":false,"chose_seed":false,"campfire_upgraded":2,"win_rate":0,"timestamp":1536611043,"path_taken":["M","?","?","$","M","E","?","R","T","E","?","?","R","M","R","BOSS"],"build_version":"2018-09-06","purchased_purges":0,"victory":false,"max_hp_per_floor":[60,60,60,60,60,60,60,60,60,60,60,60,60,60,60,60],"card_choices":[{"not_picked":["Calculated Gamble","Acrobatics"],"picked":"Endless Agony","floor":1.0},{"not_picked":["Outmaneuver","Prepared","Heel Hook"],"picked":"SKIP","floor":5.0},{"not_picked":["Outmaneuver","Deflect"],"picked":"Cloak And Dagger","floor":6.0},{"not_picked":["Cloak And Dagger","Dagger Throw"],"picked":"Footwork","floor":10.0},{"not_picked":["Distraction","Poisoned Stab"],"picked":"Dash","floor":11.0},{"not_picked":["Finisher","Flying Knee"],"picked":"Skewer","floor":12.0},{"not_picked":["Prepared","Deflect"],"picked":"Footwork","floor":14.0}],"player_experience":937680,"relics_obtained":[{"floor":6.0,"key":"Art of War"},{"floor":9.0,"key":"Bottled Flame"},{"floor":10.0,"key":"Meat on the Bone"},{"floor":12.0,"key":"Bottled Lightning"}],"event_choices":[{"event_name":"FaceTrader","player_choice":"Trade","floor":2.0,"damage_taken":0.0},{"event_name":"Golden Wing","player_choice":"Ignored","floor":3.0,"damage_taken":0.0},{"event_name":"Bonfire Elementals","player_choice":"BASIC","floor":7.0,"damage_taken":0.0},{"event_name":"Dead Adventurer","player_choice":"Searched \u00271\u0027 times","floor":12.0,"damage_taken":0.0}],"is_beta":false,"boss_relics":[],"items_purged_floors":[],"is_endless":false,"potions_floor_spawned":[1,6],"killed_by":"Slime Boss","ascension_level":16}