{"gold_per_floor":[119,134,59,76,76,76,76,76,76,76,76,91,111,136,136,267,267,287,187,187,212,0,0,0,20,320,364,364,385,484,507,507,507],"floor_reached":33,"playtime":402,"items_purged":["Defend_R","Defend_R+1"],"score":255,"play_id":"3f167c3f-a284-4006-aacd-f26c4ca038bb","local_time":"20181229013350","is_ascension_mode":false,"campfire_choices":[{"data":"Flex","floor":6,"key":"SMITH"},{"data":"Clash","floor":8,"key":"SMITH"},{"data":"Bash","floor":15,"key":"SMITH"},{"data":"Dual Wield","floor":23,"key":"SMITH"},{"data":"Strike_R","floor":28,"key":"SMITH"},{"data":"Strike_R","floor":32,"key":"SMITH"}],"neow_cost":"NONE","seed_source_timestamp":105986651972129,"circlet_count":0,"master_deck":["Strike_R","Strike_R","Strike_R+1","Strike_R+1","Strike_R","Defend_R+1","Bash+1","Flex+1","Clash+1","Dual Wield+1"],"relics":["Burning Blood","NeowsBlessing","Golden Idol","War Paint","Coffee Dripper","Happy Flower","Old Coin","Magic Flower"],"potions_floor_usage":[16,29,29,33,33],"damage_taken":[{"damage":0,"enemies":"Cultist","floor":1,"turns":1},{"damage":0,"enemies":"2 Louse","floor":2,"turns":1},{"damage":0,"enemies":"Small Slimes","floor":4,"turns":1},{"damage":13,"enemies":"Red Slaver","floor":12,"turns":2},{"damage":4,"enemies":"3 Louse","floor":13,"turns":3},{"damage":12,"enemies":"Blue Slaver","floor":14,"turns":2},{"damage":10,"enemies":"Slime Boss","floor":16,"turns":6},{"damage":14,"enemies":"2 Thieves","floor":18,"turns":3},{"damage":25,"enemies":"Colosseum Slavers","floor":24,"turns":2},{"damage":10,"enemies":"Spheric Guardian","floor":25,"turns":3},{"damage":31,"enemies":"Gremlin Leader","floor":27,"turns":2},{"damage":20,"enemies":"Chosen and Byrds","floor":29,"turns":4},{"damage":21,"enemies":"3 Cultists","floor":31,"turns":4},{"damage":29,"enemies":"Collector","floor":33,"turns":2}],"seed_played":"-535207713480360281","potions_obtained":[{"floor":12,"key":"Energy Potion"},{"floor":13,"key":"Regen Potion"},{"floor":18,"key":"Regen Potion"},{"floor":25,"key":"Dexterity Potion"},{"floor":27,"key":"Fire Potion"},{"floor":31,"key":"PowerPotion"}],"is_trial":false,"path_per_floor":["M","M","$","M","$","R","?","R","T","$","?","M","M","M","R","B",null,"M","$","?","T","?","R","?","M","T","E","R","M","?","M","R","B"],"character_chosen":"IRONCLAD","items_purchased":[],"campfire_rested":0,"item_purchase_floors":[],"current_hp_per_floor":[80,80,80,80,80,80,60,60,60,60,60,53,55,49,49,60,80,72,72,72,72,72,72,53,49,49,24,24,27,27,15,15,0],"gold":507,"neow_bonus":"THREE_ENEMY_KILL","is_prod":false,"is_daily":false,"chose_seed":false,"campfire_upgraded":6,"win_rate":1,"timestamp":1546065230,"path_taken":["M","M","?","M","$","R","?","R","T","$","?","M","M","M","R","BOSS","M","?","?","?","?","R","?","M","T","E","R","?","?","M","R","BOSS"],"build_version":"2018-12-20","purchased_purges":2,"victory":false,"max_hp_per_floor":[80,80,80,80,80,80,80,80,80,80,80,80,80,80,80,80,80,80,80,80,80,80,80,80,80,80,80,80,80,80,80,80,80],"card_choices":[{"not_picked":["Clash","Blood for Blood"],"picked":"Flex","floor":1},{"not_picked":["Blood for Blood","Sword Boomerang"],"picked":"Clash","floor":2}],"player_experience":132954,"relics_obtained":[{"floor":9,"key":"War Paint"},{"floor":21,"key":"Happy Flower"},{"floor":26,"key":"Old Coin"},{"floor":27,"key":"Magic Flower"}],"event_choices":[{"damage_healed":0,"gold_gain":0,"player_choice":"Take Damage","damage_taken":20,"relics_obtained":["Golden Idol"],"max_hp_gain":0,"max_hp_loss":0,"event_name":"Golden Idol","floor":7,"gold_loss":0},{"damage_healed":0,"gold_gain":0,"cards_transformed":["Defend_R"],"player_choice":"Transformed","damage_taken":0,"max_hp_gain":0,"max_hp_loss":0,"event_name":"Transmorgrifier","floor":11,"gold_loss":0,"cards_obtained":["Dual Wield"]},{"damage_healed":0,"gold_gain":0,"player_choice":"Ignored","damage_taken":0,"max_hp_gain":0,"max_hp_loss":0,"event_name":"Ghosts","floor":20,"gold_loss":0},{"damage_healed":0,"gold_gain":0,"player_choice":"Paid Fearfully","damage_taken":0,"max_hp_gain":0,"max_hp_loss":0,"event_name":"Masked Bandits","floor":22,"gold_loss":212},{"damage_healed":0,"gold_gain":0,"player_choice":"Fight","damage_taken":0,"max_hp_gain":0,"max_hp_loss":0,"event_name":"Colosseum","floor":24,"gold_loss":0},{"damage_healed":0,"gold_gain":0,"player_choice":"Fled From Nobs","damage_taken":0,"max_hp_gain":0,"max_hp_loss":0,"event_name":"Colosseum","floor":24,"gold_loss":0},{"damage_healed":0,"gold_gain":99,"player_choice":"Stole From Cult","damage_taken":0,"max_hp_gain":0,"max_hp_loss":0,"event_name":"Nest","floor":30,"gold_loss":0}],"is_beta":false,"boss_relics":[{"not_picked":["Mark of Pain","White Beast Statue"],"picked":"Coffee Dripper"}],"items_purged_floors":[3,19],"is_endless":false,"potions_floor_spawned":[12,13,18,25,27,31],"killed_by":"Collector","ascension_level":0}