{"gold_per_floor":[115,133,145,155,330,330,357,357,357,375,393,393,27,42,42,42],"floor_reached":16,"playtime":662,"items_purged":[],"score":135,"play_id":"54945f75-d3e1-4b63-b4e8-464637f976a9","local_time":"20180917190600","is_ascension_mode":true,"campfire_choices":[{"floor":6,"key":"REST"},{"data":"Leg Sweep","floor":8,"key":"SMITH"},{"data":"Sucker Punch","floor":12,"key":"SMITH"},{"floor":15,"key":"REST"}],"neow_cost":"NONE","seed_source_timestamp":1013882484760889,"circlet_count":0,"master_deck":["Defend_G","Defend_G","Defend_G","Defend_G","Defend_G","Strike_G","Strike_G","Strike_G","Strike_G","Strike_G","Survivor","Neutralize","Night Terror","Leg Sweep+1","Slice","Sucker Punch+1","Masterful Stab","Doubt","Finisher","Footwork","Malaise"],"relics":["Ring of the Snake","Ninja Scroll","Question Card","Anchor","Bronze Scales"],"potions_floor_usage":[4,7,16],"damage_taken":[{"damage":8,"enemies":"Jaw Worm","floor":1,"turns":5},{"damage":0,"enemies":"Small Slimes","floor":2,"turns":4},{"damage":0,"enemies":"2 Louse","floor":3,"turns":4},{"damage":22,"enemies":"Gremlin Gang","floor":4,"turns":7},{"damage":29,"enemies":"Lagavulin","floor":7,"turns":8},{"damage":0,"enemies":"3 Louse","floor":10,"turns":4},{"damage":0,"enemies":"Blue Slaver","floor":11,"turns":2},{"damage":0,"enemies":"Large Slime","floor":14,"turns":1},{"damage":63,"enemies":"Slime Boss","floor":16,"turns":8}],"seed_played":"-3494208761098675912","potions_obtained":[{"floor":3,"key":"Fruit Juice"},{"floor":4,"key":"AttackPotion"},{"floor":14,"key":"PowerPotion"}],"is_trial":false,"path_per_floor":["M","M","M","M","?","R","E","R","T","M","M","R","$","M","R"],"character_chosen":"THE_SILENT","items_purchased":["Anchor","Bronze Scales","Footwork"],"campfire_rested":2,"item_purchase_floors":[13,13,13],"current_hp_per_floor":[55,55,55,38,38,60,31,31,31,31,31,31,31,31,53,0],"gold":42,"neow_bonus":"ONE_RANDOM_RARE_CARD","is_prod":false,"is_daily":false,"chose_seed":false,"campfire_upgraded":2,"win_rate":0,"timestamp":1537203960,"path_taken":["M","M","M","M","?","R","E","R","T","M","M","R","$","?","R","BOSS"],"build_version":"2018-09-06","purchased_purges":0,"victory":false,"max_hp_per_floor":[70,70,70,75,75,75,75,75,75,75,75,75,75,75,75,75],"card_choices":[{"not_picked":["Poisoned Stab","Bane"],"picked":"Leg Sweep","floor":1},{"not_picked":["Prepared","Endless Agony"],"picked":"Slice","floor":2},{"not_picked":["Underhanded Strike","Bouncing Flask"],"picked":"Sucker Punch","floor":3},{"not_picked":["Expertise","Prepared"],"picked":"Masterful Stab","floor":4},{"not_picked":["Concentrate","Tools of the Trade","Masterful Stab"],"picked":"SKIP","floor":7},{"not_picked":["Prepared","Tactician","Riddle With Holes","Distraction"],"picked":"SKIP","floor":10},{"not_picked":["Deadly Poison","Bane","Underhanded Strike"],"picked":"Finisher","floor":11},{"not_picked":["Acrobatics","Dagger Throw","Sucker Punch"],"picked":"Malaise","floor":14}],"player_experience":598293,"relics_obtained":[{"floor":7,"key":"Ninja Scroll"},{"floor":9,"key":"Question Card"}],"event_choices":[{"event_name":"Liars Game","player_choice":"agreed","floor":5,"damage_taken":0}],"is_beta":false,"boss_relics":[],"items_purged_floors":[],"is_endless":false,"potions_floor_spawned":[3,4,14],"killed_by":"Slime Boss","ascension_level":6}