{"gold_per_floor":[113,131,44,44,59,93,93,112,112,131,149,164,114,140,140,140],"floor_reached":16,"playtime":916,"items_purged":["Defend_G"],"score":211,"play_id":"79838e4c-1cd1-42e6-a0fd-7696228523b9","local_time":"20190131083701","is_ascension_mode":true,"campfire_choices":[{"floor":7.0,"key":"REST"},{"floor":15,"key":"REST"}],"neow_cost":"NONE","seed_source_timestamp":174186506642552,"circlet_count":0,"master_deck":["AscendersBane","Defend_G","Defend_G","Defend_G","Defend_G","Strike_G","Strike_G","Strike_G","Strike_G","Strike_G","Survivor","Neutralize","Bane","All Out Attack","Leg Sweep","Quick Slash","Terror","Sucker Punch","Riddle With Holes","Envenom","Bouncing Flask","Flechettes"],"special_seed":0,"relics":["Ring of the Snake","Smiling Mask","Paper Crane","Turnip","Torii","Frozen Egg 2","Bottled Tornado"],"potions_floor_usage":[],"damage_taken":[{"damage":4.0,"enemies":"Jaw Worm","floor":1.0,"turns":7.0},{"damage":1.0,"enemies":"Cultist","floor":2.0,"turns":4.0},{"damage":0.0,"enemies":"2 Louse","floor":5.0,"turns":2.0},{"damage":44.0,"enemies":"Lagavulin","floor":6.0,"turns":9.0},{"damage":0.0,"enemies":"Gremlin Gang","floor":8.0,"turns":3.0},{"damage":3.0,"enemies":"Lots of Slimes","floor":10.0,"turns":5.0},{"damage":1.0,"enemies":"3 Louse","floor":11.0,"turns":2.0},{"damage":1.0,"enemies":"Exordium Thugs","floor":12.0,"turns":5.0},{"damage":17,"enemies":"Gremlin Nob","floor":14,"turns":5},{"damage":38,"enemies":"Slime Boss","floor":16,"turns":3}],"seed_played":"-3044040229589096090","potions_obtained":[{"floor":1.0,"key":"Explosive Potion"},{"floor":5.0,"key":"Energy Potion"},{"floor":8.0,"key":"SneckoOil"}],"is_trial":false,"path_per_floor":["M","M","$","?","M","E","R","M","T","M","M","M","?","E","R","B"],"character_chosen":"THE_SILENT","items_purchased":["Leg Sweep"],"campfire_rested":2,"item_purchase_floors":[3],"current_hp_per_floor":[55,54,54,54,54,10,29,29,29,26,25,24,24,7,26,0],"gold":140,"neow_bonus":"RANDOM_COMMON_RELIC","is_prod":false,"is_daily":false,"chose_seed":false,"campfire_upgraded":0,"win_rate":0,"timestamp":1548920221,"path_taken":["M","M","$","?","M","E","R","?","T","M","M","M","?","E","R","BOSS"],"build_version":"2019-01-23","purchased_purges":1,"victory":false,"max_hp_per_floor":[66,66,66,66,66,66,66,66,66,66,66,66,66,66,66,66],"card_choices":[{"not_picked":["Infinite Blades","Outmaneuver"],"picked":"Bane","floor":1.0},{"not_picked":["PiercingWail","Caltrops"],"picked":"All Out Attack","floor":2.0},{"not_picked":["Outmaneuver","Prepared"],"picked":"Quick Slash","floor":5.0},{"not_picked":["Dagger Throw","Concentrate"],"picked":"Terror","floor":6.0},{"not_picked":["Dagger Spray","Catalyst"],"picked":"Sucker Punch","floor":8.0},{"not_picked":["Outmaneuver","Cloak And Dagger"],"picked":"Riddle With Holes","floor":10.0},{"not_picked":["Sucker Punch","Dagger Spray"],"picked":"Envenom","floor":11.0},{"not_picked":["Poisoned Stab","Deflect"],"picked":"Bouncing Flask","floor":12.0},{"not_picked":["PiercingWail","Backflip"],"picked":"Flechettes","floor":14}],"player_experience":460782,"relics_obtained":[{"floor":4.0,"key":"Paper Crane"},{"floor":6.0,"key":"Turnip"},{"floor":9.0,"key":"Torii"},{"floor":14,"key":"Bottled Tornado"}],"event_choices":[{"damage_healed":0.0,"max_hp_gain":0.0,"max_hp_loss":0.0,"gold_gain":0.0,"event_name":"Wheel of Change","player_choice":"Relic","floor":4.0,"gold_loss":0.0,"damage_taken":0.0},{"damage_healed":0.0,"max_hp_gain":0.0,"max_hp_loss":0.0,"gold_gain":0.0,"event_name":"WeMeetAgain","player_choice":"Paid Gold","floor":13.0,"gold_loss":50.0,"damage_taken":0.0,"relics_obtained":["Frozen Egg 2"]}],"is_beta":false,"boss_relics":[],"items_purged_floors":[3],"is_endless":false,"potions_floor_spawned":[1,5,8],"killed_by":"Slime Boss","ascension_level":17}