{"gold_per_floor":[117,192,57,57,73,73,106,126,151,161,161,178,178,191,191,263,263,282,282,34,48,59,59,76,76],"floor_reached":25,"playtime":1114,"items_purged":[],"score":410,"play_id":"62998eee-bc30-4f52-a9d8-d5a350a4a5a1","local_time":"20180916202519","is_ascension_mode":true,"campfire_choices":[{"data":"Go for the Eyes","floor":6.0,"key":"SMITH"},{"floor":11.0,"key":"REST"},{"data":"Sunder","floor":13.0,"key":"SMITH"},{"floor":15.0,"key":"REST"},{"floor":23.0,"key":"REST"}],"neow_cost":"","seed_source_timestamp":39758488601345,"circlet_count":0,"master_deck":["Strike_B","Strike_B","Strike_B","Defend_B","Defend_B","Defend_B","Defend_B","Zap","Dualcast","AscendersBane","Rip and Tear","Go for the Eyes+1","Sunder+1","Hologram+1","Redo+1","Redo+1","Machine Learning","Leap+1","Zap+1","Fusion+1","Coolheaded+1","Ball Lightning","Redo+1","Conserve Battery+1"],"special_seed":0,"relics":["Cracked Core","DataDisk","Toxic Egg 2","Boot","Cursed Key","Happy Flower"],"potions_floor_usage":[24],"damage_taken":[{"damage":7.0,"enemies":"Jaw Worm","floor":1.0,"turns":4.0},{"damage":4.0,"enemies":"Small Slimes","floor":5.0,"turns":3.0},{"damage":27.0,"enemies":"Gremlin Nob","floor":7.0,"turns":4.0},{"damage":2.0,"enemies":"2 Louse","floor":8.0,"turns":2.0},{"damage":6.0,"enemies":"Exordium Thugs","floor":10.0,"turns":3.0},{"damage":9.0,"enemies":"Red Slaver","floor":12.0,"turns":2.0},{"damage":0.0,"enemies":"Blue Slaver","floor":14.0,"turns":3.0},{"damage":43.0,"enemies":"Hexaghost","floor":16.0,"turns":8.0},{"damage":13.0,"enemies":"3 Byrds","floor":18.0,"turns":3.0},{"damage":20.0,"enemies":"Shell Parasite","floor":21.0,"turns":4.0},{"damage":6.0,"enemies":"Snake Plant","floor":22.0,"turns":3.0},{"damage":17,"enemies":"Centurion and Healer","floor":24,"turns":4},{"damage":24,"enemies":"Gremlin Leader","floor":25,"turns":2}],"seed_played":"1238598045295466482","potions_obtained":[{"floor":5.0,"key":"Fruit Juice"},{"floor":7.0,"key":"Explosive Potion"},{"floor":8.0,"key":"SteroidPotion"},{"floor":24,"key":"SmokeBomb"}],"is_trial":false,"path_per_floor":["M","?","?","?","M","R","E","M","T","M","R","M","R","M","R","B",null,"M","?","$","M","M","R","M"],"character_chosen":"DEFECT","items_purchased":["Coolheaded+1","Happy Flower","Ball Lightning"],"campfire_rested":3,"item_purchase_floors":[20,20,20],"current_hp_per_floor":[57,46,46,46,42,47,20,18,18,12,34,25,25,25,47,4,58,45,45,45,25,19,41,24,0],"gold":76,"neow_bonus":"","is_prod":false,"is_daily":false,"chose_seed":false,"campfire_upgraded":2,"win_rate":0,"timestamp":1537122319,"path_taken":["M","?","?","?","M","R","E","M","T","?","R","M","R","M","R","BOSS","M","?","$","M","M","R","?","E"],"build_version":"2018-09-06","purchased_purges":0,"victory":false,"max_hp_per_floor":[71,71,71,71,71,76,76,76,76,76,76,76,76,76,76,76,76,76,76,76,76,76,76,76,76],"card_choices":[{"not_picked":["Redo","Compile Driver"],"picked":"Rip and Tear","floor":1.0},{"not_picked":["Steam Power","Steam"],"picked":"Go for the Eyes","floor":5.0},{"not_picked":["Doom and Gloom","Skim","Steam Power"],"picked":"SKIP","floor":7.0},{"not_picked":["Barrage","Cold Snap"],"picked":"Sunder","floor":8.0},{"not_picked":["Skim+1","Storm"],"picked":"Hologram+1","floor":10.0},{"not_picked":["Consume+1","Beam Cell"],"picked":"Redo+1","floor":12.0},{"not_picked":["Rebound","Hello World"],"picked":"Redo+1","floor":14.0},{"not_picked":["Fission+1","Thunder Strike"],"picked":"Machine Learning","floor":16.0},{"not_picked":["Steam+1","Rip and Tear"],"picked":"Leap+1","floor":18.0},{"not_picked":["Blizzard","Barrage","Beam Cell"],"picked":"SKIP","floor":21.0},{"not_picked":["Go for the Eyes","Sweeping Beam"],"picked":"Redo+1","floor":22.0},{"not_picked":["Barrage+1","Streamline"],"picked":"Conserve Battery+1","floor":24}],"player_experience":1059401,"relics_obtained":[{"floor":7.0,"key":"Toxic Egg 2"},{"floor":9.0,"key":"Boot"}],"event_choices":[{"event_name":"World of Goop","player_choice":"Gather Gold","floor":2.0,"damage_taken":0.0},{"event_name":"WeMeetAgain","player_choice":"Gold","floor":3.0,"damage_taken":0.0},{"event_name":"Bonfire Elementals","player_choice":"BASIC","floor":4.0,"damage_taken":0.0},{"event_name":"Match and Keep!","player_choice":"2 cards matched","floor":19.0,"damage_taken":0.0}],"is_beta":false,"boss_relics":[{"not_picked":["Fusion Hammer","FrozenCore"],"picked":"Cursed Key"}],"items_purged_floors":[],"is_endless":false,"potions_floor_spawned":[5,7,8,16,24],"killed_by":"Gremlin Leader","ascension_level":20}