{"gold_per_floor":[110,110,129,129,31,43,69,69,138,138,171,171,187,197,197,298,298,313,313,32,32,52,52,67,83,83,103,121,121,21,31,31,135,135,147,157,157,206,206,206,206],"floor_reached":41,"playtime":1682,"items_purged":["Strike_B","Parasite","Strike_B"],"score":504,"play_id":"07f2e40a-348b-4f3e-9ecc-96d2d43656ec","local_time":"20180924180004","is_ascension_mode":true,"campfire_choices":[{"floor":8,"key":"REST"},{"floor":10,"key":"REST"},{"data":"Darkness","floor":15,"key":"SMITH"},{"data":"Redo","floor":23,"key":"SMITH"},{"data":"Fission","floor":29,"key":"SMITH"},{"floor":32,"key":"REST"},{"floor":40,"key":"REST"}],"neow_cost":"NONE","seed_source_timestamp":252918882197802,"circlet_count":0,"master_deck":["Defend_B","Defend_B+1","Defend_B","Defend_B+1","Zap","Dualcast","Ball Lightning","Darkness+1","Hologram","Streamline","Redo+1","Undo","Leap","Fission+1","Go for the Eyes","Chill","Coolheaded","Reinforced Body","Loop","Core Surge","Gash+1","Decay","Self Repair+1","Conserve Battery","Melter+1"],"relics":["Cracked Core","Lantern","Oddly Smooth Stone","Centennial Puzzle","The Courier","Pen Nib","Cursed Key","Cables","Mercury Hourglass","Astrolabe","Nunchaku"],"potions_floor_usage":[7,16,24,24,27,33,41],"damage_taken":[{"damage":7,"enemies":"Jaw Worm","floor":1,"turns":3},{"damage":2,"enemies":"Small Slimes","floor":3,"turns":3},{"damage":0,"enemies":"Cultist","floor":6,"turns":3},{"damage":10,"enemies":"Gremlin Nob","floor":7,"turns":3},{"damage":11,"enemies":"Lagavulin","floor":11,"turns":4},{"damage":11,"enemies":"Looter","floor":13,"turns":2},{"damage":1,"enemies":"Large Slime","floor":14,"turns":4},{"damage":24,"enemies":"Slime Boss","floor":16,"turns":7},{"damage":6,"enemies":"Shell Parasite","floor":18,"turns":5},{"damage":6,"enemies":"Chosen","floor":22,"turns":4},{"damage":0,"enemies":"Sentry and Sphere","floor":24,"turns":1},{"damage":0,"enemies":"Cultist and Chosen","floor":25,"turns":5},{"damage":0,"enemies":"Snecko","floor":27,"turns":4},{"damage":6,"enemies":"Sentry and Sphere","floor":28,"turns":4},{"damage":0,"enemies":"3 Cultists","floor":31,"turns":5},{"damage":58,"enemies":"Collector","floor":33,"turns":13},{"damage":12,"enemies":"Orb Walker","floor":35,"turns":3},{"damage":3,"enemies":"3 Shapes","floor":36,"turns":6},{"damage":9,"enemies":"Mysterious Sphere","floor":38,"turns":5},{"damage":93,"enemies":"Giant Head","floor":41,"turns":8}],"seed_played":"-238519975677268671","potions_obtained":[{"floor":6,"key":"AttackPotion"},{"floor":13,"key":"FearPotion"},{"floor":14,"key":"Explosive Potion"},{"floor":22,"key":"AttackPotion"},{"floor":25,"key":"Poison Potion"},{"floor":31,"key":"Poison Potion"},{"floor":33,"key":"SpeedPotion"},{"floor":38,"key":"PowerPotion"}],"is_trial":false,"path_per_floor":["M","?","M","?","$","M","E","R","T","R","E","?","M","M","R","B",null,"M","?","$","?","M","R","M","M","T","M","M","R","$","M","R","B",null,"M","M","?","?","?","R"],"character_chosen":"DEFECT","items_purchased":["Hologram","Cables"],"campfire_rested":4,"item_purchase_floors":[5,20],"current_hp_per_floor":[68,43,41,26,26,26,16,38,38,60,49,67,56,55,55,31,64,58,58,58,58,52,52,52,52,52,52,46,46,46,46,67,9,54,42,49,49,50,50,69,0],"gold":206,"neow_bonus":"RANDOM_COMMON_RELIC","is_prod":false,"is_daily":false,"chose_seed":false,"campfire_upgraded":3,"win_rate":0,"timestamp":1537804804,"path_taken":["M","?","M","?","$","?","E","R","T","R","E","?","M","M","R","BOSS","M","?","$","?","M","R","M","M","T","M","M","R","$","?","R","BOSS","M","M","?","?","?","R","E"],"build_version":"2018-09-20","purchased_purges":3,"victory":false,"max_hp_per_floor":[75,75,75,75,75,75,75,75,75,75,75,75,75,75,75,75,75,75,75,72,72,72,72,72,72,72,72,72,72,72,72,72,72,69,69,69,69,69,69,69,69],"card_choices":[{"not_picked":["Stack","Streamline"],"picked":"Ball Lightning","floor":1},{"not_picked":["Cold Snap","Streamline"],"picked":"Darkness","floor":3},{"not_picked":["Turbo","Gash"],"picked":"Streamline","floor":6},{"not_picked":["Lockon","Rebound","Barrage"],"picked":"SKIP","floor":7},{"not_picked":["Leap","Thunder Strike"],"picked":"Redo","floor":11},{"not_picked":["Steam","Sweeping Beam"],"picked":"Undo","floor":13},{"not_picked":["Barrage","Consume"],"picked":"Leap","floor":14},{"not_picked":["Machine Learning","Seek"],"picked":"Fission","floor":16},{"not_picked":["Cold Snap","Barrage","Streamline"],"picked":"SKIP","floor":18},{"not_picked":["Gash","Beam Cell"],"picked":"Go for the Eyes","floor":22},{"not_picked":["Self Repair","Cold Snap"],"picked":"Chill","floor":24},{"not_picked":["Genetic Algorithm","Hyperbeam"],"picked":"Coolheaded","floor":25},{"not_picked":["Coolheaded+1","FTL"],"picked":"Reinforced Body","floor":27},{"not_picked":["Lockon","Double Energy","Coolheaded"],"picked":"SKIP","floor":28},{"not_picked":["FTL+1","BootSequence"],"picked":"Loop","floor":31},{"not_picked":["All For One","Biased Cognition"],"picked":"Core Surge","floor":33},{"not_picked":["Ball Lightning","Compile Driver"],"picked":"Self Repair+1","floor":35},{"not_picked":["Static Discharge","Leap"],"picked":"Conserve Battery","floor":36},{"not_picked":["Steam","Fusion"],"picked":"Melter+1","floor":38}],"player_experience":659890,"relics_obtained":[{"floor":7,"key":"Centennial Puzzle"},{"floor":9,"key":"The Courier"},{"floor":11,"key":"Pen Nib"},{"floor":26,"key":"Mercury Hourglass"},{"floor":38,"key":"Nunchaku"}],"event_choices":[{"event_name":"Scrap Ooze","player_choice":"success","floor":2,"damage_taken":25},{"event_name":"Shining Light","player_choice":"Entered Light","floor":4,"damage_taken":0},{"event_name":"Mushrooms","player_choice":"Healed and dodged fight","floor":12,"damage_taken":0},{"event_name":"Ghosts","player_choice":"Ignored","floor":19,"damage_taken":0},{"event_name":"Beggar","player_choice":"Ignored","floor":21,"damage_taken":0},{"event_name":"Falling","player_choice":"Removed Power","floor":37,"damage_taken":0},{"event_name":"Mysterious Sphere","player_choice":"Fight","floor":38,"damage_taken":0},{"event_name":"Tomb of Lord Red Mask","player_choice":"Ignored","floor":39,"damage_taken":0}],"is_beta":false,"boss_relics":[{"not_picked":["Empty Cage","Runic Pyramid"],"picked":"Cursed Key"},{"not_picked":["Fusion Hammer","Tiny House"],"picked":"Astrolabe"}],"items_purged_floors":[5,20,30],"is_endless":false,"potions_floor_spawned":[6,13,14,22,25,31,33,38],"killed_by":"Giant Head","ascension_level":5}