{"gold_per_floor":[111,111,111,124,124,124,23,52,78,98,98,98,117,151,151,256,256,274,274,286,296,67,67,67,85,85,85,104,104,204,223,223,320,320,339,339,339,100,100,100,117,117,117,128,138,156,156,174,174,174],"floor_reached":51,"playtime":2623,"items_purged":["Blizzard+1"],"score":969,"play_id":"8a3c2574-0e67-4f32-b057-c630f87fe62a","local_time":"20180925145917","is_ascension_mode":true,"campfire_choices":[{"floor":6,"key":"REST"},{"data":"Fission","floor":11,"key":"SMITH"},{"data":"Zap","floor":15,"key":"SMITH"},{"data":"Hologram","floor":23,"key":"SMITH"},{"data":"Redo","floor":27,"key":"SMITH"},{"data":"Dualcast","floor":29,"key":"SMITH"},{"data":"Go for the Eyes","floor":32,"key":"SMITH"},{"floor":40,"key":"DIG"},{"data":"Discovery","floor":42,"key":"SMITH"},{"floor":47,"key":"DIG"},{"floor":49,"key":"DIG"}],"neow_cost":"CURSE","seed_source_timestamp":2634559086846,"circlet_count":0,"master_deck":["Defend_B+1","Defend_B","Defend_B+1","Defend_B","Zap+1","Dualcast+1","Fission+1","Sunder+1","Redo+1","Coolheaded","Leap","Go for the Eyes+1","Ball Lightning+1","Self Repair+1","Core Surge+1","All For One+1","White Noise+1","Beam Cell+1","Hello World+1","Hologram+1","Dramatic Entrance+1","Conserve Battery+1","Buffer+1","Discovery+1","Gash+1"],"relics":["Cracked Core","GremlinMask","Ornamental Fan","DataDisk","Molten Egg 2","Frozen Egg 2","Astrolabe","Orichalcum","Kunai","Busted Crown","Shovel","Pear","Pantograph","Incense Burner","Meat on the Bone","War Paint"],"potions_floor_usage":[8,14,25,28,44,48],"damage_taken":[{"damage":23,"enemies":"Jaw Worm","floor":1,"turns":5},{"damage":3,"enemies":"Cultist","floor":4,"turns":3},{"damage":3,"enemies":"3 Sentries","floor":8,"turns":5},{"damage":0,"enemies":"2 Louse","floor":10,"turns":2},{"damage":0,"enemies":"Looter","floor":13,"turns":3},{"damage":2,"enemies":"Gremlin Nob","floor":14,"turns":3},{"damage":5,"enemies":"Slime Boss","floor":16,"turns":8},{"damage":2,"enemies":"Shell Parasite","floor":18,"turns":5},{"damage":7,"enemies":"2 Thieves","floor":20,"turns":2},{"damage":0,"enemies":"3 Cultists","floor":21,"turns":4},{"damage":0,"enemies":"Sentry and Sphere","floor":25,"turns":3},{"damage":11,"enemies":"Centurion and Healer","floor":28,"turns":6},{"damage":4,"enemies":"3 Cultists","floor":31,"turns":5},{"damage":23,"enemies":"Collector","floor":33,"turns":11},{"damage":15,"enemies":"3 Darklings","floor":35,"turns":7},{"damage":4,"enemies":"3 Shapes","floor":41,"turns":4},{"damage":5,"enemies":"Transient","floor":44,"turns":5},{"damage":1,"enemies":"4 Shapes","floor":45,"turns":3},{"damage":12,"enemies":"Maw","floor":46,"turns":6},{"damage":1,"enemies":"Sphere and 2 Shapes","floor":48,"turns":3},{"damage":48,"enemies":"Awakened One","floor":50,"turns":15}],"seed_played":"-6706671395619772989","potions_obtained":[{"floor":1,"key":"Poison Potion"},{"floor":4,"key":"Explosive Potion"},{"floor":16,"key":"Ancient Potion"},{"floor":20,"key":"Swift Potion"},{"floor":31,"key":"Dexterity Potion"},{"floor":41,"key":"SteroidPotion"},{"floor":46,"key":"Swift Potion"}],"is_trial":false,"path_per_floor":["M","?","?","M","?","R","$","E","T","M","R","T","M","E","R","B",null,"M","?","M","M","$","R","?","M","T","R","M","R","?","M","R","B",null,"M","?","T","$","?","R","M","R","T","M","M","M","R","M","R","B"],"character_chosen":"DEFECT","items_purchased":["Coolheaded","Conserve Battery","Orichalcum","Pear"],"campfire_rested":1,"item_purchase_floors":[7,7,22,38],"current_hp_per_floor":[45,45,45,42,42,64,64,61,61,61,61,61,61,59,59,64,72,75,75,68,75,75,75,61,71,71,71,70,70,70,75,75,62,72,67,62,62,72,72,72,68,68,68,73,82,80,80,85,85,59],"gold":174,"neow_bonus":"THREE_RARE_CARDS","is_prod":false,"is_daily":false,"chose_seed":false,"campfire_upgraded":7,"win_rate":0,"timestamp":1537880357,"path_taken":["M","?","?","M","?","R","$","E","T","M","R","?","?","E","R","BOSS","M","?","M","?","$","R","?","M","T","R","?","R","?","M","R","BOSS","M","?","?","$","?","R","M","R","T","M","M","M","R","M","R","BOSS"],"build_version":"2018-09-20","purchased_purges":1,"victory":true,"max_hp_per_floor":[75,75,75,75,75,75,75,75,75,75,75,75,75,75,75,75,75,75,75,75,75,75,75,75,75,75,75,75,75,75,75,75,75,75,75,75,75,85,85,85,85,85,85,85,85,85,85,85,85,85],"card_choices":[{"not_picked":["Multi-Cast","Creative AI"],"picked":"Fission","floor":0},{"not_picked":["Stack","Steam"],"picked":"Sunder","floor":1},{"not_picked":["Stack","Go for the Eyes"],"picked":"Redo","floor":4},{"not_picked":["Sweeping Beam","Sunder"],"picked":"Leap","floor":8},{"not_picked":["Coolheaded","Leap"],"picked":"Go for the Eyes","floor":10},{"not_picked":["Scrape+1","Go for the Eyes+1"],"picked":"Ball Lightning+1","floor":13},{"not_picked":["Beam Cell+1","Reinforced Body"],"picked":"Self Repair","floor":14},{"not_picked":["All For One+1","Seek"],"picked":"Core Surge+1","floor":16},{"not_picked":["Conserve Battery","Consume"],"picked":"Beam Cell+1","floor":18},{"not_picked":["Streamline+1","Compile Driver+1"],"picked":"Hello World+1","floor":20},{"not_picked":["Rebound+1","Compile Driver+1"],"picked":"Hologram","floor":21},{"not_picked":["Aggregate","Go for the Eyes+1","Streamline+1"],"picked":"SKIP","floor":25},{"not_picked":["Beam Cell+1","Double Energy","Tempest"],"picked":"SKIP","floor":28},{"not_picked":["Auto Shields+1","Creative AI+1"],"picked":"Conserve Battery+1","floor":31},{"not_picked":["Seek","Amplify"],"picked":"Buffer+1","floor":33},{"not_picked":["Streamline+1"],"picked":"SKIP","floor":35},{"not_picked":[],"picked":"Discovery","floor":36},{"not_picked":["Hologram"],"picked":"SKIP","floor":41},{"not_picked":["Heatsinks+1"],"picked":"SKIP","floor":44},{"not_picked":[],"picked":"Gash+1","floor":45},{"not_picked":["Turbo+1"],"picked":"SKIP","floor":46},{"not_picked":["Steam"],"picked":"SKIP","floor":48}],"player_experience":681939,"relics_obtained":[{"floor":8,"key":"Ornamental Fan"},{"floor":9,"key":"DataDisk"},{"floor":12,"key":"Molten Egg 2"},{"floor":14,"key":"Frozen Egg 2"},{"floor":26,"key":"Kunai"},{"floor":37,"key":"Shovel"},{"floor":40,"key":"Pantograph"},{"floor":43,"key":"Incense Burner"},{"floor":47,"key":"Meat on the Bone"},{"floor":49,"key":"War Paint"}],"event_choices":[{"event_name":"FaceTrader","player_choice":"Trade","floor":2,"damage_taken":0},{"event_name":"Living Wall","player_choice":"Grow","floor":3,"damage_taken":0},{"event_name":"Purifier","player_choice":"One Purge","floor":5,"damage_taken":0},{"event_name":"Purifier","player_choice":"One Purge","floor":19,"damage_taken":0},{"event_name":"Knowing Skull","player_choice":"CARD ","floor":24,"damage_taken":0},{"event_name":"Golden Shrine","player_choice":"Pray","floor":30,"damage_taken":0},{"event_name":"SensoryStone","player_choice":"Memory 2","floor":36,"damage_taken":0},{"event_name":"Falling","player_choice":"Removed Skill","floor":39,"damage_taken":0}],"is_beta":false,"boss_relics":[{"not_picked":["Empty Cage","Coffee Dripper"],"picked":"Astrolabe"},{"not_picked":["Orrery","Inserter"],"picked":"Busted Crown"}],"items_purged_floors":[22],"is_endless":false,"potions_floor_spawned":[1,4,16,20,31,41,46],"ascension_level":7}