{"gold_per_floor":[115,128,148,148,80,114,40,70,70,70,90,90,108,108,108,205,205,223,223,242,242,253,253,267,267,267,282,296,296,296,311,311,407,407,425,425,445,456,468,468,26,45,69,98,61,61,61,80,80,80],"floor_reached":50,"playtime":3759,"items_purged":[],"score":538,"play_id":"87eb69c6-c6e1-4b27-9aad-92bcb39061a4","local_time":"20181227003201","is_ascension_mode":false,"campfire_choices":[{"data":"Infinite Blades","floor":12.0,"key":"SMITH"},{"data":"Neutralize","floor":15.0,"key":"SMITH"},{"data":"Phantasmal Killer","floor":23.0,"key":"SMITH"},{"data":"Outmaneuver","floor":25.0,"key":"SMITH"},{"floor":30.0,"key":"REST"},{"floor":32.0,"key":"REST"},{"floor":40.0,"key":"REST"},{"floor":49,"key":"REST"}],"neow_cost":"NONE","seed_source_timestamp":0,"circlet_count":0,"master_deck":["Survivor","Neutralize+1","Crippling Poison","All Out Attack","Sucker Punch","Infinite Blades+1","Venomology","Backstab+1","Poisoned Stab+1","Doppelganger+1","Phantasmal Killer+1","Cloak And Dagger","Bane+1","Footwork","Die Die Die+1","Flechettes+1","Escape Plan","Outmaneuver+1","Flying Knee+1","Die Die Die+1","Choke+1","Noxious Fumes+1","Poisoned Stab+1","Calculated Gamble","Heel Hook+1","Venomology","Venomology","Deflect","Glass Knife+1","Dash+1","Tactician+1","Bouncing Flask+1","Acrobatics+1","Prepared+1","Cloak And Dagger+1","Adrenaline","Eviscerate+1","Quick Slash+1"],"special_seed":0,"relics":["Ring of the Snake","Potion Belt","Matryoshka","Dream Catcher","Molten Egg 2","PreservedInsect","Pen Nib","Pandora\u0027s Box","Boot","HoveringKite","Gambling Chip","Strawberry","Omamori"],"potions_floor_usage":[50,50,50,50,50,50,50,50],"damage_taken":[{"damage":0.0,"enemies":"Jaw Worm","floor":1.0,"turns":6.0},{"damage":0.0,"enemies":"Small Slimes","floor":2.0,"turns":3.0},{"damage":0.0,"enemies":"Cultist","floor":3.0,"turns":4.0},{"damage":10.0,"enemies":"3 Sentries","floor":6.0,"turns":7.0},{"damage":21.0,"enemies":"Gremlin Nob","floor":8.0,"turns":5.0},{"damage":0.0,"enemies":"2 Fungi Beasts","floor":11.0,"turns":1.0},{"damage":0.0,"enemies":"Large Slime","floor":13.0,"turns":4.0},{"damage":19.0,"enemies":"The Guardian","floor":16.0,"turns":13.0},{"damage":19.0,"enemies":"2 Thieves","floor":18.0,"turns":4.0},{"damage":0.0,"enemies":"Chosen","floor":20.0,"turns":3.0},{"damage":22.0,"enemies":"Snake Plant","floor":22.0,"turns":3.0},{"damage":9.0,"enemies":"Centurion and Healer","floor":24.0,"turns":3.0},{"damage":10.0,"enemies":"Cultist and Chosen","floor":27.0,"turns":4.0},{"damage":14.0,"enemies":"Snake Plant","floor":28.0,"turns":3.0},{"damage":8.0,"enemies":"Shelled Parasite and Fungi","floor":31.0,"turns":4.0},{"damage":32.0,"enemies":"Automaton","floor":33.0,"turns":7.0},{"damage":9.0,"enemies":"3 Shapes","floor":35.0,"turns":2.0},{"damage":5.0,"enemies":"Orb Walker","floor":37.0,"turns":3.0},{"damage":2.0,"enemies":"Maw","floor":38.0,"turns":6.0},{"damage":17.0,"enemies":"Transient","floor":39.0,"turns":5.0},{"damage":35.0,"enemies":"Spire Growth","floor":42.0,"turns":4.0},{"damage":0.0,"enemies":"Reptomancer","floor":44.0,"turns":2.0},{"damage":0.0,"enemies":"Jaw Worm Horde","floor":47.0,"turns":1.0},{"damage":15.0,"enemies":"Sphere and 2 Shapes","floor":48.0,"turns":4.0},{"damage":76,"enemies":"Time Eater","floor":50,"turns":7}],"seed_played":"-4489143017257785366","potions_obtained":[{"floor":3.0,"key":"GhostInAJar"},{"floor":8.0,"key":"Fire Potion"},{"floor":13.0,"key":"Fruit Juice"},{"floor":16.0,"key":"LiquidBronze"},{"floor":18.0,"key":"Strength Potion"},{"floor":27.0,"key":"EssenceOfSteel"},{"floor":28.0,"key":"SteroidPotion"},{"floor":33.0,"key":"Explosive Potion"},{"floor":39.0,"key":"SmokeBomb"}],"is_trial":false,"path_per_floor":["M","M","M","?","?","E","$","E","T","$","M","R","M","?","R","B",null,"M","?","M","?","M","R","M","R","T","M","M","?","R","M","R","B",null,"M","?","M","M","M","R","$","M","T","E","$","?","M","M","R","B"],"character_chosen":"THE_SILENT","items_purchased":["GhostInAJar","Gambling Chip","Accuracy","Regen Potion","Eviscerate+1"],"campfire_rested":4,"item_purchase_floors":[7,41,41,41,45],"current_hp_per_floor":[70,70,70,58,58,48,48,27,27,27,27,27,32,32,32,13,75,56,56,56,56,34,34,34,34,34,24,10,10,32,24,46,14,75,66,66,61,59,42,64,64,29,36,41,41,41,41,35,59,0],"gold":80,"neow_bonus":"TRANSFORM_CARD","is_prod":false,"is_daily":false,"chose_seed":false,"campfire_upgraded":4,"win_rate":0,"timestamp":1545867121,"path_taken":["M","M","M","?","?","E","$","E","T","$","M","R","?","?","R","BOSS","M","?","?","?","M","R","M","R","T","?","M","?","R","M","R","BOSS","M","?","M","M","M","R","$","M","T","E","$","?","M","M","R","BOSS"],"build_version":"2018-12-20","purchased_purges":0,"victory":false,"max_hp_per_floor":[70,70,70,70,70,70,70,70,70,70,70,70,75,75,75,75,75,75,75,75,75,75,75,75,75,75,75,75,75,75,75,75,75,75,75,75,75,75,75,75,75,75,82,82,82,82,82,82,82,82],"card_choices":[{"not_picked":["Cloak And Dagger","Slice"],"picked":"All Out Attack","floor":1.0},{"not_picked":["Caltrops","Blade Dance"],"picked":"Sucker Punch","floor":2.0},{"not_picked":["Dash","Masterful Stab"],"picked":"Infinite Blades","floor":3.0},{"not_picked":["Poisoned Stab","Prepared"],"picked":"Venomology","floor":6.0},{"not_picked":["Deadly Poison","Slice"],"picked":"Backstab","floor":8.0},{"not_picked":["Choke+1","Skewer+1"],"picked":"Poisoned Stab+1","floor":11.0},{"not_picked":["PiercingWail","Quick Slash+1"],"picked":"Doppelganger","floor":13.0},{"not_picked":["Tools of the Trade","Wraith Form v2"],"picked":"Phantasmal Killer","floor":16.0},{"not_picked":["Caltrops+1","Blade Dance"],"picked":"Outmaneuver","floor":18.0},{"not_picked":["Quick Slash+1","Blur+1"],"picked":"Flying Knee+1","floor":20.0},{"not_picked":["Prepared","Backflip"],"picked":"Choke+1","floor":22.0},{"not_picked":["Footwork","Quick Slash+1"],"picked":"Noxious Fumes+1","floor":24.0},{"not_picked":["Blur","Bane+1"],"picked":"Poisoned Stab+1","floor":27.0},{"not_picked":["Blur","All Out Attack+1"],"picked":"Calculated Gamble","floor":28.0},{"not_picked":["Outmaneuver","Dagger Spray+1"],"picked":"Venomology","floor":30.0},{"not_picked":["Outmaneuver","Prepared","Flying Knee+1"],"picked":"SKIP","floor":31.0},{"not_picked":["Poisoned Stab+1","Flying Knee+1"],"picked":"Deflect","floor":32.0},{"not_picked":["Venomology","Phantasmal Killer"],"picked":"Glass Knife+1","floor":33.0},{"not_picked":["Deflect","Noxious Fumes+1"],"picked":"Dash+1","floor":35.0},{"not_picked":["Masterful Stab+1","Infinite Blades+1"],"picked":"Tactician+1","floor":37.0},{"not_picked":["Choke+1","Dagger Throw+1"],"picked":"Bouncing Flask+1","floor":38.0},{"not_picked":["Deadly Poison+1","Bane+1"],"picked":"Acrobatics+1","floor":39.0},{"not_picked":["Blade Dance","Masterful Stab+1"],"picked":"Prepared+1","floor":40.0},{"not_picked":["Acrobatics","Bane+1"],"picked":"Cloak And Dagger+1","floor":42.0},{"not_picked":["Footwork","Sucker Punch+1"],"picked":"Adrenaline","floor":44.0},{"not_picked":["Prepared+1","Accuracy"],"picked":"Quick Slash+1","floor":48.0}],"player_experience":105489,"relics_obtained":[{"floor":6.0,"key":"Dream Catcher"},{"floor":8.0,"key":"Molten Egg 2"},{"floor":9.0,"key":"PreservedInsect"},{"floor":9.0,"key":"Pen Nib"},{"floor":26.0,"key":"Boot"},{"floor":43.0,"key":"Strawberry"},{"floor":44.0,"key":"Omamori"}],"event_choices":[{"damage_healed":0.0,"max_hp_gain":0.0,"max_hp_loss":0.0,"gold_gain":0.0,"event_name":"Scrap Ooze","player_choice":"Success","floor":4.0,"gold_loss":0.0,"damage_taken":12.0,"relics_obtained":["Potion Belt"]},{"damage_healed":0.0,"max_hp_gain":0.0,"max_hp_loss":0.0,"gold_gain":0.0,"event_name":"WeMeetAgain","player_choice":"Paid Gold","floor":5.0,"gold_loss":68.0,"damage_taken":0.0,"relics_obtained":["Matryoshka"]},{"damage_healed":0.0,"max_hp_gain":0.0,"max_hp_loss":0.0,"gold_gain":0.0,"event_name":"Living Wall","player_choice":"Grow","floor":14.0,"gold_loss":0.0,"damage_taken":0.0,"cards_upgraded":["Doppelganger"]},{"cards_removed":["Reflex"],"damage_healed":0.0,"max_hp_gain":0.0,"max_hp_loss":0.0,"gold_gain":0.0,"event_name":"Purifier","player_choice":"Purged","floor":19.0,"gold_loss":0.0,"damage_taken":0.0},{"damage_healed":0.0,"max_hp_gain":0.0,"max_hp_loss":0.0,"gold_gain":0.0,"event_name":"Duplicator","player_choice":"Copied","floor":21.0,"gold_loss":0.0,"damage_taken":0.0,"cards_obtained":["Die Die Die"]},{"damage_healed":0.0,"max_hp_gain":0.0,"max_hp_loss":0.0,"gold_gain":0.0,"cards_transformed":["Corpse Explosion","Eviscerate"],"event_name":"Drug Dealer","player_choice":"Became Test Subject","floor":29.0,"gold_loss":0.0,"damage_taken":0.0,"cards_obtained":["Heel Hook","Venomology"]},{"damage_healed":0.0,"max_hp_gain":0.0,"max_hp_loss":0.0,"gold_gain":0.0,"event_name":"Mysterious Sphere","player_choice":"Ignored","floor":36.0,"gold_loss":0.0,"damage_taken":0.0},{"cards_removed":["Accuracy"],"damage_healed":0.0,"max_hp_gain":0.0,"max_hp_loss":0.0,"gold_gain":0.0,"event_name":"Falling","player_choice":"Removed Power","floor":46.0,"gold_loss":0.0,"damage_taken":0.0}],"is_beta":false,"boss_relics":[{"not_picked":["Sozu","Ring of the Serpent"],"picked":"Pandora\u0027s Box"},{"not_picked":["Lizard Tail","Calling Bell"],"picked":"HoveringKite"}],"items_purged_floors":[],"is_endless":false,"potions_floor_spawned":[3,8,13,16,18,27,28,33,39,47],"killed_by":"Time Eater","ascension_level":0}