{"path_per_floor":["M","M","$","M","M","R","$","R","T","E","?","R","$","M","R","B",null,"M","?","$","?","T","E","R","?","T","R","M","M","$","?","R"],"character_chosen":"IRONCLAD","items_purchased":["Flex","Twin Strike","Shrug It Off","Shrug It Off","Happy Flower"],"gold_per_floor":[119,135,59,70,87,87,36,36,36,62,62,62,10,25,25,124,124,105,105,30,30,53,80,80,80,133,133,144,164,9,9,9],"floor_reached":33,"campfire_rested":3,"playtime":1261,"current_hp_per_floor":[80,72,72,73,74,74,74,74,74,62,62,62,62,65,65,49,80,80,80,80,80,80,25,49,49,49,73,78,80,80,64,80],"items_purged":["Strike_R"],"gold":9,"score":313,"play_id":"73b6ae83-d774-4f13-950d-9847b3f2a1aa","local_time":"20180311115223","is_prod":false,"is_daily":false,"is_ascension_mode":true,"campfire_upgraded":4,"timestamp":1520765543,"path_taken":["M","M","$","M","M","R","$","R","T","E","?","R","$","M","R","BOSS","M","?","$","?","?","E","R","?","T","R","M","?","$","?","R","BOSS"],"build_version":"2018-03-09","purchased_purges":1,"victory":false,"master_deck":["Strike_R+1","Strike_R+1","Strike_R+1","Defend_R+1","Defend_R+1","Defend_R+1","Defend_R+1","Bash","Disarm+1","Flex+1","Twin Strike","Pommel Strike","Rampage+1","Shrug It Off+1","Clothesline","Shrug It Off","Impervious","Shrug It Off","Metallicize+1"],"max_hp_per_floor":[80,80,80,80,80,80,80,80,80,80,80,80,80,80,80,80,80,80,80,80,80,80,80,80,80,80,80,80,80,80,80,80],"relics":["Burning Blood","Letter Opener","Orichalcum","Omamori","Mark of Pain","Pen Nib","Bag of Preparation","Dream Catcher","Ancient Tea Set","Happy Flower","Enchiridion"],"card_choices":[{"not_picked":["Headbutt","Armaments"],"picked":"Disarm"},{"not_picked":["Rupture","Body Slam"],"picked":"Pommel Strike"},{"not_picked":["Infernal Blade","Corruption"],"picked":"Rampage"},{"not_picked":["Brutality","Armaments"],"picked":"Clothesline"},{"not_picked":["Barricade","Brutality"],"picked":"Impervious"},{"not_picked":["Berserk","Clash"],"picked":"Shrug It Off"},{"not_picked":["Wild Strike","Warcry"],"picked":"Metallicize"}],"player_experience":194690,"potions_floor_usage":[10,16,16,18,33,33],"damage_taken":[{"damage":5,"enemies":"2 Louse","floor":1,"turns":4},{"damage":14,"enemies":"Small Slimes","floor":2,"turns":5},{"damage":5,"enemies":"Jaw Worm","floor":4,"turns":4},{"damage":5,"enemies":"Exordium Wildlife","floor":5,"turns":4},{"damage":18,"enemies":"Lagavulin","floor":10,"turns":5},{"damage":3,"enemies":"Looter","floor":14,"turns":3},{"damage":22,"enemies":"Hexaghost","floor":16,"turns":11},{"damage":5,"enemies":"2 Thieves","floor":18,"turns":4},{"damage":61,"enemies":"Slavers","floor":23,"turns":9},{"damage":1,"enemies":"Chosen","floor":28,"turns":3},{"damage":2,"enemies":"Snake Plant","floor":29,"turns":4},{"damage":87,"enemies":"Automaton","floor":33,"turns":12}],"event_choices":[{"event_name":"Dead Adventurer","player_choice":"Searched \u00271\u0027 times","floor":11,"damage_taken":0},{"event_name":"Vampires","player_choice":"Ignored","floor":19,"damage_taken":0},{"event_name":"The Mausoleum","player_choice":"Yes","floor":21,"damage_taken":0},{"event_name":"Back to Basics","player_choice":"Simplicity","floor":25,"damage_taken":0},{"event_name":"Cursed Tome","player_choice":"Obtained Book","floor":31,"damage_taken":0}],"boss_relics":[{"not_picked":["Eternal Feather","Black Blood"],"picked":"Mark of Pain"}],"potions_floor_spawned":[2,4,10,14,18,28],"seed_played":"-6756034912795292058","killed_by":"Automaton","ascension_level":4,"is_trial":false}