{"gold_per_floor":[413,424,297,297,297,297,322,322,375,375,68,243,243],"floor_reached":13,"playtime":221,"items_purged":["Strike_R"],"score":79,"play_id":"178a2475-b1c7-488a-b01c-3ef0a7b26d05","local_time":"20190131221628","is_ascension_mode":false,"campfire_choices":[{"data":"Intimidate","floor":6,"key":"SMITH"},{"data":"Berserk","floor":8,"key":"SMITH"},{"data":"Flex","floor":10,"key":"SMITH"}],"neow_cost":"PERCENT_DAMAGE","seed_source_timestamp":4237410022949,"circlet_count":0,"master_deck":["Strike_R","Strike_R+1","Strike_R","Strike_R","Defend_R","Defend_R","Defend_R","Defend_R","Bash+1","Sword Boomerang","Intimidate+1","Flex+1","Berserk+1","Corruption","Rage","Doubt"],"special_seed":0,"relics":["Burning Blood","Old Coin","Oddly Smooth Stone","Juzu Bracelet","Happy Flower"],"potions_floor_usage":[],"damage_taken":[{"damage":0.0,"enemies":"Small Slimes","floor":1.0,"turns":3.0},{"damage":0,"enemies":"2 Louse","floor":2,"turns":4},{"damage":40,"enemies":"Lagavulin","floor":7,"turns":7},{"damage":23,"enemies":"The Mushroom Lair","floor":13,"turns":3}],"seed_played":"-8484663274483136534","potions_obtained":[{"floor":7,"key":"LiquidBronze"}],"is_trial":false,"path_per_floor":["M","M","$","?","?","R","E","R","T","R","$","?","?"],"character_chosen":"IRONCLAD","items_purchased":["Flex","Corruption","Rage","Happy Flower"],"campfire_rested":0,"item_purchase_floors":[3,11,11,11],"current_hp_per_floor":[62,68,68,73,56,56,22,22,22,22,22,22,0],"gold":243,"neow_bonus":"ONE_RARE_RELIC","is_prod":false,"is_daily":false,"chose_seed":false,"campfire_upgraded":3,"win_rate":0,"timestamp":1548994588,"path_taken":["M","M","$","?","?","R","E","R","T","R","$","?","?"],"build_version":"2019-01-23","purchased_purges":1,"victory":false,"max_hp_per_floor":[80,80,80,85,85,85,85,85,85,85,85,85,85],"card_choices":[{"not_picked":["Heavy Blade","Power Through"],"picked":"Sword Boomerang","floor":1.0},{"not_picked":["True Grit","Warcry"],"picked":"Intimidate","floor":2},{"not_picked":["Dual Wield","Perfected Strike"],"picked":"Berserk","floor":7}],"player_experience":682311,"relics_obtained":[{"floor":7,"key":"Oddly Smooth Stone"},{"floor":9,"key":"Juzu Bracelet"}],"event_choices":[{"damage_healed":0,"gold_gain":0,"player_choice":"Donut","damage_taken":0,"max_hp_gain":5,"max_hp_loss":0,"event_name":"Big Fish","floor":4,"gold_loss":0},{"damage_healed":0,"gold_gain":0,"player_choice":"Entered Light","damage_taken":17,"max_hp_gain":0,"max_hp_loss":0,"event_name":"Shining Light","floor":5,"gold_loss":0,"cards_upgraded":["Strike_R","Bash"]},{"damage_healed":0,"gold_gain":175,"player_choice":"AGREE","damage_taken":0,"max_hp_gain":0,"max_hp_loss":0,"event_name":"Liars Game","floor":12,"gold_loss":0,"cards_obtained":["Doubt"]},{"damage_healed":0,"gold_gain":0,"player_choice":"Fought Mushrooms","damage_taken":0,"max_hp_gain":0,"max_hp_loss":0,"event_name":"Mushrooms","floor":13,"gold_loss":0}],"is_beta":false,"boss_relics":[],"items_purged_floors":[3],"is_endless":false,"potions_floor_spawned":[7],"killed_by":"The Mushroom Lair","ascension_level":0}