{"gold_per_floor":[112,132,146,96,96,96,116,116,190,190,190,203,203,244,244,244],"floor_reached":16,"playtime":679,"items_purged":[],"score":100,"play_id":"10e84835-bcf8-4c79-ba05-42c3439faca3","local_time":"20181014180953","is_ascension_mode":false,"campfire_choices":[{"data":"Chill","floor":6,"key":"SMITH"},{"data":"Dualcast","floor":8,"key":"SMITH"},{"data":"Genetic Algorithm","floor":10,"key":"SMITH"},{"floor":15,"key":"REST"}],"neow_cost":"NONE","seed_source_timestamp":261257933963218,"circlet_count":0,"master_deck":["Strike_B","Strike_B","Strike_B","Defend_B+1","Defend_B+1","Defend_B","Defend_B","Zap","Dualcast+1","Beam Cell","Chill+1","Genetic Algorithm+1","Injury","Gash","Streamline"],"relics":["Cracked Core","NeowsBlessing","Golden Idol","Pear","Torii","War Paint","Omamori"],"potions_floor_usage":[12,16],"damage_taken":[{"damage":0,"enemies":"Jaw Worm","floor":1,"turns":1},{"damage":0,"enemies":"2 Louse","floor":2,"turns":1},{"damage":0,"enemies":"Small Slimes","floor":3,"turns":1},{"damage":7,"enemies":"Looter","floor":7,"turns":4},{"damage":8,"enemies":"Large Slime","floor":12,"turns":7},{"damage":51,"enemies":"Gremlin Nob","floor":14,"turns":6},{"damage":44,"enemies":"Slime Boss","floor":16,"turns":10}],"seed_played":"5015833543031686057","potions_obtained":[{"floor":2,"key":"GamblersBrew"},{"floor":14,"key":"Fire Potion"}],"is_trial":false,"path_per_floor":["M","M","M","?","?","R","M","R","T","R","T","M","?","E","R"],"character_chosen":"DEFECT","items_purchased":[],"campfire_rested":1,"item_purchase_floors":[],"current_hp_per_floor":[75,75,75,75,75,75,68,68,78,78,78,70,67,16,41,0],"gold":244,"neow_bonus":"THREE_ENEMY_KILL","is_prod":false,"is_daily":false,"chose_seed":false,"campfire_upgraded":3,"win_rate":0.0,"timestamp":1539493793,"path_taken":["M","M","M","?","?","R","M","R","T","R","?","M","?","E","R","BOSS"],"build_version":"2018-10-11","purchased_purges":0,"victory":false,"max_hp_per_floor":[75,75,75,75,75,75,75,75,85,85,85,85,85,85,85,85],"card_choices":[{"not_picked":["Compile Driver","Steam"],"picked":"Beam Cell","floor":1},{"not_picked":["Cold Snap","Force Field"],"picked":"Chill","floor":2},{"not_picked":["Aggregate","Steam"],"picked":"Genetic Algorithm","floor":3},{"not_picked":["Blizzard","Hologram"],"picked":"Gash","floor":7},{"not_picked":["Stack","Leap","Steam"],"picked":"SKIP","floor":12},{"not_picked":["Sweeping Beam","Conserve Battery"],"picked":"Streamline","floor":14}],"player_experience":38977,"relics_obtained":[{"floor":9,"key":"Pear"},{"floor":11,"key":"Torii"},{"floor":14,"key":"Omamori"}],"event_choices":[{"event_name":"The Cleric","player_choice":"Card Removal","floor":4,"damage_taken":0},{"event_name":"Golden Idol","player_choice":"Take Wound","floor":5,"damage_taken":0},{"event_name":"Scrap Ooze","player_choice":"success","floor":13,"damage_taken":3}],"is_beta":false,"boss_relics":[],"items_purged_floors":[],"is_endless":false,"potions_floor_spawned":[2,14],"killed_by":"Slime Boss","ascension_level":0}