{"gold_per_floor":[116,127,127,277,12,38,38,70,70,83,83,103,28,43,43,116,116,133,148,180,80,94,125,143,143,143,143,171,188,201,201,201,201],"floor_reached":33,"playtime":1327,"items_purged":["Doubt","Strike_R"],"score":628,"play_id":"442ad002-b6fc-4e2a-a695-9191e7f6f3ec","local_time":"20190102104420","is_ascension_mode":true,"campfire_choices":[{"data":"Blood for Blood","floor":7.0,"key":"SMITH"},{"floor":15.0,"key":"RECALL"},{"floor":27,"key":"REST"},{"floor":32,"key":"REST"}],"neow_cost":"NONE","seed_source_timestamp":4109664689062,"circlet_count":0,"master_deck":["AscendersBane","Strike_R","Strike_R","Strike_R","Strike_R","Defend_R","Defend_R","Defend_R","Defend_R","Bash","Armaments","Blood for Blood+1","Shrug It Off+1","Ghostly Armor+1","Carnage+1","Shrug It Off+1","Shrug It Off+1","Warcry+1","Immolate","Disarm+1","Spot Weakness+1","Dropkick","Entrench+1","Body Slam+1","Power Through+1","Entrench+1","Warcry+1","Decay"],"special_seed":0,"relics":["Burning Blood","NeowsBlessing","Toxic Egg 2","Strange Spoon","Pantograph","Blood Vial","Bag of Preparation","Cursed Key","Red Mask","Nunchaku","Ornamental Fan"],"potions_floor_usage":[28,30,30],"damage_taken":[{"damage":0.0,"enemies":"Cultist","floor":1.0,"turns":1.0},{"damage":0.0,"enemies":"Jaw Worm","floor":2.0,"turns":1.0},{"damage":0.0,"enemies":"3 Sentries","floor":6.0,"turns":2.0},{"damage":40.0,"enemies":"Lagavulin","floor":8.0,"turns":7.0},{"damage":0.0,"enemies":"Small Slimes","floor":10.0,"turns":3.0},{"damage":10.0,"enemies":"Blue Slaver","floor":12.0,"turns":4.0},{"damage":0.0,"enemies":"Exordium Wildlife","floor":14.0,"turns":5.0},{"damage":35.0,"enemies":"The Guardian","floor":16.0,"turns":13.0},{"damage":12.0,"enemies":"3 Byrds","floor":18.0,"turns":5.0},{"damage":11.0,"enemies":"2 Thieves","floor":19.0,"turns":3.0},{"damage":20.0,"enemies":"Masked Bandits","floor":20.0,"turns":4.0},{"damage":0.0,"enemies":"Centurion and Healer","floor":22.0,"turns":5.0},{"damage":42.0,"enemies":"Gremlin Leader","floor":23.0,"turns":8.0},{"damage":15.0,"enemies":"Snecko","floor":24.0,"turns":4.0},{"damage":1.0,"enemies":"Colosseum Slavers","floor":25.0,"turns":4.0},{"damage":22,"enemies":"Slavers","floor":28,"turns":7},{"damage":8,"enemies":"Cultist and Chosen","floor":29,"turns":7},{"damage":28,"enemies":"Chosen and Byrds","floor":30,"turns":9},{"damage":51,"enemies":"Champ","floor":33,"turns":16}],"seed_played":"-151058442912498351","potions_obtained":[{"floor":6.0,"key":"FearPotion"},{"floor":10.0,"key":"LiquidBronze"},{"floor":14.0,"key":"Explosive Potion"},{"floor":18.0,"key":"Regen Potion"},{"floor":20.0,"key":"GamblersBrew"},{"floor":28,"key":"Explosive Potion"},{"floor":29,"key":"Weak Potion"}],"is_trial":false,"path_per_floor":["M","M","?","?","$","E","R","E","T","M","?","M","$","M","R","B",null,"M","M","?","$","M","E","M","?","T","R","E","M","M","?","R","B"],"character_chosen":"IRONCLAD","items_purchased":["Shrug It Off+1","Strange Spoon"],"campfire_rested":2,"item_purchase_floors":[5,5],"current_hp_per_floor":[74,75,64,64,64,70,70,36,36,44,44,42,42,50,50,46,68,64,61,49,49,57,23,16,23,23,45,46,46,26,26,48,24],"gold":201,"neow_bonus":"THREE_ENEMY_KILL","is_prod":false,"is_daily":false,"chose_seed":false,"campfire_upgraded":1,"win_rate":0,"timestamp":1546454660,"path_taken":["M","M","?","?","$","E","R","E","T","M","?","M","?","?","R","BOSS","M","M","?","$","M","E","M","?","T","R","E","M","?","?","R","BOSS"],"build_version":"2019-01-01v2","purchased_purges":2,"victory":false,"max_hp_per_floor":[75,75,75,75,75,75,75,75,75,75,75,75,75,75,75,75,75,75,75,75,75,75,75,75,75,75,75,75,75,75,75,75,75],"card_choices":[{"not_picked":["Bloodletting","Havoc"],"picked":"Armaments","floor":1.0},{"not_picked":["Headbutt","Bloodletting"],"picked":"Blood for Blood","floor":2.0},{"not_picked":["Whirlwind","Rage+1"],"picked":"Ghostly Armor+1","floor":6.0},{"not_picked":["Cleave","Twin Strike"],"picked":"Carnage","floor":8.0},{"not_picked":["Sword Boomerang","Headbutt"],"picked":"Shrug It Off+1","floor":10.0},{"not_picked":["Searing Blow","Clash"],"picked":"Shrug It Off+1","floor":12.0},{"not_picked":["Flex+1","Twin Strike"],"picked":"Warcry+1","floor":14.0},{"not_picked":["Brutality","Double Tap+1"],"picked":"Immolate","floor":16.0},{"not_picked":["Clothesline","True Grit+1"],"picked":"Disarm+1","floor":18.0},{"not_picked":["Headbutt","Cleave"],"picked":"Spot Weakness+1","floor":19.0},{"not_picked":["Cleave","Anger"],"picked":"Dropkick","floor":22.0},{"not_picked":["Shrug It Off+1","Sentinel+1"],"picked":"Entrench+1","floor":23.0},{"not_picked":["Sword Boomerang","Bloodletting+1"],"picked":"Body Slam+1","floor":24.0},{"not_picked":["Feel No Pain","Seeing Red+1"],"picked":"Power Through+1","floor":28},{"not_picked":["Wild Strike","Corruption"],"picked":"Entrench+1","floor":29},{"not_picked":["Uppercut","Anger"],"picked":"Warcry+1","floor":30}],"player_experience":1014597,"relics_obtained":[{"floor":6.0,"key":"Pantograph"},{"floor":8.0,"key":"Blood Vial"},{"floor":9.0,"key":"Bag of Preparation"},{"floor":20.0,"key":"Red Mask"},{"floor":23.0,"key":"Nunchaku"},{"floor":28,"key":"Ornamental Fan"}],"event_choices":[{"damage_healed":0.0,"max_hp_gain":0.0,"max_hp_loss":0.0,"gold_gain":0.0,"event_name":"Scrap Ooze","player_choice":"Success","floor":3.0,"gold_loss":0.0,"damage_taken":11.0,"relics_obtained":["Toxic Egg 2"]},{"damage_healed":0.0,"max_hp_gain":0.0,"max_hp_loss":0.0,"gold_gain":150.0,"event_name":"Liars Game","player_choice":"AGREE","floor":4.0,"gold_loss":0.0,"damage_taken":0.0,"cards_obtained":["Doubt"]},{"damage_healed":0.0,"max_hp_gain":0.0,"max_hp_loss":0.0,"gold_gain":0.0,"event_name":"Living Wall","player_choice":"Grow","floor":11.0,"gold_loss":0.0,"damage_taken":0.0,"cards_upgraded":["Carnage"]},{"damage_healed":0.0,"max_hp_gain":0.0,"max_hp_loss":0.0,"gold_gain":0.0,"event_name":"Masked Bandits","player_choice":"Fought Bandits","floor":20.0,"gold_loss":0.0,"damage_taken":0.0},{"damage_healed":0.0,"max_hp_gain":0.0,"max_hp_loss":0.0,"gold_gain":0.0,"event_name":"Colosseum","player_choice":"Fight","floor":25.0,"gold_loss":0.0,"damage_taken":0.0},{"damage_healed":0.0,"max_hp_gain":0.0,"max_hp_loss":0.0,"gold_gain":0.0,"event_name":"Colosseum","player_choice":"Fled From Nobs","floor":25.0,"gold_loss":0.0,"damage_taken":0.0},{"damage_healed":0,"gold_gain":0,"player_choice":"Smashed Altar","damage_taken":0,"max_hp_gain":0,"max_hp_loss":0,"event_name":"Forgotten Altar","floor":31,"gold_loss":0,"cards_obtained":["Decay"]}],"is_beta":true,"boss_relics":[{"not_picked":["Runic Cube","Tiny House"],"picked":"Cursed Key"}],"items_purged_floors":[13,21],"is_endless":false,"potions_floor_spawned":[6,10,14,18,20,25,28,29],"killed_by":"Champ","ascension_level":19}