{"gold_per_floor":[119,194,214,139,157,157,182,182,182,205,205,216,176],"floor_reached":13,"playtime":309,"items_purged":[],"score":162,"play_id":"234246ca-9095-46b2-a911-4e28a010940d","local_time":"20190119003034","is_ascension_mode":true,"campfire_choices":[{"data":"Zap","floor":6.0,"key":"SMITH"},{"data":"Self Repair","floor":8.0,"key":"SMITH"}],"neow_cost":"NONE","seed_source_timestamp":0,"circlet_count":0,"master_deck":["AscendersBane","Strike_B","Strike_B","Strike_B","Defend_B","Defend_B","Defend_B","Defend_B","Zap+1","Dualcast","Rip and Tear","Stack+1","Self Repair+1","Compile Driver","Rip and Tear","Creative AI","Beam Cell"],"special_seed":0,"relics":["Cracked Core","Peace Pipe","Prayer Wheel","Odd Mushroom"],"potions_floor_usage":[13],"damage_taken":[{"damage":0.0,"enemies":"Small Slimes","floor":1.0,"turns":3.0},{"damage":2.0,"enemies":"Jaw Worm","floor":3.0,"turns":3.0},{"damage":9.0,"enemies":"2 Louse","floor":5.0,"turns":2.0},{"damage":30.0,"enemies":"3 Sentries","floor":7.0,"turns":7.0},{"damage":15.0,"enemies":"The Mushroom Lair","floor":10.0,"turns":4.0},{"damage":19,"enemies":"Gremlin Gang","floor":12,"turns":3},{"damage":6,"enemies":"Looter","floor":13,"turns":2}],"seed_played":"2047834162771489859","potions_obtained":[{"floor":1.0,"key":"FocusPotion"},{"floor":12,"key":"Block Potion"}],"is_trial":false,"path_per_floor":["M","?","M","?","M","R","E","R","T","?","?","M","M"],"character_chosen":"DEFECT","items_purchased":[],"campfire_rested":0,"item_purchase_floors":[],"current_hp_per_floor":[71,60,58,58,49,49,26,26,26,21,21,2,0],"gold":176,"neow_bonus":"TEN_PERCENT_HP_BONUS","is_prod":false,"is_daily":false,"chose_seed":false,"campfire_upgraded":2,"win_rate":0,"timestamp":1547825434,"path_taken":["M","?","M","?","?","R","E","R","T","?","?","M","?"],"build_version":"2019-01-17v2","purchased_purges":0,"victory":false,"max_hp_per_floor":[78,78,78,78,78,78,78,78,78,78,78,78,78],"card_choices":[{"not_picked":["Glacier","Stack"],"picked":"Rip and Tear","floor":1.0},{"not_picked":["Turbo","Barrage"],"picked":"Stack","floor":3.0},{"not_picked":["Rebound","Redo"],"picked":"Self Repair","floor":5.0},{"not_picked":["Heatsinks","Coolheaded"],"picked":"Compile Driver","floor":7.0},{"not_picked":["Turbo","Reinforced Body"],"picked":"Rip and Tear","floor":10.0},{"not_picked":["Sweeping Beam","Compile Driver"],"picked":"Creative AI","floor":12},{"not_picked":["Darkness","Capacitor"],"picked":"Beam Cell","floor":12}],"player_experience":1050412,"relics_obtained":[{"floor":7.0,"key":"Peace Pipe"},{"floor":9.0,"key":"Prayer Wheel"},{"floor":10.0,"key":"Odd Mushroom"}],"event_choices":[{"damage_healed":0.0,"max_hp_gain":0.0,"max_hp_loss":0.0,"gold_gain":75.0,"event_name":"World of Goop","player_choice":"Gather Gold","floor":2.0,"gold_loss":0.0,"damage_taken":11.0},{"cards_removed":["Strike_B"],"damage_healed":0.0,"max_hp_gain":0.0,"max_hp_loss":0.0,"gold_gain":0.0,"event_name":"The Cleric","player_choice":"Card Removal","floor":4.0,"gold_loss":75.0,"damage_taken":0.0},{"damage_healed":0.0,"max_hp_gain":0.0,"max_hp_loss":0.0,"gold_gain":0.0,"event_name":"Mushrooms","player_choice":"Fought Mushrooms","floor":10.0,"gold_loss":0.0,"damage_taken":0.0},{"damage_healed":0.0,"max_hp_gain":0.0,"max_hp_loss":0.0,"gold_gain":0.0,"event_name":"Accursed Blacksmith","player_choice":"Forge","floor":11.0,"gold_loss":0.0,"damage_taken":0.0,"cards_upgraded":["Stack"]}],"is_beta":false,"boss_relics":[],"items_purged_floors":[],"is_endless":false,"potions_floor_spawned":[1,12],"killed_by":"Looter","ascension_level":19}