{"path_per_floor":["M","M","M","$","?","R","E","R","T","M","E","R","M","M","R","B",null,"M","$","?","?","M","R","?","R","T","R","M","M","M","E","R","B",null,"M","M","$","?","?","R","M","R","T","M","M","M","M","M","R"],"character_chosen":"THE_SILENT","items_purchased":["Catalyst","Gremlin Horn","Lantern","Escape Plan"],"gold_per_floor":[118,131,144,69,69,69,102,102,102,117,151,151,176,195,195,319,319,343,27,27,27,43,43,43,43,343,343,357,376,390,417,417,521,521,539,549,221,221,221,221,234,234,234,248,264,278,288,305,305,305],"floor_reached":50,"campfire_rested":3,"playtime":2722,"current_hp_per_floor":[69,69,69,69,52,52,54,54,54,49,47,47,42,42,63,50,70,70,70,70,70,69,69,69,69,70,70,65,20,24,20,41,21,74,72,44,44,44,63,73,72,76,76,78,57,63,52,30,66,0],"items_purged":["Strike_G","Strike_G"],"gold":305,"score":503,"play_id":"ce91badc-7151-4f5a-9e22-a4fbbe73499d","local_time":"20180406125605","is_prod":false,"is_daily":false,"is_ascension_mode":false,"campfire_upgraded":8,"timestamp":1523012165,"path_taken":["M","M","?","$","?","R","E","R","T","M","E","R","M","M","R","BOSS","M","$","?","?","M","R","?","R","T","R","M","M","?","E","R","BOSS","M","?","$","?","?","R","M","R","T","M","?","M","M","M","R","BOSS"],"build_version":"2018-04-05v2","purchased_purges":2,"victory":false,"master_deck":["Defend_G","Defend_G","Defend_G","Defend_G","Defend_G","Strike_G","Strike_G","Survivor","Neutralize","Burst+1","Deadly Poison+1","Malaise","Noxious Fumes+1","Sucker Punch","Backflip","After Image+1","Leg Sweep+1","Bane","Catalyst+1","Deadly Poison+1","PiercingWail","Backflip","Dash+1","Corpse Explosion+1","Deflect+1","Escape Plan","Writhe","Blur+1","Footwork","Deflect"],"max_hp_per_floor":[70,70,70,70,70,70,70,70,70,70,70,70,70,70,70,70,70,70,70,70,70,70,70,70,70,70,70,72,72,72,72,72,74,74,76,76,76,76,76,76,76,76,76,78,80,80,80,82,82,82],"relics":["Ring of the Snake","Bloody Idol","Girya","Matryoshka","Toolbox","Lizard Tail","Gremlin Horn","Singing Bowl","Old Coin","Bag of Preparation","Eternal Feather","Lantern","Meat on the Bone","The Specimen"],"card_choices":[{"not_picked":["Poisoned Stab","Leg Sweep"],"picked":"Deadly Poison","floor":1},{"not_picked":["Acrobatics","Slice"],"picked":"Malaise","floor":2},{"not_picked":["Setup","Backstab"],"picked":"Noxious Fumes","floor":3},{"not_picked":["Tactician","Deflect"],"picked":"Sucker Punch","floor":7},{"not_picked":["Concentrate","All Out Attack"],"picked":"Backflip","floor":10},{"not_picked":["Deflect","Underhanded Strike"],"picked":"After Image","floor":11},{"not_picked":["Underhanded Strike","Backflip"],"picked":"Leg Sweep","floor":14},{"not_picked":["Wraith Form","A Thousand Cuts"],"picked":"Die Die Die","floor":16},{"not_picked":["Dagger Spray","Finisher"],"picked":"Bane","floor":18},{"not_picked":["Accuracy","Eviscerate"],"picked":"PiercingWail","floor":22},{"not_picked":["Sucker Punch","Riddle With Holes"],"picked":"Backflip","floor":29},{"not_picked":["Quick Slash","Well Laid Plans"],"picked":"Dash","floor":30},{"not_picked":["Terror","Concentrate"],"picked":"Corpse Explosion","floor":31},{"not_picked":["Endless Agony","Caltrops"],"picked":"Deflect","floor":36},{"not_picked":["Finisher","Outmaneuver"],"picked":"Blur","floor":41},{"not_picked":["Concentrate","Dagger Throw"],"picked":"Footwork","floor":46},{"not_picked":["Masterful Stab","PiercingWail"],"picked":"Deflect","floor":47}],"player_experience":343101,"potions_floor_usage":[7,18,22,28,31,31,35,44,44,45,46],"damage_taken":[{"damage":1,"enemies":"Cultist","floor":1,"turns":6},{"damage":0,"enemies":"2 Louse","floor":2,"turns":2},{"damage":0,"enemies":"Jaw Worm","floor":3,"turns":6},{"damage":13,"enemies":"3 Sentries","floor":7,"turns":7},{"damage":5,"enemies":"Red Slaver","floor":10,"turns":4},{"damage":2,"enemies":"Lagavulin","floor":11,"turns":7},{"damage":5,"enemies":"Blue Slaver","floor":13,"turns":4},{"damage":0,"enemies":"Large Slime","floor":14,"turns":4},{"damage":13,"enemies":"Hexaghost","floor":16,"turns":10},{"damage":0,"enemies":"Spheric Guardian","floor":18,"turns":5},{"damage":1,"enemies":"3 Byrds","floor":22,"turns":5},{"damage":12,"enemies":"Slaver and Parasite","floor":28,"turns":9},{"damage":50,"enemies":"Chosen and Byrds","floor":29,"turns":9},{"damage":1,"enemies":"Snake Plant","floor":30,"turns":4},{"damage":9,"enemies":"Book of Stabbing","floor":31,"turns":5},{"damage":65,"enemies":"Automaton","floor":33,"turns":13},{"damage":9,"enemies":"Orb Walker","floor":35,"turns":7},{"damage":33,"enemies":"3 Darklings","floor":36,"turns":6},{"damage":6,"enemies":"Maw","floor":41,"turns":9},{"damage":0,"enemies":"4 Shapes","floor":44,"turns":6},{"damage":28,"enemies":"Sphere and 2 Shapes","floor":45,"turns":7},{"damage":14,"enemies":"3 Darklings","floor":46,"turns":8},{"damage":16,"enemies":"4 Shapes","floor":47,"turns":11},{"damage":41,"enemies":"Sphere and 2 Shapes","floor":48,"turns":6},{"damage":68,"enemies":"Time Eater","floor":50,"turns":14}],"event_choices":[{"event_name":"Golden Idol","player_choice":"Take Damage","floor":5,"damage_taken":0},{"event_name":"Drug Dealer","player_choice":"Ignored","floor":20,"damage_taken":0},{"event_name":"The Library","player_choice":"Read","floor":21,"damage_taken":0},{"event_name":"Forgotten Altar","player_choice":"Gave Idol","floor":24,"damage_taken":0},{"event_name":"Winding Halls","player_choice":"Writhe","floor":39,"damage_taken":0}],"boss_relics":[{"not_picked":["Pandora\u0027s Box","Philosopher\u0027s Stone"],"picked":"Lizard Tail"},{"not_picked":["Runic Dome","Orrery"],"picked":"Eternal Feather"}],"potions_floor_spawned":[2,7,13,16,22,28,30,31,33,36,41,44],"seed_played":"129138599789514903","killed_by":"Time Eater","ascension_level":0,"is_trial":false}