{"gold_per_floor":[113,188,188,207,224,224,252,252,276,290,290,318,331,344,344,421,471,489,499,532,550,550,550],"floor_reached":23,"playtime":675,"items_purged":[],"score":445,"play_id":"b4cc87a9-b89c-484f-9037-1aa4f454355f","local_time":"20190119002311","is_ascension_mode":true,"campfire_choices":[{"data":"Zap","floor":6.0,"key":"SMITH"},{"data":"Defragment","floor":8.0,"key":"SMITH"},{"data":"Leap","floor":11.0,"key":"SMITH"},{"data":"Steam","floor":15.0,"key":"SMITH"}],"neow_cost":"NONE","seed_source_timestamp":0,"circlet_count":0,"master_deck":["AscendersBane","Strike_B","Strike_B","Strike_B","Strike_B","Defend_B","Defend_B","Defend_B","Zap+1","Dualcast+1","Defragment+1","Doom and Gloom","Ball Lightning","Melter","Leap+1","Hyperbeam","Barrage","Steam+1","Biased Cognition","BootSequence","Genetic Algorithm","White Noise","Conserve Battery+1","Writhe"],"special_seed":0,"relics":["Cracked Core","Smiling Mask","Art of War","FossilizedHelix","Tiny House","Red Mask","Potion Belt"],"potions_floor_usage":[23],"damage_taken":[{"damage":0.0,"enemies":"Small Slimes","floor":1.0,"turns":3.0},{"damage":2.0,"enemies":"2 Louse","floor":4.0,"turns":2.0},{"damage":1.0,"enemies":"Cultist","floor":5.0,"turns":3.0},{"damage":15.0,"enemies":"Lagavulin","floor":7.0,"turns":6.0},{"damage":12.0,"enemies":"Looter","floor":10.0,"turns":3.0},{"damage":0.0,"enemies":"Gremlin Nob","floor":12.0,"turns":3.0},{"damage":0.0,"enemies":"Large Slime","floor":13.0,"turns":4.0},{"damage":0.0,"enemies":"Exordium Thugs","floor":14.0,"turns":3.0},{"damage":18.0,"enemies":"Slime Boss","floor":16.0,"turns":7.0},{"damage":0.0,"enemies":"Spheric Guardian","floor":18.0,"turns":3.0},{"damage":0.0,"enemies":"Chosen","floor":19.0,"turns":5.0},{"damage":47.0,"enemies":"Masked Bandits","floor":20.0,"turns":4.0},{"damage":14.0,"enemies":"Centurion and Healer","floor":21.0,"turns":6.0},{"damage":30,"enemies":"Slavers","floor":23,"turns":3}],"seed_played":"2842228766738210419","potions_obtained":[{"floor":1.0,"key":"PowerPotion"},{"floor":5.0,"key":"FairyPotion"},{"floor":7.0,"key":"SkillPotion"},{"floor":14.0,"key":"Block Potion"},{"floor":17.0,"key":"GamblersBrew"},{"floor":20.0,"key":"SkillPotion"}],"is_trial":false,"path_per_floor":["M","?","?","M","M","R","E","R","T","M","R","E","M","M","R","B",null,"M","M","?","M","?","E"],"character_chosen":"DEFECT","items_purchased":[],"campfire_rested":0,"item_purchase_floors":[],"current_hp_per_floor":[71,60,60,58,57,57,42,42,42,30,30,30,30,30,30,12,67,67,67,20,6,6,0],"gold":550,"neow_bonus":"TEN_PERCENT_HP_BONUS","is_prod":false,"is_daily":false,"chose_seed":false,"campfire_upgraded":4,"win_rate":0,"timestamp":1547824991,"path_taken":["M","?","?","M","M","R","E","R","T","M","R","E","M","M","R","BOSS","M","?","?","M","?","E"],"build_version":"2019-01-17v2","purchased_purges":0,"victory":false,"max_hp_per_floor":[78,78,78,78,78,78,78,78,78,78,78,78,78,78,78,78,83,83,83,83,83,83,83],"card_choices":[{"not_picked":["Stack","Fusion"],"picked":"Defragment","floor":1.0},{"not_picked":["Leap","Sweeping Beam"],"picked":"Doom and Gloom","floor":4.0},{"not_picked":["Conserve Battery","Rebound"],"picked":"Ball Lightning","floor":5.0},{"not_picked":["Cold Snap","Hologram"],"picked":"Melter","floor":7.0},{"not_picked":["Rebound","Go for the Eyes"],"picked":"Leap","floor":10.0},{"not_picked":["Steam Power","Gash"],"picked":"Hyperbeam","floor":12.0},{"not_picked":["Gash","Streamline"],"picked":"Barrage","floor":13.0},{"not_picked":["Steam Power","Beam Cell"],"picked":"Steam","floor":14.0},{"not_picked":["Reboot","Amplify"],"picked":"Biased Cognition","floor":16.0},{"not_picked":["Go for the Eyes","Redo"],"picked":"BootSequence","floor":17.0},{"not_picked":["Doom and Gloom","Rebound"],"picked":"Genetic Algorithm","floor":18.0},{"not_picked":["Sweeping Beam","Barrage","Rebound"],"picked":"SKIP","floor":19.0},{"not_picked":["Cold Snap","Loop"],"picked":"White Noise","floor":20.0},{"not_picked":["Undo","Hello World+1"],"picked":"Conserve Battery+1","floor":21.0}],"player_experience":1049737,"relics_obtained":[{"floor":7.0,"key":"Smiling Mask"},{"floor":9.0,"key":"Art of War"},{"floor":12.0,"key":"FossilizedHelix"},{"floor":20.0,"key":"Red Mask"}],"event_choices":[{"damage_healed":0.0,"max_hp_gain":0.0,"max_hp_loss":0.0,"gold_gain":75.0,"event_name":"World of Goop","player_choice":"Gather Gold","floor":2.0,"gold_loss":0.0,"damage_taken":11.0},{"cards_removed":["Defend_B"],"damage_healed":0.0,"max_hp_gain":0.0,"max_hp_loss":0.0,"gold_gain":0.0,"event_name":"Bonfire Elementals","player_choice":"Offered Basic","floor":3.0,"gold_loss":0.0,"damage_taken":0.0},{"damage_healed":0.0,"max_hp_gain":0.0,"max_hp_loss":0.0,"gold_gain":0.0,"event_name":"Masked Bandits","player_choice":"Fought Bandits","floor":20.0,"gold_loss":0.0,"damage_taken":0.0},{"damage_healed":0.0,"max_hp_gain":0.0,"max_hp_loss":0.0,"gold_gain":0.0,"event_name":"The Mausoleum","player_choice":"Opened","floor":22.0,"gold_loss":0.0,"damage_taken":0.0,"relics_obtained":["Potion Belt"],"cards_obtained":["Writhe"]}],"is_beta":false,"boss_relics":[{"not_picked":["Fusion Hammer","Lizard Tail"],"picked":"Tiny House"}],"items_purged_floors":[],"is_endless":false,"potions_floor_spawned":[1,5,7,14,20],"killed_by":"Slavers","ascension_level":19}