{"gold_per_floor":[112,131,306,306,323,323,203,219,246,261,161,171,186,199,199,300,300,315,230,104,104,52,52,71,71,94,19,19,39,53,53,53,158,158,171,191,191,66,1065,1065,771,771,1071,1071,1090,414,414,430,430,430],"floor_reached":50,"playtime":600,"items_purged":["Defend_R","Defend_R","Strike_R","Normality","Normality"],"score":482,"play_id":"656da490-c91d-41d6-90f2-2d2c68966bbe","local_time":"20181229014501","is_ascension_mode":false,"campfire_choices":[{"data":"Bash","floor":6,"key":"SMITH"},{"data":"Clash","floor":15,"key":"SMITH"},{"data":"Flex","floor":23,"key":"SMITH"},{"data":"Offering","floor":25,"key":"SMITH"},{"data":"Clash","floor":28,"key":"SMITH"},{"data":"Strike_R","floor":32,"key":"SMITH"},{"data":"Strike_R","floor":40,"key":"SMITH"}],"neow_cost":"NONE","seed_source_timestamp":106458460044730,"circlet_count":0,"master_deck":["Strike_R+1","Strike_R+1","Strike_R+1","Bash+1","Clash+1","Offering+1","Clash+1","Flex+1"],"relics":["Burning Blood","NeowsBlessing","Vajra","Coffee Dripper","Potion Belt","Whetstone","Self Forming Clay","White Beast Statue","Red Skull","Old Coin","HandDrill","StoneCalendar"],"potions_floor_usage":[16,16,48,48,50,50,50],"damage_taken":[{"damage":0,"enemies":"Cultist","floor":1,"turns":1},{"damage":0,"enemies":"Small Slimes","floor":2,"turns":1},{"damage":0,"enemies":"Jaw Worm","floor":5,"turns":1},{"damage":8,"enemies":"Gremlin Gang","floor":8,"turns":4},{"damage":5,"enemies":"3 Louse","floor":10,"turns":3},{"damage":14,"enemies":"Exordium Thugs","floor":12,"turns":3},{"damage":4,"enemies":"2 Fungi Beasts","floor":13,"turns":2},{"damage":10,"enemies":"Looter","floor":14,"turns":2},{"damage":78,"enemies":"Slime Boss","floor":16,"turns":7},{"damage":25,"enemies":"2 Thieves","floor":18,"turns":3},{"damage":6,"enemies":"3 Byrds","floor":24,"turns":3},{"damage":6,"enemies":"3 Cultists","floor":29,"turns":2},{"damage":6,"enemies":"Cultist and Chosen","floor":30,"turns":2},{"damage":38,"enemies":"Collector","floor":33,"turns":3},{"damage":25,"enemies":"3 Shapes","floor":35,"turns":2},{"damage":6,"enemies":"Orb Walker","floor":36,"turns":1},{"damage":44,"enemies":"Transient","floor":45,"turns":5},{"damage":20,"enemies":"4 Shapes","floor":48,"turns":2},{"damage":26,"enemies":"Donu and Deca","floor":50,"turns":1}],"seed_played":"-1449966442638552238","potions_obtained":[{"floor":2,"key":"Dexterity Potion"},{"floor":10,"key":"GamblersBrew"},{"floor":14,"key":"Regen Potion"},{"floor":16,"key":"BloodPotion"},{"floor":29,"key":"BloodPotion"},{"floor":35,"key":"GamblersBrew"},{"floor":36,"key":"LiquidBronze"},{"floor":48,"key":"Swift Potion"}],"is_trial":false,"path_per_floor":["M","M","?","?","M","R","$","M","T","M","$","M","M","M","R","B",null,"M","?","$","?","$","R","M","R","T","?","R","M","M","T","R","B",null,"M","M","?","$","?","R","$","?","T","?","M","$","R","M","R","B"],"character_chosen":"IRONCLAD","items_purchased":["Clash","Offering","Clash","Flex","Red Skull","HandDrill","StoneCalendar"],"campfire_rested":0,"item_purchase_floors":[7,20,20,22,41,46,46],"current_hp_per_floor":[80,80,80,80,80,80,80,78,78,79,79,71,73,69,69,11,80,61,61,61,61,61,61,61,61,61,61,61,61,61,61,61,29,80,61,61,61,61,61,61,61,61,61,61,23,23,23,25,25,0],"gold":430,"neow_bonus":"THREE_ENEMY_KILL","is_prod":false,"is_daily":false,"chose_seed":false,"campfire_upgraded":7,"win_rate":1,"timestamp":1546065901,"path_taken":["M","?","?","?","M","R","$","M","T","?","$","M","M","M","R","BOSS","M","?","$","?","$","R","M","R","T","?","R","M","M","?","R","BOSS","M","M","?","$","?","R","?","?","T","?","?","$","R","M","R","BOSS"],"build_version":"2018-12-20","purchased_purges":5,"victory":false,"max_hp_per_floor":[80,80,80,80,80,80,80,80,80,80,80,80,80,80,80,80,80,80,80,80,80,80,80,80,80,80,80,80,80,80,80,80,80,80,80,80,80,80,80,80,80,80,80,80,80,80,80,80,80,80],"card_choices":[],"player_experience":132954,"relics_obtained":[{"floor":9,"key":"Vajra"},{"floor":26,"key":"Whetstone"},{"floor":31,"key":"Self Forming Clay"},{"floor":43,"key":"Old Coin"}],"event_choices":[{"damage_healed":0,"gold_gain":175,"player_choice":"AGREE","damage_taken":0,"max_hp_gain":0,"max_hp_loss":0,"event_name":"Liars Game","floor":3,"gold_loss":0,"cards_obtained":["Doubt"]},{"cards_removed":["Doubt"],"damage_healed":0,"gold_gain":0,"player_choice":"Purged","damage_taken":0,"max_hp_gain":0,"max_hp_loss":0,"event_name":"Purifier","floor":4,"gold_loss":0},{"damage_healed":0,"gold_gain":0,"player_choice":"Obtained Relic","damage_taken":0,"relics_obtained":["Potion Belt"],"max_hp_gain":0,"max_hp_loss":0,"event_name":"Addict","floor":19,"gold_loss":85},{"cards_removed":["Defend_R"],"damage_healed":0,"gold_gain":0,"player_choice":"Elegance","damage_taken":0,"max_hp_gain":0,"max_hp_loss":0,"event_name":"Back to Basics","floor":21,"gold_loss":0},{"cards_removed":["Defend_R"],"damage_healed":0,"gold_gain":0,"player_choice":"Gave Gold","damage_taken":0,"max_hp_gain":0,"max_hp_loss":0,"event_name":"Beggar","floor":27,"gold_loss":75},{"damage_healed":0,"gold_gain":0,"player_choice":"Memory 1","damage_taken":0,"max_hp_gain":0,"max_hp_loss":0,"event_name":"SensoryStone","floor":37,"gold_loss":0},{"damage_healed":0,"gold_gain":999,"player_choice":"Gold","damage_taken":0,"max_hp_gain":0,"max_hp_loss":0,"event_name":"MindBloom","floor":39,"gold_loss":0,"cards_obtained":["Normality","Normality"]},{"damage_healed":0,"gold_gain":0,"player_choice":"Ignored","damage_taken":0,"max_hp_gain":0,"max_hp_loss":0,"event_name":"Mysterious Sphere","floor":42,"gold_loss":0},{"cards_removed":["Strike_R"],"damage_healed":0,"gold_gain":0,"player_choice":"Removed Attack","damage_taken":0,"max_hp_gain":0,"max_hp_loss":0,"event_name":"Falling","floor":44,"gold_loss":0}],"is_beta":false,"boss_relics":[{"not_picked":["Black Star","Runic Cube"],"picked":"Coffee Dripper"},{"not_picked":["Snecko Eye","Lizard Tail"],"picked":"White Beast Statue"}],"items_purged_floors":[7,11,38,41,46],"is_endless":false,"potions_floor_spawned":[2,10,14,16,29,35,36,45,48],"killed_by":"Donu and Deca","ascension_level":0}