{"gold_per_floor":[368,368,152,152,152,185,185,216,240,240,267,284,314,279,279,353,353,372,287,287,387,387,412,412,437,437,456,105,105,105,124,124,199,199,213,213,119,60,79,110,110,145,145,145,171,171,171,171,171,171],"floor_reached":51,"playtime":3311,"items_purged":["Steam"],"score":1980,"play_id":"ac2654e9-1065-428b-9b90-5ed01b645f0e","local_time":"20180913224354","is_ascension_mode":true,"campfire_choices":[{"floor":7,"key":"REST"},{"floor":10,"key":"REST"},{"data":"Doom and Gloom","floor":15,"key":"SMITH"},{"floor":24,"key":"REST"},{"data":"Meteor Strike","floor":29,"key":"SMITH"},{"data":"Coolheaded","floor":32,"key":"SMITH"},{"data":"Capacitor","floor":41,"key":"SMITH"},{"data":"Glacier","floor":44,"key":"SMITH"},{"data":"Ghostly","floor":46,"key":"SMITH"},{"data":"Ghostly","floor":49,"key":"SMITH"}],"neow_cost":"TEN_PERCENT_HP_LOSS","seed_source_timestamp":35620084391838,"circlet_count":0,"master_deck":["Strike_B","Strike_B","Defend_B","Defend_B","Defend_B","Defend_B","Zap","Dualcast","AscendersBane","Streamline","Doom and Gloom+1","Chill","Compile Driver","FTL","Rip and Tear","Rainbow+1","Coolheaded+1","Ghostly+1","Ghostly+1","Ghostly","Ghostly","Ghostly","Glacier+1","Recycle","Meteor Strike+1","Hologram+1","Coolheaded+1","Hologram+1","Creative AI","Force Field+1","Coolheaded+1","Capacitor+1","Coolheaded+1","Coolheaded+1","Creative AI","Chill+1"],"relics":["Cracked Core","Bag of Preparation","Incense Burner","Cables","PreservedInsect","Juzu Bracelet","Happy Flower","Lantern","Snecko Eye","Regal Pillow","Pocketwatch","Dodecahedron","Mercury Hourglass","Bronze Scales","Toxic Egg 2","Question Card","Nuclear Battery","DataDisk","Letter Opener","Gremlin Horn","Dream Catcher"],"potions_floor_usage":[8,18,21,33,50,50],"damage_taken":[{"damage":2,"enemies":"Jaw Worm","floor":1,"turns":3},{"damage":30,"enemies":"3 Sentries","floor":6,"turns":6},{"damage":25,"enemies":"Gremlin Nob","floor":8,"turns":4},{"damage":0,"enemies":"3 Sentries","floor":11,"turns":4},{"damage":0,"enemies":"Small Slimes","floor":12,"turns":2},{"damage":0,"enemies":"Gremlin Nob","floor":13,"turns":2},{"damage":17,"enemies":"Slime Boss","floor":16,"turns":7},{"damage":0,"enemies":"3 Byrds","floor":18,"turns":2},{"damage":12,"enemies":"Colosseum Slavers","floor":21,"turns":3},{"damage":32,"enemies":"Colosseum Nobs","floor":21,"turns":4},{"damage":0,"enemies":"Gremlin Leader","floor":23,"turns":4},{"damage":3,"enemies":"Book of Stabbing","floor":25,"turns":4},{"damage":0,"enemies":"Chosen","floor":27,"turns":5},{"damage":0,"enemies":"Centurion and Healer","floor":31,"turns":3},{"damage":0,"enemies":"Collector","floor":33,"turns":7},{"damage":1,"enemies":"3 Darklings","floor":35,"turns":3},{"damage":0,"enemies":"3 Shapes","floor":39,"turns":5},{"damage":0,"enemies":"2 Orb Walkers","floor":40,"turns":3},{"damage":1,"enemies":"Giant Head","floor":42,"turns":9},{"damage":0,"enemies":"Nemesis","floor":45,"turns":5},{"damage":0,"enemies":"Awakened One","floor":50,"turns":11}],"seed_played":"7048897151766903798","potions_obtained":[{"floor":6,"key":"EssenceOfSteel"},{"floor":8,"key":"Strength Potion"},{"floor":11,"key":"EssenceOfSteel"},{"floor":13,"key":"Explosive Potion"},{"floor":21,"key":"AttackPotion"},{"floor":25,"key":"SteroidPotion"},{"floor":31,"key":"PowerPotion"},{"floor":33,"key":"Ancient Potion"}],"is_trial":false,"path_per_floor":["M","?","$","?","?","E","R","E","T","R","E","M","E","?","R","B",null,"M","?","?","?","?","E","R","E","T","M","$","R","?","M","R","B",null,"M","?","$","$","M","E","R","E","T","R","E","R","?","?","R","B"],"character_chosen":"DEFECT","items_purchased":["Doom and Gloom","Bag of Preparation","Meteor Strike","Hologram+1","Coolheaded+1","Force Field+1","Coolheaded+1"],"campfire_rested":3,"item_purchase_floors":[3,3,28,28,28,37,38],"current_hp_per_floor":[62,62,62,62,44,14,33,8,8,27,27,27,27,43,43,26,55,55,55,55,11,11,11,32,29,29,29,29,29,29,29,29,29,31,30,30,30,30,30,30,30,29,29,29,29,29,29,29,29,29],"gold":171,"neow_bonus":"TWO_FIFTY_GOLD","is_prod":false,"is_daily":false,"chose_seed":false,"campfire_upgraded":7,"win_rate":0,"timestamp":1536871434,"path_taken":["M","?","$","?","?","E","R","E","T","R","E","M","E","?","R","BOSS","M","?","?","?","?","E","R","E","T","M","$","R","?","M","R","BOSS","M","?","?","$","M","E","R","E","T","R","E","R","?","?","R","BOSS"],"build_version":"2018-09-06","purchased_purges":1,"victory":true,"max_hp_per_floor":[64,64,64,64,64,64,64,64,64,64,64,64,64,64,64,64,64,64,64,64,64,32,32,32,32,32,32,32,32,32,32,32,32,32,32,32,32,32,32,32,32,32,32,32,32,32,32,32,32,32],"card_choices":[{"not_picked":["Melter","Reprogram"],"picked":"Streamline","floor":1},{"not_picked":["Leap","Reprogram"],"picked":"Chill","floor":6},{"not_picked":["Barrage","Steam Power"],"picked":"Compile Driver","floor":8},{"not_picked":["Reprogram","Blizzard"],"picked":"Steam","floor":11},{"not_picked":["Undo","Reprogram"],"picked":"FTL","floor":12},{"not_picked":["Consume","Skim"],"picked":"Rip and Tear","floor":13},{"not_picked":["Amplify","Reboot"],"picked":"Rainbow","floor":16},{"not_picked":["White Noise","Static Discharge","Blizzard"],"picked":"SKIP","floor":18},{"not_picked":["Sweeping Beam","Conserve Battery"],"picked":"Coolheaded","floor":21},{"not_picked":["White Noise","Compile Driver"],"picked":"Glacier","floor":23},{"not_picked":["Conserve Battery","Darkness"],"picked":"Recycle","floor":25},{"not_picked":["Aggregate+1","Ball Lightning","Cold Snap"],"picked":"SKIP","floor":27},{"not_picked":["Cold Snap","Melter","Sweeping Beam"],"picked":"Hologram+1","floor":31},{"not_picked":["Hyperbeam","Fission+1","Multi-Cast+1"],"picked":"Creative AI","floor":33},{"not_picked":["Melter","Beam Cell","Leap+1","Steam+1"],"picked":"SKIP","floor":35},{"not_picked":["Stack+1","Chaos+1","Multi-Cast+1"],"picked":"Capacitor","floor":39},{"not_picked":["Recycle+1","Barrage+1","Loop"],"picked":"Coolheaded+1","floor":40},{"not_picked":["Conserve Battery+1","Leap+1","Hello World"],"picked":"Coolheaded+1","floor":42},{"not_picked":["Conserve Battery+1","Ball Lightning","Genetic Algorithm+1"],"picked":"Creative AI","floor":45}],"player_experience":982903,"relics_obtained":[{"floor":6,"key":"Cables"},{"floor":8,"key":"PreservedInsect"},{"floor":9,"key":"Juzu Bracelet"},{"floor":11,"key":"Happy Flower"},{"floor":13,"key":"Lantern"},{"floor":21,"key":"Pocketwatch"},{"floor":21,"key":"Dodecahedron"},{"floor":23,"key":"Mercury Hourglass"},{"floor":25,"key":"Bronze Scales"},{"floor":26,"key":"Toxic Egg 2"},{"floor":40,"key":"DataDisk"},{"floor":42,"key":"Letter Opener"},{"floor":43,"key":"Gremlin Horn"},{"floor":45,"key":"Dream Catcher"}],"event_choices":[{"event_name":"Shining Light","player_choice":"Ignored","floor":2,"damage_taken":0},{"event_name":"Purifier","player_choice":"One Purge","floor":4,"damage_taken":0},{"event_name":"Scrap Ooze","player_choice":"success","floor":5,"damage_taken":18},{"event_name":"The Cleric","player_choice":"Healed","floor":14,"damage_taken":0},{"event_name":"Addict","player_choice":"Obtained Relic","floor":19,"damage_taken":0},{"event_name":"Upgrade Shrine","player_choice":"Upgraded","floor":20,"damage_taken":0},{"event_name":"Colosseum","player_choice":"Fight","floor":21,"damage_taken":0},{"event_name":"Colosseum","player_choice":"Fought Nobs","floor":21,"damage_taken":0},{"event_name":"Ghosts","player_choice":"Became a Ghost","floor":22,"damage_taken":0},{"event_name":"The Mausoleum","player_choice":"Yes","floor":30,"damage_taken":0},{"event_name":"Tomb of Lord Red Mask","player_choice":"Ignored","floor":36,"damage_taken":0},{"event_name":"Transmorgrifier","player_choice":"Transform","floor":47,"damage_taken":0},{"event_name":"Fountain of Cleansing","player_choice":"Removed Curse","floor":48,"damage_taken":0}],"is_beta":false,"boss_relics":[{"not_picked":["Velvet Choker","Runic Pyramid"],"picked":"Snecko Eye"},{"not_picked":["Black Star","Tiny House"],"picked":"Nuclear Battery"}],"items_purged_floors":[28],"is_endless":false,"potions_floor_spawned":[6,8,11,13,21,21,25,31,33,42],"ascension_level":19}