{"gold_per_floor":[119,194,211,224,224,224,243,243,543,543,553,121,121,146,146,222,222,242,257,6,22,22,56,56,89,89,39,89,0,12,47,47,47],"floor_reached":33,"playtime":924,"items_purged":["Strike_B","Defend_B","Strike_B"],"score":574,"play_id":"bd17fdac-e23c-4727-8612-793f8e6a8925","local_time":"20180710233122","is_ascension_mode":true,"campfire_choices":[{"floor":6,"key":"REST"},{"data":"Hologram","floor":8,"key":"SMITH"},{"data":"Streamline","floor":10,"key":"SMITH"},{"data":"Hologram","floor":13,"key":"SMITH"},{"floor":15,"key":"REST"},{"floor":24,"key":"REST"},{"floor":32,"key":"REST"}],"neow_cost":"NONE","seed_source_timestamp":192927154112624,"circlet_count":0,"master_deck":["Strike_B","Defend_B","Defend_B","Zap","Dualcast","AscendersBane","Conserve Battery","Streamline+1","Rebound","Hologram+1","Sunder","Hologram+1","Hyperbeam","Streamline+1","Sunder","Reinforced Body","All For One","Force Field"],"relics":["Empty Cage","Unceasing Top","Old Coin","Peace Pipe","Emotion Chip","Snecko Eye","Symbiotic Virus","Smiling Mask","Shuriken","Dead Branch"],"potions_floor_usage":[16,31],"damage_taken":[{"damage":12,"enemies":"Small Slimes","floor":1,"turns":3},{"damage":0,"enemies":"2 Louse","floor":3,"turns":4},{"damage":7,"enemies":"Jaw Worm","floor":4,"turns":4},{"damage":14,"enemies":"Blue Slaver","floor":7,"turns":3},{"damage":0,"enemies":"Large Slime","floor":11,"turns":4},{"damage":18,"enemies":"Lagavulin","floor":14,"turns":4},{"damage":31,"enemies":"The Guardian","floor":16,"turns":11},{"damage":0,"enemies":"Chosen","floor":18,"turns":3},{"damage":37,"enemies":"Shell Parasite","floor":19,"turns":5},{"damage":0,"enemies":"Snake Plant","floor":21,"turns":2},{"damage":42,"enemies":"Gremlin Leader","floor":23,"turns":6},{"damage":23,"enemies":"Book of Stabbing","floor":25,"turns":4},{"damage":0,"enemies":"Snecko","floor":30,"turns":2},{"damage":21,"enemies":"Gremlin Leader","floor":31,"turns":5},{"damage":61,"enemies":"Automaton","floor":33,"turns":6}],"seed_played":"-3855784342676302661","potions_obtained":[{"floor":3,"key":"Dexterity Potion"},{"floor":14,"key":"FearPotion"},{"floor":16,"key":"SteroidPotion"},{"floor":31,"key":"Fire Potion"}],"is_trial":false,"path_per_floor":["M","?","M","M","?","R","M","R","T","R","M","$","R","E","R","B",null,"M","M","$","M","?","E","R","E","T","$","?","?","M","E","R"],"character_chosen":"DEFECT","items_purchased":["Peace Pipe","Hologram","Sunder","Reinforced Body"],"campfire_rested":4,"item_purchase_floors":[12,12,20,20],"current_hp_per_floor":[52,41,41,34,29,50,36,36,36,36,36,36,36,18,39,8,55,55,18,18,18,71,29,50,27,27,27,27,27,27,6,27,0],"gold":47,"neow_bonus":"BOSS_RELIC","is_prod":false,"is_daily":false,"chose_seed":false,"campfire_upgraded":3,"win_rate":0,"timestamp":1531290682,"path_taken":["M","?","M","M","?","R","M","R","T","R","M","$","R","E","R","BOSS","M","M","$","M","?","E","R","E","T","$","?","?","?","E","R","BOSS"],"build_version":"2018-07-09","purchased_purges":3,"victory":false,"max_hp_per_floor":[71,71,71,71,71,71,71,71,71,71,71,71,71,71,71,71,71,71,71,71,71,71,71,71,71,71,71,71,71,71,71,71,71],"card_choices":[{"not_picked":["Leap","Stack"],"picked":"Conserve Battery","floor":1},{"not_picked":["Aggregate","Darkness"],"picked":"Streamline","floor":3},{"not_picked":["Compile Driver","Lockon"],"picked":"Rebound","floor":4},{"not_picked":["Double Energy","Steam"],"picked":"Hologram","floor":7},{"not_picked":["Barrage","Leap"],"picked":"Sunder","floor":11},{"not_picked":["Tempest","Ball Lightning","Steam Power"],"picked":"SKIP","floor":14},{"not_picked":["Rainbow","Echo Form"],"picked":"Hyperbeam","floor":16},{"not_picked":["Barrage","Melter"],"picked":"Streamline+1","floor":18},{"not_picked":["Cold Snap","Redo","Gash"],"picked":"SKIP","floor":19},{"not_picked":["Beam Cell","Coolheaded"],"picked":"Double Energy","floor":21},{"not_picked":["Rip and Tear","Coolheaded","Streamline"],"picked":"SKIP","floor":23},{"not_picked":["Go for the Eyes","Doom and Gloom"],"picked":"All For One","floor":25},{"not_picked":["Gash+1","Streamline","Chill"],"picked":"SKIP","floor":30},{"not_picked":["Undo","Rebound"],"picked":"Force Field","floor":31}],"player_experience":574873,"relics_obtained":[{"floor":9,"key":"Old Coin"},{"floor":14,"key":"Emotion Chip"},{"floor":23,"key":"Symbiotic Virus"},{"floor":25,"key":"Smiling Mask"},{"floor":26,"key":"Shuriken"},{"floor":31,"key":"Dead Branch"}],"event_choices":[{"event_name":"World of Goop","player_choice":"Gather Gold","floor":2,"damage_taken":0},{"event_name":"Scrap Ooze","player_choice":"success","floor":5,"damage_taken":5},{"event_name":"Bonfire Elementals","player_choice":"UNCOMMON","floor":22,"damage_taken":0},{"event_name":"Nest","player_choice":"Stole From Cult","floor":28,"damage_taken":0},{"event_name":"Masked Bandits","player_choice":"Paid Bandits 89 gold","floor":29,"damage_taken":0}],"boss_relics":[{"not_picked":["White Beast Statue","Calling Bell"],"picked":"Snecko Eye"}],"items_purged_floors":[12,20,27],"is_endless":false,"potions_floor_spawned":[3,14,16,19,23,31],"killed_by":"Automaton","ascension_level":15}