{"path_per_floor":["M","M","?","M","?","E","M","R","T","?","M","?","M","M","R"],"character_chosen":"THE_SILENT","items_purchased":[],"gold_per_floor":[15,30,30,42,42,77,95,95,121,121,134,134,150,168,168],"floor_reached":16,"campfire_rested":2,"playtime":1842,"current_hp_per_floor":[64,63,70,70,70,56,53,70,70,52,52,52,52,52,70],"items_purged":[],"gold":168,"score":104,"play_id":"34daf810-9a83-4d92-b29c-534222005ad8","local_time":"20180320134423","is_prod":false,"is_daily":false,"is_ascension_mode":false,"campfire_upgraded":0,"timestamp":1521549863,"path_taken":["M","M","?","M","?","E","M","R","T","?","M","?","M","M","R","BOSS"],"build_version":"2018-03-15v3","purchased_purges":0,"victory":false,"master_deck":["Defend_G","Defend_G","Defend_G","Defend_G","Strike_G","Strike_G","Strike_G","Strike_G","Strike_G","Survivor","Neutralize","Quick Slash","Leg Sweep","Dagger Spray","Crippling Poison","Flying Knee","Dodge and Roll","Injury","Backflip","Blur"],"max_hp_per_floor":[70,70,70,70,70,70,70,70,70,70,70,70,70,70,70],"relics":["Ring of the Snake","Gambling Chip","Tingsha","Anchor","Golden Idol"],"card_choices":[{"not_picked":["Caltrops","All Out Attack"],"picked":"Quick Slash"},{"not_picked":["Heel Hook","Deadly Poison"],"picked":"Leg Sweep"},{"not_picked":["Underhanded Strike","Bane"],"picked":"Dagger Spray"},{"not_picked":["Eviscerate","Choke"],"picked":"Crippling Poison"},{"not_picked":["Expertise","Dodge and Roll"],"picked":"Flying Knee"},{"not_picked":["Footwork","Expertise"],"picked":"Dodge and Roll"},{"not_picked":["Escape Plan","Predator"],"picked":"Backflip"},{"not_picked":["Sucker Punch","Choke"],"picked":"Blur"}],"player_experience":212359,"potions_floor_usage":[16,16,16],"damage_taken":[{"damage":6,"enemies":"2 Louse","floor":1,"turns":4},{"damage":1,"enemies":"Cultist","floor":2,"turns":4},{"damage":0,"enemies":"Small Slimes","floor":4,"turns":4},{"damage":14,"enemies":"3 Sentries","floor":6,"turns":8},{"damage":3,"enemies":"Exordium Wildlife","floor":7,"turns":6},{"damage":0,"enemies":"Gremlin Gang","floor":11,"turns":3},{"damage":0,"enemies":"Exordium Thugs","floor":13,"turns":4},{"damage":0,"enemies":"3 Louse","floor":14,"turns":2},{"damage":77,"enemies":"Hexaghost","floor":16,"turns":18}],"event_choices":[{"event_name":"Wheel of Change","player_choice":"Full Heal","floor":3,"damage_taken":0},{"event_name":"Bonfire Elementals","player_choice":"BASIC","floor":5,"damage_taken":0},{"event_name":"Scrap Ooze","player_choice":"unsuccessful","floor":10,"damage_taken":18},{"event_name":"Golden Idol","player_choice":"Take Wound","floor":12,"damage_taken":0}],"boss_relics":[],"potions_floor_spawned":[1,6,11,13],"seed_played":"5235322505692546833","killed_by":"Hexaghost","ascension_level":0,"is_trial":false}