{"path_per_floor":["M","M","M","M","?","R","M","E","T","?","E","R","M","M","R","B",null,"M","$","M","M","$","E","R","M","T","R","$","M","E","M","R","B",null,"M","M","M","$","$","R","E","R","T","M","E","M","?","E","R","B"],"character_chosen":"THE_SILENT","items_purchased":["Bottled Tornado","Skewer","Vajra","Backflip"],"gold_per_floor":[116,129,147,160,160,160,170,203,279,279,307,307,321,340,340,440,440,451,125,140,160,60,89,89,101,101,101,23,37,68,84,84,182,182,200,212,232,75,23,23,50,50,122,142,170,184,239,270,270,270],"floor_reached":51,"campfire_rested":3,"playtime":9942,"current_hp_per_floor":[70,69,69,68,68,68,68,60,60,46,43,43,42,38,38,37,62,53,53,51,43,43,37,37,46,46,46,46,45,37,37,58,56,67,54,49,26,26,26,47,51,51,61,61,49,44,51,44,69,69],"items_purged":["Regret","Writhe"],"gold":270,"score":1108,"play_id":"93f512f6-719f-4040-9c38-7f796a929c6b","local_time":"20180418214803","is_prod":false,"is_daily":false,"chose_seed":false,"is_ascension_mode":true,"campfire_upgraded":6,"timestamp":1524080883,"path_taken":["M","M","M","M","?","R","M","E","T","?","E","R","?","M","R","BOSS","M","?","M","M","$","E","R","M","T","R","$","?","E","?","R","BOSS","M","M","?","?","$","R","E","R","T","?","E","M","?","E","R","BOSS"],"build_version":"2018-04-12","seed_source_timestamp":0,"purchased_purges":3,"victory":true,"master_deck":["Defend_G","Defend_G","Defend_G","Defend_G+1","Defend_G","Strike_G","Strike_G","Strike_G+1","Strike_G","Strike_G","Survivor","Neutralize+1","PiercingWail","All Out Attack+1","Footwork+1","Malaise+1","Deadly Poison+1","Cloak And Dagger+1","Dash+1","Flying Knee","Deflect","Die Die Die","Writhe","Clumsy","Dagger Spray+1","Cloak And Dagger+1","Well Laid Plans","Skewer","Endless Agony","Deflect+1","Caltrops","Envenom+1","Concentrate+1","Escape Plan+1","Backflip","Escape Plan","Poisoned Stab+1","Poisoned Stab+1","Distraction+1"],"max_hp_per_floor":[70,70,70,70,70,70,70,70,70,70,70,70,70,70,70,70,70,70,70,70,70,70,70,70,70,70,70,70,70,70,70,70,70,70,70,70,70,70,70,70,70,70,80,80,82,82,82,84,84,84],"relics":["Ring of the Snake","Pen Nib","Bronze Scales","Thread and Needle","Paper Crane","Ice Cream","Calling Bell","Omamori","Oddly Smooth Stone","Meat on the Bone","Bottled Tornado","War Paint","Dodecahedron","Snake Skull","Runic Dome","Vajra","Singing Bowl","Pear","Ornamental Fan","Unceasing Top","Frozen Egg 2"],"card_choices":[{"not_picked":["Quick Slash","Poisoned Stab"],"picked":"PiercingWail","floor":1.0},{"not_picked":["Underhanded Strike","Endless Agony"],"picked":"All Out Attack","floor":2.0},{"not_picked":["Dagger Throw","Sucker Punch"],"picked":"Footwork","floor":3.0},{"not_picked":["Terror","Dodge and Roll"],"picked":"Malaise","floor":4.0},{"not_picked":["Outmaneuver","Phantasmal Killer"],"picked":"Deadly Poison","floor":7.0},{"not_picked":["Dodge and Roll","Acrobatics"],"picked":"Cloak And Dagger","floor":8.0},{"not_picked":["PiercingWail","Dodge and Roll"],"picked":"Dash","floor":11.0},{"not_picked":["Dagger Throw","Crippling Poison"],"picked":"Flying Knee","floor":13.0},{"not_picked":["Flechettes","Bouncing Flask"],"picked":"Deflect","floor":14.0},{"not_picked":["Doppelganger","Phantasmal Killer"],"picked":"Die Die Die","floor":16.0},{"not_picked":["Acrobatics","Quick Slash"],"picked":"Dagger Spray","floor":18.0},{"not_picked":["Caltrops","Backstab"],"picked":"Cloak And Dagger","floor":21.0},{"not_picked":["Flechettes","Deadly Poison"],"picked":"Well Laid Plans","floor":25.0},{"not_picked":["Dagger Throw","Tools of the Trade"],"picked":"Endless Agony","floor":29.0},{"not_picked":["Choke","Underhanded Strike"],"picked":"Deflect","floor":30.0},{"not_picked":["Underhanded Strike","Blade Dance"],"picked":"Caltrops","floor":31.0},{"not_picked":["Die Die Die","Corpse Explosion"],"picked":"Envenom","floor":33.0},{"not_picked":["Flying Knee","Well Laid Plans"],"picked":"Concentrate","floor":36.0},{"not_picked":["Poisoned Stab","Deadly Poison"],"picked":"Escape Plan","floor":37.0},{"not_picked":["Leg Sweep","Well Laid Plans"],"picked":"Escape Plan","floor":41},{"not_picked":["Masterful Stab","Slice"],"picked":"Poisoned Stab","floor":44},{"not_picked":["Quick Slash","Slice"],"picked":"Poisoned Stab","floor":46},{"not_picked":["PiercingWail","Flying Knee"],"picked":"Distraction","floor":47}],"player_experience":587655,"potions_floor_usage":[41,48,50,50,50],"damage_taken":[{"damage":0.0,"enemies":"2 Louse","floor":1.0,"turns":3.0},{"damage":1.0,"enemies":"Cultist","floor":2.0,"turns":4.0},{"damage":0.0,"enemies":"Small Slimes","floor":3.0,"turns":2.0},{"damage":1.0,"enemies":"Blue Slaver","floor":4.0,"turns":5.0},{"damage":0.0,"enemies":"3 Louse","floor":7.0,"turns":1.0},{"damage":8.0,"enemies":"3 Sentries","floor":8.0,"turns":6.0},{"damage":3.0,"enemies":"Gremlin Nob","floor":11.0,"turns":5.0},{"damage":1.0,"enemies":"Exordium Wildlife","floor":13.0,"turns":3.0},{"damage":4.0,"enemies":"Lots of Slimes","floor":14.0,"turns":2.0},{"damage":1.0,"enemies":"Hexaghost","floor":16.0,"turns":9.0},{"damage":9.0,"enemies":"Chosen","floor":18.0,"turns":6.0},{"damage":2.0,"enemies":"Spheric Guardian","floor":20.0,"turns":6.0},{"damage":8.0,"enemies":"Slaver and Parasite","floor":21.0,"turns":6.0},{"damage":6.0,"enemies":"Gremlin Leader","floor":23.0,"turns":9.0},{"damage":3.0,"enemies":"Chosen and Byrds","floor":25.0,"turns":7.0},{"damage":13.0,"enemies":"Snake Plant","floor":29.0,"turns":5.0},{"damage":8.0,"enemies":"Slavers","floor":30.0,"turns":4.0},{"damage":0.0,"enemies":"Cultist and Chosen","floor":31.0,"turns":7.0},{"damage":2.0,"enemies":"Champ","floor":33.0,"turns":19.0},{"damage":13.0,"enemies":"3 Shapes","floor":35.0,"turns":4.0},{"damage":5.0,"enemies":"3 Darklings","floor":36.0,"turns":5.0},{"damage":35.0,"enemies":"Maw","floor":37.0,"turns":8.0},{"damage":11,"enemies":"Giant Head","floor":41,"turns":9},{"damage":0,"enemies":"4 Shapes","floor":44,"turns":3},{"damage":14,"enemies":"Nemesis","floor":45,"turns":7},{"damage":5,"enemies":"Sphere and 2 Shapes","floor":46,"turns":5},{"damage":5,"enemies":"Mysterious Sphere","floor":47,"turns":4},{"damage":21,"enemies":"Giant Head","floor":48,"turns":8},{"damage":0,"enemies":"Awakened One","floor":50,"turns":10}],"event_choices":[{"event_name":"Big Fish","player_choice":"Box","floor":5.0,"damage_taken":0.0},{"event_name":"Shining Light","player_choice":"Entered Light","floor":10.0,"damage_taken":0.0},{"event_name":"Mysterious Sphere","player_choice":"Fight","floor":47,"damage_taken":0}],"boss_relics":[],"potions_floor_spawned":[2,7,13,14,16,20,25,29,37,44,46,47,48],"seed_played":"6196593291395578513","ascension_level":5,"is_trial":false}