{"gold_per_floor":[114,133,148,73,84,84,99,118,118,118,18,18,36,52,52,147,147,164,68,68,88,88,100,100,100,126,143,47,57,57],"floor_reached":30,"playtime":1775,"items_purged":["Strike_G","Strike_G"],"score":226,"play_id":"1943bc73-1d53-4840-ad14-f77d3b057de7","local_time":"20181206000044","is_ascension_mode":false,"campfire_choices":[{"data":"Neutralize","floor":6,"key":"SMITH"},{"data":"Terror","floor":10,"key":"SMITH"},{"floor":15,"key":"REST"},{"floor":24,"key":"REST"}],"neow_cost":"NONE","seed_source_timestamp":807240108593692,"circlet_count":0,"master_deck":["Defend_G","Defend_G","Defend_G","Defend_G","Strike_G","Strike_G","Survivor","Neutralize+1","Dagger Throw","Dagger Throw","Riddle With Holes","Riddle With Holes","Blade Dance","Terror+1","Dodge and Roll","Outmaneuver","Venomology","Caltrops","Blade Dance+1","Dagger Spray","Writhe","Slice","Caltrops+1","Dagger Spray","Dash","Choke","Bandage Up","Acrobatics"],"relics":["Ring of the Snake","NeowsBlessing","Sundial","Lizard Tail","Frozen Egg 2","Orichalcum"],"potions_floor_usage":[14,16,18,23,27,27,29,30,30,30],"damage_taken":[{"damage":0,"enemies":"Cultist","floor":1,"turns":1},{"damage":0,"enemies":"2 Louse","floor":2,"turns":1},{"damage":0,"enemies":"Jaw Worm","floor":3,"turns":1},{"damage":0,"enemies":"Large Slime","floor":5,"turns":4},{"damage":3,"enemies":"Lots of Slimes","floor":7,"turns":6},{"damage":11,"enemies":"Red Slaver","floor":8,"turns":3},{"damage":5,"enemies":"Looter","floor":13,"turns":2},{"damage":12,"enemies":"Large Slime","floor":14,"turns":3},{"damage":46,"enemies":"The Guardian","floor":16,"turns":14},{"damage":21,"enemies":"Spheric Guardian","floor":18,"turns":6},{"damage":13,"enemies":"Chosen","floor":21,"turns":5},{"damage":27,"enemies":"Snake Plant","floor":23,"turns":6},{"damage":6,"enemies":"Snecko","floor":27,"turns":4},{"damage":25,"enemies":"Cultist and Chosen","floor":29,"turns":6},{"damage":2,"enemies":"Centurion and Healer","floor":30,"turns":10}],"seed_played":"4652559588693227569","potions_obtained":[{"floor":2,"key":"GamblersBrew"},{"floor":8,"key":"Ancient Potion"},{"floor":14,"key":"Energy Potion"},{"floor":27,"key":"SpeedPotion"},{"floor":29,"key":"Swift Potion"}],"is_trial":false,"path_per_floor":["M","M","M","$","M","R","M","M","T","R","$","?","M","M","R","B",null,"M","$","?","M","?","M","R","?","T","M","$","M","M"],"character_chosen":"THE_SILENT","items_purchased":["Blade Dance","Dagger Spray","Bandage Up"],"campfire_rested":2,"item_purchase_floors":[19,19,28],"current_hp_per_floor":[70,70,70,70,70,70,67,56,56,56,56,56,51,39,60,14,70,49,49,49,36,36,9,30,30,30,24,24,3,5],"gold":57,"neow_bonus":"THREE_ENEMY_KILL","is_prod":false,"is_daily":false,"chose_seed":false,"campfire_upgraded":2,"win_rate":0.0,"timestamp":1544007644,"path_taken":["M","?","M","$","M","R","M","M","T","R","$","?","M","M","R","BOSS","M","$","?","M","?","M","R","?","T","?","?","?","M"],"build_version":"2018-11-15","purchased_purges":2,"victory":false,"max_hp_per_floor":[70,70,70,70,70,70,70,70,70,70,70,70,70,70,70,70,70,70,70,70,70,70,70,70,70,70,70,70,70,70],"card_choices":[{"not_picked":["Dodge and Roll","Bane"],"picked":"Dagger Throw","floor":1},{"not_picked":["Bane","Sucker Punch"],"picked":"Dagger Throw","floor":2},{"not_picked":["Outmaneuver","Footwork"],"picked":"Riddle With Holes","floor":3},{"not_picked":["Crippling Poison","Outmaneuver"],"picked":"Riddle With Holes","floor":5},{"not_picked":["PiercingWail","Cloak And Dagger"],"picked":"Blade Dance","floor":7},{"not_picked":["Slice","Prepared"],"picked":"Terror","floor":8},{"not_picked":["Bouncing Flask","Escape Plan"],"picked":"Dodge and Roll","floor":13},{"not_picked":["Deadly Poison","Underhanded Strike"],"picked":"Outmaneuver","floor":14},{"not_picked":["Burst","Adrenaline"],"picked":"Venomology","floor":16},{"not_picked":["Cloak And Dagger","Sucker Punch"],"picked":"Caltrops","floor":18},{"not_picked":["Acrobatics+1","Prepared"],"picked":"Slice","floor":21},{"not_picked":["Deadly Poison","Expertise"],"picked":"Dash","floor":23},{"not_picked":["Quick Slash+1","Crippling Poison"],"picked":"Choke","floor":27},{"not_picked":["Catalyst","Eviscerate"],"picked":"Acrobatics","floor":29}],"player_experience":383948,"relics_obtained":[{"floor":9,"key":"Sundial"},{"floor":26,"key":"Orichalcum"}],"event_choices":[{"damage_healed":0,"gold_gain":0,"player_choice":"Leave","damage_taken":0,"max_hp_gain":0,"max_hp_loss":0,"event_name":"The Cleric","floor":12,"gold_loss":0},{"damage_healed":0,"gold_gain":0,"player_choice":"Opened","damage_taken":0,"relics_obtained":["Frozen Egg 2"],"max_hp_gain":0,"max_hp_loss":0,"event_name":"The Mausoleum","floor":20,"gold_loss":0,"cards_obtained":["Writhe"]},{"damage_healed":0,"gold_gain":0,"cards_transformed":["Defend_G","Strike_G"],"player_choice":"Became Test Subject","damage_taken":0,"max_hp_gain":0,"max_hp_loss":0,"event_name":"Drug Dealer","floor":22,"gold_loss":0,"cards_obtained":["Caltrops","Dagger Spray"]},{"damage_healed":0,"gold_gain":0,"player_choice":"Upgraded","damage_taken":0,"max_hp_gain":0,"max_hp_loss":0,"event_name":"Upgrade Shrine","floor":25,"gold_loss":0,"cards_upgraded":["Blade Dance"]}],"is_beta":false,"boss_relics":[{"not_picked":["Cursed Key","Ectoplasm"],"picked":"Lizard Tail"}],"items_purged_floors":[4,11],"is_endless":false,"potions_floor_spawned":[2,8,14,27,29],"killed_by":"Centurion and Healer","ascension_level":0}