{"path_per_floor":["M","M","M","M","M","R","M","R","T","?","E","?","$","M","R","B",null,"M","M","$","?","M","E","R","M","T","R","M","M","?","M","R"],"character_chosen":"THE_SILENT","items_purchased":["Lantern","Terror"],"gold_per_floor":[112,132,145,161,175,175,187,187,187,187,220,250,21,36,36,131,131,131,101,26,26,26,26,26,26,26,26,26,26,26,26,26,26],"floor_reached":33,"campfire_rested":2,"playtime":1627,"current_hp_per_floor":[70,70,70,68,68,68,61,61,61,61,53,53,53,53,53,24,70,66,54,54,54,52,32,32,20,20,41,34,13,13,13,34,0],"items_purged":["Strike_G"],"gold":26,"score":273,"play_id":"fab6b1ad-e54f-41e7-9791-06a82537de51","local_time":"20180424205558","is_prod":false,"is_daily":false,"chose_seed":false,"is_ascension_mode":false,"campfire_upgraded":4,"timestamp":1524596158,"path_taken":["M","M","M","M","M","R","M","R","T","?","E","?","$","M","R","BOSS","M","M","$","?","M","E","R","M","T","R","M","M","?","M","R","BOSS"],"build_version":"2018-04-19","seed_source_timestamp":428135549256,"purchased_purges":1,"victory":false,"master_deck":["Defend_G","Defend_G+1","Defend_G","Defend_G","Defend_G+1","Strike_G+1","Strike_G","Strike_G","Strike_G","Survivor","Neutralize+1","Slice","Skewer+1","Flechettes+1","Storm of Steel+1","Escape Plan","Neutralize","Deflect","Terror","Cloak And Dagger+1","Doppelganger","Cloak And Dagger","Slice+1","Deflect","Dash","Well Laid Plans+1","Blur","Accuracy"],"max_hp_per_floor":[70,70,70,70,70,70,70,70,70,70,70,70,70,70,70,70,70,70,72,72,72,72,72,72,72,72,72,72,72,72,72,72,72],"relics":["Ring of the Snake","Whetstone","Singing Bowl","Pantograph","War Paint","Lantern","Ectoplasm","Mummified Hand","Anchor"],"card_choices":[{"not_picked":["Quick Slash","Bane"],"picked":"Slice","floor":2},{"not_picked":["PiercingWail","Riddle With Holes"],"picked":"Skewer","floor":3},{"not_picked":["Outmaneuver","Bouncing Flask"],"picked":"Flechettes","floor":4},{"not_picked":["Flying Knee","Deadly Poison"],"picked":"Storm of Steel","floor":5},{"not_picked":["Deadly Poison","Dodge and Roll"],"picked":"Deflect","floor":11},{"not_picked":["Dodge and Roll","Poisoned Stab"],"picked":"Cloak And Dagger","floor":14},{"not_picked":["Tactician","Bullet Time"],"picked":"Doppelganger","floor":16},{"not_picked":["Flying Knee","Reflex"],"picked":"Cloak And Dagger","floor":18},{"not_picked":["Dagger Throw","Dodge and Roll"],"picked":"Slice","floor":22},{"not_picked":["Concentrate","Outmaneuver"],"picked":"Deflect","floor":23},{"not_picked":["Acrobatics","Prepared"],"picked":"Dash","floor":25},{"not_picked":["Quick Slash","Prepared"],"picked":"Well Laid Plans","floor":28},{"not_picked":["Dagger Throw","Corpse Explosion"],"picked":"Blur","floor":29},{"not_picked":["Well Laid Plans","Dodge and Roll"],"picked":"Accuracy","floor":31}],"player_experience":547194,"potions_floor_usage":[7,23,25,25,33,33],"damage_taken":[{"damage":0,"enemies":"Small Slimes","floor":1,"turns":4},{"damage":0,"enemies":"Cultist","floor":2,"turns":4},{"damage":0,"enemies":"Jaw Worm","floor":3,"turns":4},{"damage":2,"enemies":"Blue Slaver","floor":4,"turns":4},{"damage":0,"enemies":"3 Louse","floor":5,"turns":3},{"damage":7,"enemies":"Exordium Wildlife","floor":7,"turns":6},{"damage":8,"enemies":"Gremlin Nob","floor":11,"turns":4},{"damage":0,"enemies":"Large Slime","floor":14,"turns":2},{"damage":46,"enemies":"Hexaghost","floor":16,"turns":11},{"damage":4,"enemies":"Shell Parasite","floor":18,"turns":5},{"damage":14,"enemies":"2 Thieves","floor":19,"turns":3},{"damage":2,"enemies":"Centurion and Healer","floor":22,"turns":5},{"damage":20,"enemies":"Book of Stabbing","floor":23,"turns":5},{"damage":12,"enemies":"Cultist and Chosen","floor":25,"turns":5},{"damage":7,"enemies":"Slaver and Parasite","floor":28,"turns":5},{"damage":21,"enemies":"Snake Plant","floor":29,"turns":4},{"damage":0,"enemies":"Centurion and Healer","floor":31,"turns":4},{"damage":62,"enemies":"Champ","floor":33,"turns":15}],"event_choices":[{"event_name":"Match and Keep!","player_choice":"2 cards matched","floor":10,"damage_taken":0},{"event_name":"Dead Adventurer","player_choice":"Searched \u00273\u0027 times","floor":12,"damage_taken":0},{"event_name":"Beggar","player_choice":"Ignored","floor":21,"damage_taken":0},{"event_name":"Vampires","player_choice":"Ignored","floor":30,"damage_taken":0}],"boss_relics":[{"not_picked":["Runic Dome","White Beast Statue"],"picked":"Ectoplasm"}],"potions_floor_spawned":[1,4,5,18,19,23,31],"seed_played":"8825670602146072649","killed_by":"Champ","ascension_level":0,"is_trial":false}