{"gold_per_floor":[114,114,114,131,146,146,171,171,171,171,191,191,208,224,224,322,322,309,320,320,320,320,320,354,354,379,390,51,51,67,67],"floor_reached":31,"playtime":1478,"items_purged":[],"score":359,"play_id":"508e6786-ce1a-4400-8324-46faccf15f39","local_time":"20180920111424","is_ascension_mode":true,"campfire_choices":[{"data":"Neutralize","floor":6,"key":"SMITH"},{"floor":8,"key":"REST"},{"data":"Accuracy","floor":10,"key":"SMITH"},{"floor":12,"key":"REST"},{"floor":15,"key":"REST"},{"floor":23,"key":"REST"},{"floor":25,"key":"REST"}],"neow_cost":"NONE","seed_source_timestamp":51588508304998,"circlet_count":0,"master_deck":["Defend_G","Defend_G","Defend_G","Defend_G","Defend_G","Strike_G","Strike_G","Strike_G","Survivor","Neutralize+1","Heel Hook","Flying Knee","After Image","Accuracy+1","Cloak And Dagger","Terror","Backstab","Prepared","Die Die Die","Backflip","Predator+1","Ghostly","Ghostly","Ghostly","Ghostly","Ghostly","RitualDagger","PiercingWail+1","Dagger Spray","Apotheosis","Cloak And Dagger"],"relics":["Ring of the Snake","Tingsha","Unceasing Top","Black Star","Calipers","Mango","Art of War","Vajra"],"potions_floor_usage":[7,13,16,24,29,30],"damage_taken":[{"damage":1,"enemies":"Cultist","floor":1,"turns":5},{"damage":0,"enemies":"2 Louse","floor":4,"turns":3},{"damage":0,"enemies":"Jaw Worm","floor":5,"turns":6},{"damage":39,"enemies":"Gremlin Nob","floor":7,"turns":6},{"damage":1,"enemies":"Red Slaver","floor":11,"turns":5},{"damage":15,"enemies":"Gremlin Gang","floor":13,"turns":7},{"damage":2,"enemies":"Exordium Wildlife","floor":14,"turns":4},{"damage":3,"enemies":"Hexaghost","floor":16,"turns":12},{"damage":14,"enemies":"2 Thieves","floor":18,"turns":4},{"damage":24,"enemies":"3 Byrds","floor":19,"turns":7},{"damage":29,"enemies":"Slavers","floor":24,"turns":11},{"damage":30,"enemies":"3 Cultists","floor":27,"turns":8},{"damage":0,"enemies":"Shelled Parasite and Fungi","floor":29,"turns":1},{"damage":1,"enemies":"Centurion and Healer","floor":30,"turns":7},{"damage":8,"enemies":"Snake Plant","floor":31,"turns":3}],"seed_played":"-7557503293400309616","potions_obtained":[{"floor":5,"key":"Poison Potion"},{"floor":7,"key":"Energy Potion"},{"floor":13,"key":"Poison Potion"},{"floor":19,"key":"Strength Potion"},{"floor":24,"key":"SmokeBomb"},{"floor":27,"key":"PowerPotion"}],"is_trial":false,"path_per_floor":["M","?","?","M","M","R","E","R","T","R","M","R","M","M","R","B",null,"M","M","?","?","?","R","E","R","T","M","$","M","M"],"character_chosen":"THE_SILENT","items_purchased":["Vajra","Apotheosis"],"campfire_rested":5,"item_purchase_floors":[28,28],"current_hp_per_floor":[62,55,55,55,55,55,16,37,37,37,36,57,42,40,61,58,67,53,29,29,23,19,31,16,32,32,2,2,2,1,0],"gold":67,"neow_bonus":"THREE_CARDS","is_prod":false,"is_daily":false,"chose_seed":false,"campfire_upgraded":2,"win_rate":0,"timestamp":1537434864,"path_taken":["M","?","?","M","?","R","E","R","T","R","M","R","?","M","R","BOSS","M","M","?","?","?","R","E","R","T","M","$","M","M","M"],"build_version":"2018-09-06","purchased_purges":0,"victory":false,"max_hp_per_floor":[70,70,70,70,70,70,70,70,70,70,70,70,70,70,70,70,70,70,70,35,35,40,40,54,54,54,54,54,54,54,54],"card_choices":[{"not_picked":["Riddle With Holes","Outmaneuver"],"picked":"Heel Hook","floor":0},{"not_picked":["Acrobatics","Prepared"],"picked":"Flying Knee","floor":1},{"not_picked":["Endless Agony","Concentrate"],"picked":"After Image","floor":4},{"not_picked":["Reflex","Blade Dance"],"picked":"Accuracy","floor":5},{"not_picked":["Masterful Stab","Outmaneuver"],"picked":"Cloak And Dagger","floor":7},{"not_picked":["Bouncing Flask","Concentrate"],"picked":"Terror","floor":11},{"not_picked":["Blur","Masterful Stab"],"picked":"Backstab","floor":13},{"not_picked":["Slice","Dagger Spray"],"picked":"Prepared","floor":14},{"not_picked":["Grand Finale","Unload"],"picked":"Die Die Die","floor":16},{"not_picked":["Terror","Riddle With Holes+1"],"picked":"Backflip","floor":18},{"not_picked":["Quick Slash","Setup"],"picked":"Predator+1","floor":19},{"not_picked":["Deadly Poison","Sucker Punch"],"picked":"PiercingWail+1","floor":24},{"not_picked":["PiercingWail","Underhanded Strike"],"picked":"Dagger Spray","floor":27},{"not_picked":["Burst","Heel Hook"],"picked":"Cloak And Dagger","floor":30}],"player_experience":622109,"relics_obtained":[{"floor":7,"key":"Tingsha"},{"floor":9,"key":"Unceasing Top"},{"floor":24,"key":"Calipers"},{"floor":24,"key":"Mango"},{"floor":26,"key":"Art of War"}],"event_choices":[{"event_name":"Golden Wing","player_choice":"Card Removal","floor":2,"damage_taken":0},{"event_name":"Bonfire Elementals","player_choice":"BASIC","floor":3,"damage_taken":0},{"event_name":"Ghosts","player_choice":"Became a Ghost","floor":20,"damage_taken":0},{"event_name":"Nest","player_choice":"Joined the Cult","floor":21,"damage_taken":0},{"event_name":"Forgotten Altar","player_choice":"Shed Blood","floor":22,"damage_taken":0}],"is_beta":false,"boss_relics":[{"not_picked":["Coffee Dripper","Pandora\u0027s Box"],"picked":"Black Star"}],"items_purged_floors":[],"is_endless":false,"potions_floor_spawned":[5,7,13,19,24,27],"killed_by":"Snake Plant","ascension_level":6}