{"path_per_floor":["M","M","M","?","?","M","M","E","T","E","M","M","?","$","R","B",null,"M","$","?","$","?","R","?","?","T","E","R","$","E","M","R","B",null,"M","M","?","M","M"],"character_chosen":"THE_SILENT","items_purchased":["Kunai","Toxic Egg 2","Footwork","Sucker Punch","Envenom"],"gold_per_floor":[109,122,133,133,383,368,378,412,435,466,485,497,572,21,21,122,122,136,61,61,35,35,35,35,35,65,94,94,25,54,73,73,170,170,190,200,200,214,230],"floor_reached":40,"campfire_rested":3,"playtime":7644,"current_hp_per_floor":[70,70,70,70,70,66,51,40,40,37,37,37,26,26,62,42,70,57,57,44,44,44,75,72,72,72,39,72,72,71,65,65,44,72,43,10,28,15,16],"items_purged":["Regret"],"gold":230,"score":461,"play_id":"c4f024db-73bb-48e7-9d05-ef4bd4bfcb26","local_time":"20180315232718","is_prod":false,"is_daily":false,"is_ascension_mode":false,"campfire_upgraded":1,"timestamp":1521152838,"path_taken":["M","M","M","?","?","?","M","E","T","E","M","M","?","?","R","BOSS","M","$","?","$","?","R","?","?","T","E","R","?","E","M","R","BOSS","M","M","?","M","?","E"],"build_version":"2018-03-09","purchased_purges":1,"victory":false,"master_deck":["Defend_G","Defend_G","Defend_G","Strike_G","Strike_G","Strike_G","Strike_G","Strike_G","Survivor+1","Neutralize","Distraction+1","Leg Sweep+1","Dagger Spray","Die Die Die","Quick Slash","Bullet Time","Backstab","Dagger Throw","Dash","Footwork","Quick Slash","Tools of the Trade","Infinite Blades+1","Sucker Punch","Poisoned Stab","Finisher+1","After Image+1","Cloak And Dagger+1","Envenom+1","Malaise+1","Outmaneuver+1","Phantasmal Killer+1","Cloak And Dagger+1","Terror+1","Writhe","Crippling Poison+1","Calculated Gamble+1"],"max_hp_per_floor":[70,70,70,70,70,70,70,70,70,70,70,70,70,70,70,70,70,70,70,75,75,75,75,72,72,72,72,72,72,72,72,72,72,72,72,72,72,72,72],"relics":["Ring of the Snake","Dream Catcher","Orichalcum","Toolbox","Regal Pillow","Pen Nib","Kunai","Toxic Egg 2","Calling Bell","Frozen Egg 2","Bronze Scales","Ancient Tea Set","Tiny Chest","Ginger","War Paint","Lizard Tail"],"card_choices":[{"not_picked":["Eviscerate","Underhanded Strike"],"picked":"Distraction"},{"not_picked":["Underhanded Strike","Deadly Poison"],"picked":"Leg Sweep"},{"not_picked":["Prepared","Cloak And Dagger"],"picked":"Dagger Spray"},{"not_picked":["Acrobatics","Backstab"],"picked":"Die Die Die"},{"not_picked":["PiercingWail","Reflex"],"picked":"Quick Slash"},{"not_picked":["Well Laid Plans","Malaise"],"picked":"Bullet Time"},{"not_picked":["Poisoned Stab","Acrobatics"],"picked":"Backstab"},{"not_picked":["Slice","Calculated Gamble"],"picked":"Dagger Throw"},{"not_picked":["Cloak And Dagger","Acrobatics"],"picked":"Dash"},{"not_picked":["Predator","All Out Attack"],"picked":"Quick Slash"},{"not_picked":["Unload","Tactician"],"picked":"Tools of the Trade"},{"not_picked":["Deadly Poison","PiercingWail"],"picked":"Infinite Blades"},{"not_picked":["Bane","Flying Knee"],"picked":"Finisher"},{"not_picked":["Flying Knee","Flechettes"],"picked":"After Image"},{"not_picked":["Flying Knee","Malaise"],"picked":"Cloak And Dagger"},{"not_picked":["All Out Attack","Dagger Throw"],"picked":"Malaise"},{"not_picked":["Skewer","PiercingWail"],"picked":"Outmaneuver"},{"not_picked":["Glass Knife","Tactician"],"picked":"Phantasmal Killer"},{"not_picked":["Acrobatics","Dagger Spray"],"picked":"Cloak And Dagger"},{"not_picked":["Dagger Spray","Heel Hook"],"picked":"Terror"},{"not_picked":["Backflip","Bane"],"picked":"Crippling Poison"},{"not_picked":["Outmaneuver","Well Laid Plans"],"picked":"Calculated Gamble"}],"player_experience":71373,"potions_floor_usage":[16,16,27,33,33,33,39],"damage_taken":[{"damage":0,"enemies":"Jaw Worm","floor":1,"turns":5},{"damage":0,"enemies":"Cultist","floor":2,"turns":5},{"damage":0,"enemies":"Small Slimes","floor":3,"turns":5},{"damage":4,"enemies":"Exordium Thugs","floor":6,"turns":6},{"damage":15,"enemies":"Large Slime","floor":7,"turns":10},{"damage":11,"enemies":"Gremlin Nob","floor":8,"turns":5},{"damage":3,"enemies":"3 Sentries","floor":10,"turns":7},{"damage":0,"enemies":"Red Slaver","floor":11,"turns":5},{"damage":0,"enemies":"2 Fungi Beasts","floor":12,"turns":1},{"damage":35,"enemies":"Hexaghost","floor":16,"turns":13},{"damage":13,"enemies":"3 Byrds","floor":18,"turns":4},{"damage":33,"enemies":"Gremlin Leader","floor":27,"turns":6},{"damage":1,"enemies":"Book of Stabbing","floor":30,"turns":5},{"damage":6,"enemies":"Chosen","floor":31,"turns":5},{"damage":21,"enemies":"Automaton","floor":33,"turns":8},{"damage":29,"enemies":"Orb Walker","floor":35,"turns":4},{"damage":33,"enemies":"3 Darklings","floor":36,"turns":7},{"damage":13,"enemies":"Maw","floor":38,"turns":9},{"damage":40,"enemies":"Sphere and 2 Shapes","floor":39,"turns":7},{"damage":20,"enemies":"2 Orb Walkers","floor":40,"turns":1}],"event_choices":[{"event_name":"Accursed Blacksmith","player_choice":"Rummage","floor":4,"damage_taken":0},{"event_name":"Golden Shrine","player_choice":"Desecrate","floor":5,"damage_taken":0},{"event_name":"World of Goop","player_choice":"Gather Gold","floor":13,"damage_taken":0},{"event_name":"Forgotten Altar","player_choice":"Shed Blood","floor":20,"damage_taken":0},{"event_name":"Transmorgrifier","player_choice":"Transform","floor":22,"damage_taken":0},{"event_name":"Fountain of Cleansing","player_choice":"Removed Curse","floor":24,"damage_taken":0},{"event_name":"Purifier","player_choice":"One Purge","floor":25,"damage_taken":0},{"event_name":"Winding Halls","player_choice":"Writhe","floor":37,"damage_taken":0}],"boss_relics":[{"not_picked":["Runic Pyramid","Runic Dome"],"picked":"Calling Bell"},{"not_picked":["Orrery","The Specimen"],"picked":"Lizard Tail"}],"potions_floor_spawned":[1,7,8,10,12,16,18,30,36,39],"seed_played":"-2536997007244321997","killed_by":"2 Orb Walkers","ascension_level":0,"is_trial":false}