{"gold_per_floor":[115,390,408,422,422,422,435,435,435,459,67,142,142,160,160,284,284,299,47,47,68,89,89,89],"floor_reached":24,"playtime":1139,"items_purged":["Regret","Strike_G"],"score":188,"play_id":"97e4bfc5-9a5c-40ae-b7d1-5bac8f61e390","local_time":"20181116142624","is_ascension_mode":false,"campfire_choices":[{"data":"Neutralize","floor":6,"key":"SMITH"},{"data":"Bouncing Flask","floor":8,"key":"SMITH"},{"floor":15,"key":"REST"},{"floor":23,"key":"REST"}],"neow_cost":"NONE","seed_source_timestamp":78547443449328,"circlet_count":0,"master_deck":["Defend_G","Defend_G","Defend_G","Defend_G","Strike_G","Strike_G","Strike_G","Survivor","Neutralize+1","Backflip","Dagger Spray","Bouncing Flask+1","Flying Knee","Poisoned Stab","Noxious Fumes","Metamorphosis","Quick Slash","Bouncing Flask","Die Die Die","Deadly Poison","Bane+1","Prepared"],"relics":["Ring of the Snake","Golden Idol","Regal Pillow","Strawberry","Nloth\u0027s Gift"],"potions_floor_usage":[1,3,4,10,18,24],"damage_taken":[{"damage":2,"enemies":"Small Slimes","floor":1,"turns":5},{"damage":7,"enemies":"Cultist","floor":3,"turns":5},{"damage":3,"enemies":"Jaw Worm","floor":4,"turns":3},{"damage":5,"enemies":"Looter","floor":7,"turns":3},{"damage":0,"enemies":"3 Louse","floor":10,"turns":2},{"damage":11,"enemies":"Blue Slaver","floor":14,"turns":3},{"damage":17,"enemies":"The Guardian","floor":16,"turns":7},{"damage":21,"enemies":"Chosen","floor":18,"turns":5},{"damage":10,"enemies":"Shell Parasite","floor":21,"turns":4},{"damage":12,"enemies":"Snake Plant","floor":22,"turns":4},{"damage":75,"enemies":"Slavers","floor":24,"turns":4}],"seed_played":"4426674329634619480","potions_obtained":[{"floor":0,"key":"Fruit Juice"},{"floor":0,"key":"Strength Potion"},{"floor":0,"key":"Block Potion"},{"floor":1,"key":"AttackPotion"},{"floor":10,"key":"FearPotion"},{"floor":16,"key":"FearPotion"},{"floor":22,"key":"Weak Potion"}],"is_trial":false,"path_per_floor":["M","?","M","M","?","R","M","R","T","M","$","?","?","M","R","B",null,"M","$","?","M","M","R","E"],"character_chosen":"THE_SILENT","items_purchased":["Noxious Fumes","Metamorphosis","Quick Slash","Strawberry"],"campfire_rested":2,"item_purchase_floors":[11,11,11,19],"current_hp_per_floor":[73,73,66,63,63,63,58,58,58,58,58,47,40,29,66,49,75,54,61,61,51,39,78,3],"gold":89,"neow_bonus":"THREE_SMALL_POTIONS","is_prod":false,"is_daily":false,"chose_seed":false,"campfire_upgraded":2,"win_rate":0.0,"timestamp":1542331584,"path_taken":["M","?","?","M","?","R","M","R","T","M","$","?","?","?","R","BOSS","M","$","?","M","M","R","E"],"build_version":"2018-11-15","purchased_purges":2,"victory":false,"max_hp_per_floor":[75,75,75,75,75,75,75,75,75,75,75,75,75,75,75,75,75,75,82,82,82,82,82,82],"card_choices":[{"not_picked":["Footwork","Dodge and Roll"],"picked":"Backflip","floor":1},{"not_picked":["Backflip","Masterful Stab"],"picked":"Dagger Spray","floor":3},{"not_picked":["Dagger Throw","Slice"],"picked":"Bouncing Flask","floor":4},{"not_picked":["Backflip","Masterful Stab"],"picked":"Flying Knee","floor":7},{"not_picked":["Flying Knee","Acrobatics"],"picked":"Poisoned Stab","floor":10},{"not_picked":["Accuracy","Dagger Throw"],"picked":"Bouncing Flask","floor":14},{"not_picked":["Grand Finale","Phantasmal Killer"],"picked":"Die Die Die","floor":16},{"not_picked":["Sucker Punch","Slice+1"],"picked":"Deadly Poison","floor":18},{"not_picked":["PiercingWail","Bouncing Flask"],"picked":"Bane+1","floor":21},{"not_picked":["PiercingWail","Blade Dance+1"],"picked":"Prepared","floor":22}],"player_experience":319091,"relics_obtained":[{"floor":9,"key":"Regal Pillow"}],"event_choices":[{"damage_healed":0,"gold_gain":275,"player_choice":"Desecrate","damage_taken":0,"max_hp_gain":0,"max_hp_loss":0,"event_name":"Golden Shrine","floor":2,"gold_loss":0,"cards_obtained":["Regret"]},{"damage_healed":0,"gold_gain":0,"player_choice":"Take Wound","damage_taken":0,"relics_obtained":["Golden Idol"],"max_hp_gain":0,"max_hp_loss":0,"event_name":"Golden Idol","floor":5,"gold_loss":0,"cards_obtained":["Injury"]},{"damage_healed":0,"gold_gain":75,"player_choice":"Gather Gold","damage_taken":11,"max_hp_gain":0,"max_hp_loss":0,"event_name":"World of Goop","floor":12,"gold_loss":0},{"cards_removed":["Injury"],"damage_healed":0,"gold_gain":0,"player_choice":"Card Removal","damage_taken":7,"max_hp_gain":0,"max_hp_loss":0,"event_name":"Golden Wing","floor":13,"gold_loss":0},{"damage_healed":0,"gold_gain":0,"player_choice":"Traded Relic","damage_taken":0,"relics_obtained":["Nloth\u0027s Gift"],"max_hp_gain":0,"max_hp_loss":0,"event_name":"N\u0027loth","floor":20,"relics_lost":["Empty Cage"],"gold_loss":0}],"is_beta":false,"boss_relics":[{"not_picked":["Coffee Dripper","Sozu"],"picked":"Empty Cage"}],"items_purged_floors":[11,19],"is_endless":false,"potions_floor_spawned":[1,10,16,22],"killed_by":"Slavers","ascension_level":0}