{"path_per_floor":["M","M","$","M","?","R","E","R","T","M","M","M","?","M","R","B",null,"M","M","M","M","M","R","M","R","T","M","M","$","R","?","R"],"character_chosen":"THE_SILENT","items_purchased":["Sucker Punch","Lantern","Orichalcum"],"gold_per_floor":[117,129,7,22,22,22,51,51,130,149,168,184,184,203,203,298,298,317,336,355,373,388,388,399,399,422,439,452,56,56,56,56,56],"floor_reached":33,"campfire_rested":1,"playtime":1350,"current_hp_per_floor":[70,70,70,70,70,70,64,64,64,64,64,67,67,67,67,60,70,70,70,70,57,41,41,41,41,41,37,37,37,58,49,49,0],"items_purged":["Strike_G","Venomology"],"gold":56,"score":255,"play_id":"d3acc18d-acd2-4915-9eaf-30db8c0f15e3","local_time":"20180409080830","is_prod":false,"is_daily":false,"is_ascension_mode":false,"campfire_upgraded":6,"timestamp":1523254110,"path_taken":["M","M","$","M","?","R","E","R","T","M","M","M","?","?","R","BOSS","M","?","M","?","M","R","M","R","T","M","M","?","R","?","R","BOSS"],"build_version":"2018-04-05v2","purchased_purges":2,"victory":false,"master_deck":["Defend_G","Defend_G","Defend_G","Defend_G","Defend_G","Strike_G","Strike_G","Strike_G","Survivor","Neutralize","Dash+1","Sucker Punch","Sucker Punch","Predator+1","Neutralize","Caltrops+1","Terror+1","All Out Attack+1","Glass Knife+1","Dodge and Roll","Backflip","Slice","Dodge and Roll+1","Poisoned Stab","Dagger Spray+1"],"max_hp_per_floor":[70,70,70,70,70,70,70,70,70,70,70,70,70,70,70,70,70,70,70,70,70,70,70,70,70,70,70,70,70,70,70,70,70],"relics":["Ring of the Snake","Thread and Needle","Toolbox","Sozu","Juzu Bracelet","Lantern","Orichalcum"],"card_choices":[{"not_picked":["Flying Knee","Deadly Poison"],"picked":"Dash","floor":1},{"not_picked":["Prepared","Poisoned Stab"],"picked":"Sucker Punch","floor":2},{"not_picked":["Cloak And Dagger","Poisoned Stab"],"picked":"Predator","floor":4},{"not_picked":["Cloak And Dagger","Prepared"],"picked":"Caltrops","floor":11},{"not_picked":["Deflect","Bouncing Flask"],"picked":"Terror","floor":12},{"not_picked":["Expertise","Deadly Poison"],"picked":"All Out Attack","floor":14},{"not_picked":["Unload","Night Terror"],"picked":"Glass Knife","floor":16},{"not_picked":["Slice","Well Laid Plans"],"picked":"Dodge and Roll","floor":18},{"not_picked":["Dagger Throw","Blade Dance"],"picked":"Backflip","floor":19},{"not_picked":["Infinite Blades","Heel Hook"],"picked":"Slice","floor":20},{"not_picked":["Dodge and Roll","Slice"],"picked":"Venomology","floor":21},{"not_picked":["Sucker Punch","Storm of Steel"],"picked":"Dodge and Roll","floor":22},{"not_picked":["Riddle With Holes","Dodge and Roll"],"picked":"Poisoned Stab","floor":24},{"not_picked":["Flying Knee","Distraction"],"picked":"Dagger Spray","floor":27}],"player_experience":364020,"potions_floor_usage":[10,22,22,33],"damage_taken":[{"damage":0,"enemies":"2 Louse","floor":1,"turns":3},{"damage":0,"enemies":"Cultist","floor":2,"turns":4},{"damage":0,"enemies":"Small Slimes","floor":4,"turns":3},{"damage":6,"enemies":"Gremlin Nob","floor":7,"turns":5},{"damage":0,"enemies":"Exordium Thugs","floor":10,"turns":5},{"damage":0,"enemies":"Large Slime","floor":11,"turns":7},{"damage":1,"enemies":"Lots of Slimes","floor":12,"turns":4},{"damage":0,"enemies":"Gremlin Gang","floor":14,"turns":5},{"damage":7,"enemies":"Hexaghost","floor":16,"turns":8},{"damage":0,"enemies":"Spheric Guardian","floor":18,"turns":3},{"damage":0,"enemies":"2 Thieves","floor":19,"turns":4},{"damage":0,"enemies":"Chosen and Byrds","floor":20,"turns":5},{"damage":13,"enemies":"Cultist and Chosen","floor":21,"turns":5},{"damage":16,"enemies":"Snecko","floor":22,"turns":6},{"damage":0,"enemies":"Centurion and Healer","floor":24,"turns":5},{"damage":4,"enemies":"Snake Plant","floor":27,"turns":4},{"damage":0,"enemies":"Sentry and Sphere","floor":28,"turns":3},{"damage":65,"enemies":"Collector","floor":33,"turns":8}],"event_choices":[{"event_name":"Match and Keep!","player_choice":"2 cards matched","floor":5,"damage_taken":0},{"event_name":"Purifier","player_choice":"One Purge","floor":13,"damage_taken":0},{"event_name":"Cursed Tome","player_choice":"Stopped","floor":31,"damage_taken":0}],"boss_relics":[{"not_picked":["Calling Bell","Snecko Eye"],"picked":"Sozu"}],"potions_floor_spawned":[2,4,7,16,18,20,24],"seed_played":"4330044358394055464","killed_by":"Collector","ascension_level":0,"is_trial":false}