{"gold_per_floor":[113,125,135,135,153,153,103,134,134,150,150,7,20,54,54,158,158,174,191,106,126,137,137,236,236,308,17,17,17,17,36,36,135,135,148,148,158,158,158,158,170,44,67,101,101,53,64,83,83,83],"floor_reached":50,"playtime":1650,"items_purged":["Strike_R","Strike_R"],"score":482,"play_id":"a51cd592-7153-4871-b0e0-037d908ae937","local_time":"20181019153302","is_ascension_mode":false,"campfire_choices":[{"data":"Carnage","floor":6.0,"key":"SMITH"},{"data":"Inflame","floor":11.0,"key":"SMITH"},{"data":"Inflame","floor":15.0,"key":"SMITH"},{"data":"Uppercut","floor":23.0,"key":"SMITH"},{"data":"Immolate","floor":25.0,"key":"SMITH"},{"data":"True Grit","floor":28.0,"key":"SMITH"},{"data":"Sword Boomerang","floor":32.0,"key":"SMITH"},{"data":"Twin Strike","floor":40.0,"key":"SMITH"},{"data":"Evolve","floor":45.0,"key":"SMITH"},{"data":"Metallicize","floor":49,"key":"SMITH"}],"neow_cost":"NONE","seed_source_timestamp":20542590295679,"circlet_count":0,"master_deck":["Strike_R","Strike_R","Defend_R","Defend_R","Defend_R","Defend_R","Bash+1","Twin Strike+1","Wild Strike","True Grit+1","Carnage+1","Inflame+1","Inflame+1","Uppercut+1","True Grit+1","Sword Boomerang+1","Immolate+1","Flame Barrier+1","Ghostly Armor+1","Madness+1","Madness+1","Pain","Metallicize+1","Shrug It Off+1","Evolve+1","Wild Strike+1"],"special_seed":0,"relics":["Burning Blood","Champion Belt","Magic Flower","Unceasing Top","Eternal Feather","Toxic Egg 2","Meat on the Bone","Ice Cream","Busted Crown","WarpedTongs","PreservedInsect","Pantograph"],"potions_floor_usage":[47,48,50,50,50],"damage_taken":[{"damage":0.0,"enemies":"2 Louse","floor":1.0,"turns":2.0},{"damage":6.0,"enemies":"Cultist","floor":2.0,"turns":3.0},{"damage":6.0,"enemies":"Jaw Worm","floor":3.0,"turns":2.0},{"damage":9.0,"enemies":"Looter","floor":5.0,"turns":3.0},{"damage":7.0,"enemies":"Gremlin Nob","floor":8.0,"turns":3.0},{"damage":11.0,"enemies":"Exordium Wildlife","floor":10.0,"turns":4.0},{"damage":4.0,"enemies":"Gremlin Gang","floor":13.0,"turns":4.0},{"damage":7.0,"enemies":"Lagavulin","floor":14.0,"turns":5.0},{"damage":25.0,"enemies":"Hexaghost","floor":16.0,"turns":7.0},{"damage":22.0,"enemies":"Shell Parasite","floor":18.0,"turns":4.0},{"damage":10.0,"enemies":"Spheric Guardian","floor":19.0,"turns":3.0},{"damage":17.0,"enemies":"Cultist and Chosen","floor":21.0,"turns":6.0},{"damage":19.0,"enemies":"Centurion and Healer","floor":22.0,"turns":6.0},{"damage":26.0,"enemies":"Sentry and Sphere","floor":31.0,"turns":6.0},{"damage":66.0,"enemies":"Collector","floor":33.0,"turns":10.0},{"damage":7.0,"enemies":"Orb Walker","floor":35.0,"turns":2.0},{"damage":0.0,"enemies":"3 Darklings","floor":37.0,"turns":4.0},{"damage":1.0,"enemies":"Transient","floor":41.0,"turns":5.0},{"damage":13.0,"enemies":"Giant Head","floor":44.0,"turns":6.0},{"damage":0,"enemies":"Reptomancer","floor":47,"turns":3},{"damage":6,"enemies":"Spire Growth","floor":48,"turns":4},{"damage":80,"enemies":"Awakened One","floor":50,"turns":14}],"seed_played":"5329492985760803269","potions_obtained":[{"floor":2.0,"key":"Weak Potion"},{"floor":10.0,"key":"Block Potion"},{"floor":13.0,"key":"Block Potion"},{"floor":16.0,"key":"EssenceOfSteel"},{"floor":18.0,"key":"AttackPotion"},{"floor":19.0,"key":"Dexterity Potion"},{"floor":31.0,"key":"SkillPotion"},{"floor":35.0,"key":"AttackPotion"},{"floor":47,"key":"Block Potion"},{"floor":48,"key":"Fire Potion"}],"is_trial":false,"path_per_floor":["M","M","M","?","M","R","?","E","T","M","R","$","M","E","R","B",null,"M","M","?","M","M","R","?","R","T","$","R","$","$","M","R","B",null,"M","?","M","?","?","R","M","$","T","E","R","$","M","M","R"],"character_chosen":"IRONCLAD","items_purchased":["Uppercut","Ice Cream","Shrug It Off+1","Swift Potion"],"campfire_rested":0,"item_purchase_floors":[12,27,42,46],"current_hp_per_floor":[80,80,80,80,77,77,77,76,76,74,74,74,79,80,80,64,80,67,66,66,58,48,60,60,72,72,72,80,80,80,63,75,36,80,80,70,79,79,80,80,80,80,80,76,80,80,80,80,80,0],"gold":83,"neow_bonus":"UPGRADE_CARD","is_prod":false,"is_daily":false,"chose_seed":false,"campfire_upgraded":10,"win_rate":0,"timestamp":1539955982,"path_taken":["M","M","M","?","?","R","?","E","T","?","R","$","M","E","R","BOSS","M","?","?","M","M","R","?","R","T","$","R","?","$","M","R","BOSS","M","?","M","?","?","R","?","$","T","E","R","$","M","M","R","BOSS"],"build_version":"2018-10-11","purchased_purges":2,"victory":false,"max_hp_per_floor":[80,80,80,80,80,80,80,80,80,80,80,80,80,80,80,80,80,80,80,80,80,80,80,80,80,80,80,80,80,80,80,80,80,80,80,80,80,80,80,80,80,80,80,80,80,80,80,80,80,80],"card_choices":[{"not_picked":["Clash","Thunderclap"],"picked":"Twin Strike","floor":1.0},{"not_picked":["Anger","Havoc"],"picked":"Wild Strike","floor":2.0},{"not_picked":["Rampage","Searing Blow"],"picked":"True Grit","floor":3.0},{"not_picked":["Rampage","Evolve"],"picked":"Carnage","floor":5.0},{"not_picked":["Pommel Strike","Iron Wave"],"picked":"Inflame","floor":8.0},{"not_picked":["Carnage","Dual Wield"],"picked":"Inflame","floor":10.0},{"not_picked":["Sentinel","Armaments"],"picked":"True Grit","floor":13.0},{"not_picked":["Bloodletting","True Grit"],"picked":"Sword Boomerang","floor":14.0},{"not_picked":["Bludgeon","Brutality"],"picked":"Immolate","floor":16.0},{"not_picked":["Twin Strike","Havoc+1","Clothesline+1"],"picked":"SKIP","floor":18.0},{"not_picked":["Cleave","Flex","Twin Strike"],"picked":"SKIP","floor":19.0},{"not_picked":["Perfected Strike","Flex+1"],"picked":"Flame Barrier+1","floor":21.0},{"not_picked":["Anger","Twin Strike"],"picked":"Ghostly Armor+1","floor":22.0},{"not_picked":["Uppercut","Clothesline","Second Wind+1"],"picked":"SKIP","floor":31.0},{"not_picked":["Perfected Strike+1"],"picked":"SKIP","floor":35.0},{"not_picked":["Anger+1"],"picked":"SKIP","floor":37.0},{"not_picked":[],"picked":"Metallicize","floor":41.0},{"not_picked":[],"picked":"Evolve","floor":44.0},{"not_picked":["Armaments+1"],"picked":"SKIP","floor":47},{"not_picked":[],"picked":"Wild Strike+1","floor":48}],"player_experience":1012906,"relics_obtained":[{"floor":8.0,"key":"Champion Belt"},{"floor":9.0,"key":"Magic Flower"},{"floor":14.0,"key":"Unceasing Top"},{"floor":26.0,"key":"Meat on the Bone"},{"floor":43.0,"key":"PreservedInsect"},{"floor":44.0,"key":"Pantograph"}],"event_choices":[{"event_name":"Upgrade Shrine","player_choice":"Upgraded","floor":4.0,"damage_taken":0.0},{"event_name":"The Cleric","player_choice":"Card Removal","floor":7.0,"damage_taken":0.0},{"event_name":"Addict","player_choice":"Obtained Relic","floor":20.0,"damage_taken":0.0},{"event_name":"Nest","player_choice":"Stole From Cult","floor":24.0,"damage_taken":0.0},{"event_name":"Winding Halls","player_choice":"Embrace Madness","floor":36.0,"damage_taken":0.0},{"event_name":"Accursed Blacksmith","player_choice":"Rummage","floor":38.0,"damage_taken":0.0},{"event_name":"Wheel of Change","player_choice":"Full Heal","floor":39.0,"damage_taken":0.0}],"is_beta":false,"boss_relics":[{"not_picked":["White Beast Statue","Calling Bell"],"picked":"Eternal Feather"},{"not_picked":["Empty Cage","Runic Pyramid"],"picked":"Busted Crown"}],"items_purged_floors":[12,42],"is_endless":false,"potions_floor_spawned":[2,10,13,16,18,19,31,33,35,37,47,48],"killed_by":"Awakened One","ascension_level":0}