{"gold_per_floor":[115,134,146,157,173,173,208,208,208,208],"floor_reached":10,"playtime":339,"items_purged":[],"score":133,"play_id":"a1ce64c0-c519-45ea-858c-e1826c58883b","local_time":"20181213005817","is_ascension_mode":true,"campfire_choices":[{"data":"Creative AI","floor":6.0,"key":"SMITH"},{"data":"Zap","floor":8,"key":"SMITH"}],"neow_cost":"NONE","seed_source_timestamp":0,"circlet_count":0,"master_deck":["AscendersBane","Strike_B","Strike_B","Strike_B","Strike_B","Defend_B","Defend_B","Defend_B","Defend_B","Zap+1","Dualcast","Redo","Hologram","Ball Lightning","Creative AI+1","Barrage","Cold Snap"],"special_seed":0,"relics":["Cracked Core","Shuriken","Centennial Puzzle"],"potions_floor_usage":[10,10],"damage_taken":[{"damage":0.0,"enemies":"Cultist","floor":1.0,"turns":4.0},{"damage":12.0,"enemies":"Jaw Worm","floor":2.0,"turns":3.0},{"damage":0.0,"enemies":"2 Louse","floor":3.0,"turns":4.0},{"damage":6.0,"enemies":"2 Fungi Beasts","floor":4.0,"turns":4.0},{"damage":8.0,"enemies":"Blue Slaver","floor":5.0,"turns":3.0},{"damage":35,"enemies":"3 Sentries","floor":7,"turns":5},{"damage":25,"enemies":"Gremlin Nob","floor":10,"turns":3}],"seed_played":"-7635971032316789007","potions_obtained":[{"floor":1.0,"key":"GamblersBrew"},{"floor":7,"key":"Regen Potion"}],"is_trial":false,"path_per_floor":["M","M","M","M","M","R","E","R","T","E"],"character_chosen":"DEFECT","items_purchased":[],"campfire_rested":0,"item_purchase_floors":[],"current_hp_per_floor":[71,59,59,53,45,45,10,10,10,0],"gold":208,"neow_bonus":"TEN_PERCENT_HP_BONUS","is_prod":false,"is_daily":false,"chose_seed":false,"campfire_upgraded":2,"win_rate":0,"timestamp":1544630297,"path_taken":["M","?","M","M","M","R","E","R","T","E"],"build_version":"2018-12-06","purchased_purges":0,"victory":false,"max_hp_per_floor":[78,78,78,78,78,78,78,78,78,78],"card_choices":[{"not_picked":["Static Discharge","Compile Driver"],"picked":"Redo","floor":1.0},{"not_picked":["Gash","Barrage"],"picked":"Hologram","floor":2.0},{"not_picked":["Recycle","Loop"],"picked":"Ball Lightning","floor":3.0},{"not_picked":["Static Discharge","Tempest"],"picked":"Creative AI","floor":4.0},{"not_picked":["Heatsinks","Steam Power"],"picked":"Barrage","floor":5.0},{"not_picked":["Gash","Hologram"],"picked":"Cold Snap","floor":7}],"player_experience":984114,"relics_obtained":[{"floor":7,"key":"Shuriken"},{"floor":9,"key":"Centennial Puzzle"}],"event_choices":[],"is_beta":false,"boss_relics":[],"items_purged_floors":[],"is_endless":false,"potions_floor_spawned":[1,7],"killed_by":"Gremlin Nob","ascension_level":18}