{"gold_per_floor":[114,114,46,59,78,78,105,119,170,170,170,185,185,216,216,292,292,282,282,282],"floor_reached":20,"playtime":842,"items_purged":[],"score":362,"play_id":"592de5ba-05aa-4b2d-959f-4cf41b7389f6","local_time":"20190129214340","is_ascension_mode":true,"campfire_choices":[{"data":"Streamline","floor":6.0,"key":"SMITH"},{"data":"Sunder","floor":11,"key":"SMITH"},{"data":"Zap","floor":13,"key":"SMITH"},{"data":"Tempest","floor":15,"key":"SMITH"}],"neow_cost":"NONE","seed_source_timestamp":425908258428419,"circlet_count":0,"master_deck":["AscendersBane","Strike_B","Strike_B","Strike_B","Defend_B","Defend_B","Defend_B","Defend_B","Zap+1","Dualcast","Streamline+1","Core Surge","Stack","Reinforced Body","Sunder+1","Conserve Battery","Tempest+1","Sweeping Beam","Fission","Beam Cell"],"special_seed":0,"relics":["Cracked Core","NeowsBlessing","Matryoshka","Shuriken","PreservedInsect","Smiling Mask","Black Star"],"potions_floor_usage":[7,14],"damage_taken":[{"damage":0.0,"enemies":"Jaw Worm","floor":1.0,"turns":1.0},{"damage":0.0,"enemies":"Cultist","floor":4.0,"turns":1.0},{"damage":0.0,"enemies":"Small Slimes","floor":5.0,"turns":1.0},{"damage":20,"enemies":"Lagavulin","floor":7,"turns":5},{"damage":2,"enemies":"Blue Slaver","floor":8,"turns":3},{"damage":1,"enemies":"3 Louse","floor":12,"turns":4},{"damage":0,"enemies":"Gremlin Nob","floor":14,"turns":2},{"damage":42,"enemies":"The Guardian","floor":16,"turns":10},{"damage":23,"enemies":"2 Thieves","floor":18,"turns":4},{"damage":39,"enemies":"Shell Parasite","floor":20,"turns":7}],"seed_played":"406530963058671132","potions_obtained":[{"floor":4.0,"key":"FearPotion"},{"floor":12,"key":"Energy Potion"},{"floor":14,"key":"LiquidBronze"},{"floor":18,"key":"SteroidPotion"}],"is_trial":false,"path_per_floor":["M","?","$","M","M","R","E","M","T","?","R","M","R","E","R","B",null,"M","?","M"],"character_chosen":"DEFECT","items_purchased":["Core Surge"],"campfire_rested":0,"item_purchase_floors":[3],"current_hp_per_floor":[64,64,64,64,64,64,44,42,42,71,71,70,70,70,70,28,60,37,37,0],"gold":282,"neow_bonus":"THREE_ENEMY_KILL","is_prod":false,"is_daily":false,"chose_seed":false,"campfire_upgraded":4,"win_rate":0,"timestamp":1548794620,"path_taken":["M","?","$","M","?","R","E","M","T","?","R","?","R","E","R","BOSS","M","?","M"],"build_version":"2019-01-23","purchased_purges":0,"victory":false,"max_hp_per_floor":[71,71,71,71,71,71,71,71,71,71,71,71,71,71,71,71,71,71,71,71],"card_choices":[{"not_picked":["Auto Shields","Genetic Algorithm"],"picked":"Streamline","floor":1.0},{"not_picked":["Scrape","Streamline"],"picked":"Stack","floor":4.0},{"not_picked":["Blizzard","Redo"],"picked":"Reinforced Body","floor":5.0},{"not_picked":["Gash","Beam Cell"],"picked":"Sunder","floor":7},{"not_picked":["Auto Shields","Rip and Tear"],"picked":"Conserve Battery","floor":8},{"not_picked":["Multi-Cast","Rebound"],"picked":"Tempest","floor":12},{"not_picked":["Blizzard","Turbo"],"picked":"Sweeping Beam","floor":14},{"not_picked":["Buffer","Seek"],"picked":"Fission","floor":16},{"not_picked":["Darkness+1","BootSequence"],"picked":"Beam Cell","floor":18}],"player_experience":1130812,"relics_obtained":[{"floor":7,"key":"Matryoshka"},{"floor":9,"key":"Shuriken"},{"floor":9,"key":"PreservedInsect"},{"floor":14,"key":"Smiling Mask"}],"event_choices":[{"cards_removed":["Strike_B"],"damage_healed":0.0,"max_hp_gain":0.0,"max_hp_loss":0.0,"gold_gain":0.0,"event_name":"Purifier","player_choice":"Purged","floor":2.0,"gold_loss":0.0,"damage_taken":0.0},{"damage_healed":29,"gold_gain":0,"player_choice":"Full Heal","damage_taken":0,"max_hp_gain":0,"max_hp_loss":0,"event_name":"Wheel of Change","floor":10,"gold_loss":0},{"damage_healed":0,"gold_gain":0,"player_choice":"Ignored","damage_taken":0,"max_hp_gain":0,"max_hp_loss":0,"event_name":"Ghosts","floor":19,"gold_loss":0}],"is_beta":false,"boss_relics":[{"not_picked":["White Beast Statue","Pandora\u0027s Box"],"picked":"Black Star"}],"items_purged_floors":[],"is_endless":false,"potions_floor_spawned":[4,12,14,18],"killed_by":"Shell Parasite","ascension_level":15}