{"gold_per_floor":[115,125,75,75,27,56,72,72,72,86,86,102,102,102,102,199,199,213,213,224,224,224,224,254,270,270,303,303,328,328,347,347,448,448,461,245,262,262,281,281,314,24,24,24,24,24,24,39,39,39],"floor_reached":51,"playtime":3258,"items_purged":[],"score":909,"play_id":"ae9faaf1-7dd7-4672-8f69-341e4de86807","local_time":"20190126184749","daily_mods":["SealedDeck"],"is_ascension_mode":true,"campfire_choices":[{"data":"Concentrate","floor":11,"key":"SMITH"},{"data":"Tactician","floor":13,"key":"SMITH"},{"data":"Cloak And Dagger","floor":15,"key":"SMITH"},{"data":"Glass Knife","floor":23,"key":"SMITH"},{"data":"Tactician","floor":28,"key":"SMITH"},{"data":"Backflip","floor":30,"key":"SMITH"},{"floor":32,"key":"REST"},{"data":"Burst","floor":40,"key":"SMITH"},{"data":"A Thousand Cuts","floor":44,"key":"SMITH"},{"data":"Neutralize","floor":49,"key":"SMITH"}],"neow_cost":"NONE","seed_source_timestamp":0,"circlet_count":0,"master_deck":["AscendersBane","Concentrate+1","Eviscerate","Deflect","Deflect","Slice","Underhanded Strike","Dagger Throw","Acrobatics","Tactician+1","Blur","Dash","Cloak And Dagger+1","Terror","Hidden Blade","Backflip","Backflip+1","Glass Knife+1","Calculated Gamble","Deflect+1","Neutralize+1","Tactician+1","Calculated Gamble","Backflip+1","Burst+1","Dodge and Roll","Master of Strategy","Dagger Throw","Escape Plan","Cloak And Dagger+1","A Thousand Cuts+1","Doubt","Backflip+1"],"relics":["Ring of the Snake","hubris:BottledRain","Dead Branch","Juzu Bracelet","hubris:Stopwatch","NeowsBlessing","hubris:AncientText","Ginger","Replay:Accelerometer","hubris:TenFootPole","HoveringKite","Ninja Scroll","Unceasing Top","Boot","NeowsBlessing"],"potions_floor_usage":[33],"damage_taken":[{"damage":8,"enemies":"Jaw Worm","floor":1,"turns":2},{"damage":0,"enemies":"2 Louse","floor":2,"turns":1},{"damage":41,"enemies":"Gremlin Nob","floor":6,"turns":5},{"damage":0,"enemies":"Cultist","floor":7,"turns":2},{"damage":0,"enemies":"2 Fungi Beasts","floor":10,"turns":2},{"damage":0,"enemies":"Blue Slaver","floor":12,"turns":2},{"damage":44,"enemies":"Fading Forest","floor":16,"turns":11},{"damage":0,"enemies":"3 Byrds","floor":18,"turns":4},{"damage":0,"enemies":"Shell Parasite","floor":20,"turns":1},{"damage":0,"enemies":"Replay:Snechameleon","floor":24,"turns":1},{"damage":0,"enemies":"Snecko","floor":25,"turns":1},{"damage":15,"enemies":"Gremlin Leader","floor":27,"turns":7},{"damage":35,"enemies":"Book of Stabbing","floor":29,"turns":6},{"damage":3,"enemies":"Snake Plant","floor":31,"turns":3},{"damage":37,"enemies":"Automaton","floor":33,"turns":12},{"damage":10,"enemies":"3 Darklings","floor":35,"turns":8},{"damage":0,"enemies":"3 Shapes","floor":37,"turns":2},{"damage":22,"enemies":"Maw","floor":39,"turns":8},{"damage":0,"enemies":"Nemesis","floor":41,"turns":1},{"damage":0,"enemies":"3 Darklings","floor":48,"turns":1},{"damage":0,"enemies":"Donu and Deca","floor":50,"turns":1}],"seed_played":"-1007224253234292909","potions_obtained":[{"floor":6,"key":"Weak Potion"},{"floor":7,"key":"FairyPotion"},{"floor":10,"key":"SteroidPotion"},{"floor":33,"key":"Dexterity Potion"}],"is_trial":true,"path_per_floor":["M","M","?","?","$","E","M","WH","T","M","R","M","R","?","R","B",null,"M","WH","M","WH","?","R","E","M","T","E","R","E","R","M","R","B",null,"M","$","M","?","M","R","E","$","T","R","?","WH","WH","M","R","B",null],"character_chosen":"THE_SILENT","items_purchased":["Cloak And Dagger","Master of Strategy","Dagger Throw","Unceasing Top"],"campfire_rested":1,"item_purchase_floors":[5,36,36,42],"current_hp_per_floor":[55,55,55,52,52,11,11,18,18,18,18,18,18,43,43,11,61,61,61,61,68,68,68,68,68,68,53,53,18,18,15,40,3,64,54,54,54,54,32,32,32,32,32,32,84,92,92,92,92,92],"gold":39,"neow_bonus":"THREE_ENEMY_KILL","is_prod":false,"is_daily":false,"chose_seed":false,"campfire_upgraded":9,"win_rate":0,"timestamp":1548524869,"path_taken":["M","M","?","?","$","E","M","WH","T","M","R","M","R","?","R","BOSS","M","WH","M","WH","?","R","E","M","T","E","R","E","R","M","R","BOSS","M","$","M","?","M","R","E","$","T","R","?","WH","WH","M","R","BOSS"],"build_version":"2019-01-23","purchased_purges":0,"victory":true,"max_hp_per_floor":[70,70,70,70,70,70,70,77,77,77,77,77,77,77,77,77,77,77,77,77,84,84,84,84,84,84,84,84,84,84,84,84,84,84,84,84,84,84,84,84,84,84,84,84,84,92,92,92,92,92],"card_choices":[{"not_picked":["Deadly Poison","Masterful Stab"],"picked":"Blur","floor":1},{"not_picked":["Blur","Outmaneuver"],"picked":"Dash","floor":2},{"not_picked":["Fluid Movement","Expertise"],"picked":"Terror","floor":6},{"not_picked":["ReplayTheSpireMod:The Works","Expertise"],"picked":"Hidden Blade","floor":7},{"not_picked":["Accuracy","Backstab"],"picked":"Backflip","floor":10},{"not_picked":["Storm of Steel","Setup"],"picked":"Backflip","floor":12},{"not_picked":["Die Die Die","Storm of Steel"],"picked":"Glass Knife","floor":16},{"not_picked":["Escape Plan+1","hubris:Counter"],"picked":"Calculated Gamble","floor":18},{"not_picked":["Flechettes","Flying Knee"],"picked":"Deflect+1","floor":20},{"not_picked":["Corpse Explosion","Outmaneuver","Caltrops"],"picked":"SKIP","floor":24},{"not_picked":["Flying Knee","Riddle With Holes+1"],"picked":"Tactician","floor":25},{"not_picked":["PiercingWail","Accuracy"],"picked":"Calculated Gamble","floor":27},{"not_picked":["Setup+1","Backflip","Flying Knee"],"picked":"SKIP","floor":29},{"not_picked":["Concentrate","Hidden Blade"],"picked":"Backflip+1","floor":31},{"not_picked":["ReplayTheSpireMod:Necrosis","Malaise"],"picked":"Burst","floor":33},{"not_picked":["Slice","PiercingWail"],"picked":"Dodge and Roll","floor":35},{"not_picked":["Tactician","Underhanded Strike+1"],"picked":"Escape Plan","floor":37},{"not_picked":["Noxious Fumes+1","Tactician"],"picked":"Cloak And Dagger+1","floor":39},{"not_picked":["Infinite Blades","PiercingWail+1"],"picked":"A Thousand Cuts","floor":41},{"not_picked":["Concentrate","Quick Slash"],"picked":"Backflip+1","floor":48}],"player_experience":1083406,"relics_obtained":[{"floor":6,"key":"Dead Branch"},{"floor":9,"key":"Juzu Bracelet"},{"floor":24,"key":"hubris:AncientText"},{"floor":26,"key":"Ginger"},{"floor":27,"key":"Replay:Accelerometer"},{"floor":29,"key":"hubris:TenFootPole"},{"floor":41,"key":"Ninja Scroll"},{"floor":43,"key":"Boot"}],"event_choices":[{"cards_removed":["hubris:SlightOfHand"],"damage_healed":0,"gold_gain":0,"player_choice":"Card Removal","damage_taken":0,"max_hp_gain":0,"max_hp_loss":0,"event_name":"The Cleric","floor":3,"gold_loss":50},{"damage_healed":0,"gold_gain":0,"player_choice":"Success","damage_taken":3,"relics_obtained":["hubris:BottledRain"],"max_hp_gain":0,"max_hp_loss":0,"event_name":"Scrap Ooze","floor":4,"gold_loss":0},{"damage_healed":25,"gold_gain":0,"player_choice":"Banana","damage_taken":0,"max_hp_gain":0,"max_hp_loss":0,"event_name":"Big Fish","floor":14,"gold_loss":0},{"damage_healed":0,"gold_gain":0,"player_choice":"1 cards matched","damage_taken":0,"max_hp_gain":0,"max_hp_loss":0,"event_name":"Match and Keep!","floor":22,"gold_loss":0,"cards_obtained":["Neutralize"]},{"damage_healed":0,"gold_gain":0,"player_choice":"Ignored","damage_taken":0,"max_hp_gain":0,"max_hp_loss":0,"event_name":"Tomb of Lord Red Mask","floor":38,"gold_loss":0},{"damage_healed":52,"gold_gain":0,"player_choice":"Heal","damage_taken":0,"max_hp_gain":0,"max_hp_loss":0,"event_name":"MindBloom","floor":45,"gold_loss":0,"cards_obtained":["Doubt"]}],"is_beta":false,"boss_relics":[{"not_picked":["hubris:RunicObelisk","Calling Bell"],"picked":"hubris:Stopwatch"},{"not_picked":["Cursed Key","Orrery"],"picked":"HoveringKite"}],"items_purged_floors":[],"is_endless":false,"potions_floor_spawned":[6,7,10,25,33,35,37,41],"ascension_level":10}