{"gold_per_floor":[113,113,127,147,49,49,82,143,166,196,196,214,234,251,251,328,328,338,338,338,238,255,255,267,285,285,285,200,200,200,214,214,214],"floor_reached":33,"playtime":1277,"items_purged":["Strike_R","Strike_R"],"score":450,"play_id":"79682385-4b3d-46d8-8073-caf741d1801f","local_time":"20190102014528","is_ascension_mode":true,"campfire_choices":[{"data":"Armaments","floor":6.0,"key":"SMITH"},{"data":"Rampage","floor":15,"key":"SMITH"},{"floor":23,"key":"REST"},{"data":"Offering","floor":29,"key":"SMITH"},{"data":"Offering","floor":32,"key":"SMITH"}],"neow_cost":"NONE","seed_source_timestamp":37329974344113,"circlet_count":0,"master_deck":["AscendersBane","Defend_R","Defend_R","Defend_R","Defend_R","Bash","Rage","Rampage+1","Headbutt","Armaments+1","Battle Trance","Evolve","Shrug It Off","Offering+1","Offering+1"],"special_seed":0,"relics":["Burning Blood","Bag of Preparation","Shovel","PreservedInsect","WingedGreaves","Sozu","Molten Egg 2"],"potions_floor_usage":[8],"damage_taken":[{"damage":8.0,"enemies":"Jaw Worm","floor":1.0,"turns":6.0},{"damage":9.0,"enemies":"2 Louse","floor":3.0,"turns":4.0},{"damage":0.0,"enemies":"Cultist","floor":4.0,"turns":3.0},{"damage":20,"enemies":"Gremlin Nob","floor":7,"turns":4},{"damage":15,"enemies":"Gremlin Nob","floor":8,"turns":3},{"damage":1,"enemies":"Lagavulin","floor":10,"turns":4},{"damage":6,"enemies":"Looter","floor":12,"turns":3},{"damage":0,"enemies":"Exordium Thugs","floor":13,"turns":6},{"damage":20,"enemies":"Gremlin Gang","floor":14,"turns":4},{"damage":11,"enemies":"Hexaghost","floor":16,"turns":8},{"damage":7,"enemies":"3 Byrds","floor":18,"turns":5},{"damage":22,"enemies":"Colosseum Slavers","floor":19,"turns":4},{"damage":24,"enemies":"2 Thieves","floor":22,"turns":4},{"damage":6,"enemies":"Centurion and Healer","floor":24,"turns":4},{"damage":15,"enemies":"Snake Plant","floor":25,"turns":4},{"damage":8,"enemies":"3 Cultists","floor":31,"turns":6},{"damage":51,"enemies":"Automaton","floor":33,"turns":6}],"seed_played":"-8783000522489376889","potions_obtained":[{"floor":3.0,"key":"SteroidPotion"},{"floor":4.0,"key":"Strength Potion"},{"floor":10,"key":"Explosive Potion"},{"floor":11,"key":"Strength Potion"}],"is_trial":false,"path_per_floor":["M","?","M","M","$","R","E","?","T","E","?","M","M","M","R","B",null,"M","?","?","$","M","R","M","M","T","?","?","R","?","M","R","B"],"character_chosen":"IRONCLAD","items_purchased":["Armaments"],"campfire_rested":1,"item_purchase_floors":[5],"current_hp_per_floor":[66,59,56,62,62,62,48,39,39,44,44,44,50,36,36,31,64,63,47,47,47,29,51,51,42,42,42,42,42,42,40,40,0],"gold":214,"neow_bonus":"REMOVE_CARD","is_prod":false,"is_daily":false,"chose_seed":false,"campfire_upgraded":4,"win_rate":0,"timestamp":1546361128,"path_taken":["M","?","M","M","$","R","E","?","T","E","?","M","M","?","R","BOSS","M","?","?","$","M","R","?","?","T","?","?","R","?","M","R","BOSS"],"build_version":"2018-12-20","purchased_purges":2,"victory":false,"max_hp_per_floor":[75,75,75,75,75,75,75,75,75,75,75,75,75,75,75,75,75,75,75,75,75,75,75,75,75,75,75,75,75,75,75,75,75],"card_choices":[{"not_picked":["Warcry","Flex"],"picked":"Rage","floor":1.0},{"not_picked":["Havoc","Clothesline"],"picked":"Rampage","floor":3.0},{"not_picked":["Body Slam","Fire Breathing"],"picked":"Headbutt","floor":4.0},{"not_picked":["Combust","Fire Breathing"],"picked":"Battle Trance","floor":7},{"not_picked":["Metallicize","Armaments"],"picked":"Evolve","floor":10},{"not_picked":["Wild Strike","Intimidate","Perfected Strike"],"picked":"SKIP","floor":12},{"not_picked":["Carnage","Havoc"],"picked":"Shrug It Off","floor":13},{"not_picked":["Iron Wave","Thunderclap","Combust"],"picked":"SKIP","floor":14},{"not_picked":["Exhume","Juggernaut"],"picked":"Offering","floor":16},{"not_picked":["Heavy Blade","Cleave+1","Warcry"],"picked":"SKIP","floor":18},{"not_picked":["Heavy Blade","Clothesline","Spot Weakness"],"picked":"SKIP","floor":22},{"not_picked":["Thunderclap","Blood for Blood","Reckless Charge"],"picked":"SKIP","floor":24},{"not_picked":["Shrug It Off+1","Armaments","Clothesline"],"picked":"SKIP","floor":25},{"not_picked":["Pommel Strike+1","Warcry","Havoc"],"picked":"SKIP","floor":31}],"player_experience":912507,"relics_obtained":[{"floor":7,"key":"Bag of Preparation"},{"floor":9,"key":"PreservedInsect"},{"floor":10,"key":"WingedGreaves"}],"event_choices":[{"cards_removed":["Strike_R"],"damage_healed":0.0,"max_hp_gain":0.0,"max_hp_loss":0.0,"gold_gain":0.0,"event_name":"Golden Wing","player_choice":"Card Removal","floor":2.0,"gold_loss":0.0,"damage_taken":7.0},{"damage_healed":0,"gold_gain":0,"player_choice":"Searched \u00273\u0027 times","damage_taken":0,"relics_obtained":["Shovel"],"max_hp_gain":0,"max_hp_loss":0,"event_name":"Dead Adventurer","floor":8,"gold_loss":0},{"damage_healed":0,"gold_gain":0,"player_choice":"Got Potions","damage_taken":0,"max_hp_gain":0,"max_hp_loss":0,"event_name":"Lab","floor":11,"gold_loss":0},{"damage_healed":0,"gold_gain":0,"player_choice":"Fight","damage_taken":0,"max_hp_gain":0,"max_hp_loss":0,"event_name":"Colosseum","floor":19,"gold_loss":0},{"damage_healed":0,"gold_gain":0,"player_choice":"Fled From Nobs","damage_taken":0,"max_hp_gain":0,"max_hp_loss":0,"event_name":"Colosseum","floor":19,"gold_loss":0},{"damage_healed":0,"gold_gain":0,"player_choice":"Copied","damage_taken":0,"max_hp_gain":0,"max_hp_loss":0,"event_name":"Duplicator","floor":20,"gold_loss":0,"cards_obtained":["Offering"]},{"damage_healed":0,"gold_gain":0,"player_choice":"Ignored","damage_taken":0,"max_hp_gain":0,"max_hp_loss":0,"event_name":"Ghosts","floor":27,"gold_loss":0},{"damage_healed":0,"gold_gain":0,"player_choice":"Obtained Relic","damage_taken":0,"relics_obtained":["Molten Egg 2"],"max_hp_gain":0,"max_hp_loss":0,"event_name":"Addict","floor":28,"gold_loss":85},{"cards_removed":["Strike_R"],"damage_healed":0,"gold_gain":0,"player_choice":"Elegance","damage_taken":0,"max_hp_gain":0,"max_hp_loss":0,"event_name":"Back to Basics","floor":30,"gold_loss":0}],"is_beta":false,"boss_relics":[{"not_picked":["Black Blood","Runic Dome"],"picked":"Sozu"}],"items_purged_floors":[5,21],"is_endless":false,"potions_floor_spawned":[3,4,10,16,18,19,25,31],"killed_by":"Automaton","ascension_level":15}