{"gold_per_floor":[111,128,14,30,30,42,72,84,148,189,211,45,55,66,66,163,163,177,194,194,89,69,69,86,86,168,180,180],"floor_reached":28,"playtime":2152,"items_purged":["Strike_G"],"score":247,"play_id":"dbb5762a-7b6b-4a26-b4cc-d16a11ee6739","local_time":"20181014144548","is_ascension_mode":false,"campfire_choices":[{"data":"Night Terror","floor":6,"key":"SMITH"},{"data":"Discovery","floor":8,"key":"SMITH"},{"floor":15,"key":"REST"},{"floor":23,"key":"REST"},{"data":"After Image","floor":25,"key":"SMITH"}],"neow_cost":"TEN_PERCENT_HP_LOSS","seed_source_timestamp":247534589866848,"circlet_count":0,"master_deck":["Defend_G","Defend_G","Defend_G","Defend_G","Strike_G","Strike_G","Strike_G","Survivor","Neutralize","Blade Dance","Night Terror+1","Poisoned Stab","Noxious Fumes","Discovery+1","Acrobatics","Finisher","Flying Knee","Corpse Explosion","Madness","Bane","Flechettes","After Image+1","Underhanded Strike","Discovery","Leg Sweep","Predator"],"relics":["Ring of the Serpent","MawBank","Pen Nib","Meat on the Bone","Sundial"],"potions_floor_usage":[10,11,19,28,28,28,28],"damage_taken":[{"damage":7,"enemies":"Cultist","floor":1,"turns":4},{"damage":2,"enemies":"Jaw Worm","floor":2,"turns":3},{"damage":0,"enemies":"Small Slimes","floor":4,"turns":3},{"damage":7,"enemies":"Blue Slaver","floor":7,"turns":3},{"damage":19,"enemies":"3 Sentries","floor":10,"turns":4},{"damage":16,"enemies":"Exordium Thugs","floor":11,"turns":6},{"damage":3,"enemies":"Large Slime","floor":13,"turns":5},{"damage":18,"enemies":"Blue Slaver","floor":14,"turns":4},{"damage":35,"enemies":"The Guardian","floor":16,"turns":10},{"damage":35,"enemies":"Chosen","floor":18,"turns":6},{"damage":2,"enemies":"Shell Parasite","floor":19,"turns":6},{"damage":27,"enemies":"Centurion and Healer","floor":24,"turns":5},{"damage":31,"enemies":"Snake Plant","floor":27,"turns":8},{"damage":37,"enemies":"Shelled Parasite and Fungi","floor":28,"turns":3}],"seed_played":"-9170006324867120252","potions_obtained":[{"floor":1,"key":"Strength Potion"},{"floor":10,"key":"Dexterity Potion"},{"floor":11,"key":"FairyPotion"},{"floor":16,"key":"Energy Potion"},{"floor":19,"key":"FairyPotion"},{"floor":22,"key":"EntropicBrew"}],"is_trial":false,"path_per_floor":["M","M","$","M","?","R","M","R","T","E","M","$","M","M","R","B",null,"M","M","?","$","?","R","M","R","T","M"],"character_chosen":"THE_SILENT","items_purchased":["Discovery","Acrobatics","Madness","Discovery"],"campfire_rested":2,"item_purchase_floors":[3,3,12,21],"current_hp_per_floor":[56,54,54,54,47,47,40,40,40,21,17,17,26,20,38,15,63,40,38,38,38,38,56,41,41,41,22,0],"gold":180,"neow_bonus":"TRANSFORM_TWO_CARDS","is_prod":false,"is_daily":false,"chose_seed":false,"campfire_upgraded":3,"win_rate":0.0,"timestamp":1539481548,"path_taken":["M","M","?","M","?","R","M","R","T","E","M","$","M","M","R","BOSS","M","M","?","$","?","R","?","R","T","M","M"],"build_version":"2018-10-11","purchased_purges":1,"victory":false,"max_hp_per_floor":[63,63,63,63,63,63,63,63,63,63,63,63,63,63,63,63,63,63,63,63,63,63,63,63,63,63,63,63],"card_choices":[{"not_picked":["Dash","Deflect"],"picked":"Poisoned Stab","floor":1},{"not_picked":["Quick Slash","Slice"],"picked":"Noxious Fumes","floor":2},{"not_picked":["Dodge and Roll","Escape Plan"],"picked":"Finisher","floor":4},{"not_picked":["Dagger Throw","Eviscerate"],"picked":"Flying Knee","floor":7},{"not_picked":["Endless Agony","Flying Knee"],"picked":"Corpse Explosion","floor":10},{"not_picked":["Deflect","Dagger Throw","Prepared"],"picked":"SKIP","floor":11},{"not_picked":["Calculated Gamble","Underhanded Strike"],"picked":"Bane","floor":13},{"not_picked":["Dagger Spray","Dodge and Roll"],"picked":"Flechettes","floor":14},{"not_picked":["Unload","Tools of the Trade"],"picked":"After Image","floor":16},{"not_picked":["Bane","PiercingWail"],"picked":"Underhanded Strike","floor":18},{"not_picked":["Prepared+1","Heel Hook+1","Dagger Throw"],"picked":"SKIP","floor":19},{"not_picked":["Deflect","Dodge and Roll+1"],"picked":"Leg Sweep","floor":24},{"not_picked":["Skewer","Dodge and Roll"],"picked":"Predator","floor":27}],"player_experience":30454,"relics_obtained":[{"floor":9,"key":"Pen Nib"},{"floor":10,"key":"Meat on the Bone"},{"floor":26,"key":"Sundial"}],"event_choices":[{"event_name":"Scrap Ooze","player_choice":"success","floor":5,"damage_taken":7},{"event_name":"Ghosts","player_choice":"Ignored","floor":20,"damage_taken":0},{"event_name":"The Woman in Blue","player_choice":"Bought 1 Potion","floor":22,"damage_taken":0}],"is_beta":false,"boss_relics":[{"not_picked":["Orrery","Velvet Choker"],"picked":"Ring of the Serpent"}],"items_purged_floors":[12],"is_endless":false,"potions_floor_spawned":[1,10,11,16,19],"killed_by":"Shelled Parasite and Fungi","ascension_level":0}