{"gold_per_floor":[114,39,39,58,8,46,46,84,84,84,103,122,141,160,160,285,285,304,323,323,342,392,430,430,112,187,225,244,263,18,37,37,162,162,181,181,200,219,219,287,306,306,331,331,350,350,54,54,54,54],"floor_reached":51,"playtime":1707,"items_purged":["Defend_G","Pain"],"score":1279,"play_id":"a0ae1f99-9c83-4c42-82bf-3e33a7ee9dde","local_time":"20180810150100","daily_mods":["Brewmaster","Cursed Run","Time Dilation"],"is_ascension_mode":false,"campfire_choices":[{"data":"Unload","floor":7.0,"key":"SMITH"},{"data":"Neutralize","floor":10.0,"key":"SMITH"},{"data":"Footwork","floor":15.0,"key":"SMITH"},{"data":"After Image","floor":24.0,"key":"SMITH"},{"data":"Infinite Blades","floor":32.0,"key":"SMITH"},{"data":"Infinite Blades","floor":42.0,"key":"SMITH"},{"data":"After Image","floor":46,"key":"SMITH"},{"data":"Infinite Blades","floor":49,"key":"SMITH"}],"neow_cost":"","seed_source_timestamp":435451144664,"circlet_count":0,"master_deck":["Defend_G","Defend_G","Defend_G","Strike_G","Strike_G","Strike_G","Survivor","Neutralize+1","Venomology","Venomology","Venomology","Venomology","Venomology","Dodge and Roll","Unload+1","Dagger Spray","Dagger Throw","Backstab","Dagger Throw","Footwork+1","Regret","After Image+1","Infinite Blades+1","Infinite Blades+1","Backstab","Regret","Leg Sweep+1","Infinite Blades+1","Choke","Shame","Skewer","Eviscerate","Blur","Caltrops","Infinite Blades+1","Noxious Fumes","Backflip","Decay","A Thousand Cuts","Blur+1","Panacea","Discovery","HandOfGreed","Choke+1","Footwork+1","Setup","Blade Dance+1","Injury","Underhanded Strike","Predator","Jack Of All Trades","After Image+1","Infinite Blades","Backflip"],"special_seed":17753,"relics":["Cursed Key","Darkstone Periapt","Du-Vu Doll","White Beast Statue","Golden Idol","Anchor","Blood Vial","The Courier","Coffee Dripper","Bag of Preparation","Strawberry","Bag of Marbles","Mummified Hand","Girya","Philosopher\u0027s Stone","Tiny Chest","Omamori","Paper Crane"],"potions_floor_usage":[50,50,50,50],"damage_taken":[{"damage":0.0,"enemies":"Cultist","floor":1.0,"turns":4.0},{"damage":0.0,"enemies":"Small Slimes","floor":4.0,"turns":3.0},{"damage":3.0,"enemies":"Gremlin Nob","floor":6.0,"turns":4.0},{"damage":0.0,"enemies":"3 Sentries","floor":8.0,"turns":4.0},{"damage":1.0,"enemies":"Jaw Worm","floor":11.0,"turns":3.0},{"damage":0.0,"enemies":"Blue Slaver","floor":12.0,"turns":1.0},{"damage":0.0,"enemies":"Looter","floor":13.0,"turns":1.0},{"damage":1.0,"enemies":"Large Slime","floor":14.0,"turns":4.0},{"damage":5.0,"enemies":"The Guardian","floor":16.0,"turns":13.0},{"damage":1.0,"enemies":"Shell Parasite","floor":18.0,"turns":3.0},{"damage":0.0,"enemies":"Spheric Guardian","floor":19.0,"turns":3.0},{"damage":0.0,"enemies":"Chosen and Byrds","floor":21.0,"turns":3.0},{"damage":0.0,"enemies":"Slavers","floor":23.0,"turns":3.0},{"damage":0.0,"enemies":"Book of Stabbing","floor":27.0,"turns":3.0},{"damage":0.0,"enemies":"Snake Plant","floor":28.0,"turns":2.0},{"damage":0.0,"enemies":"Snecko","floor":29.0,"turns":2.0},{"damage":0.0,"enemies":"Cultist and Chosen","floor":31.0,"turns":3.0},{"damage":1.0,"enemies":"Automaton","floor":33.0,"turns":8.0},{"damage":0.0,"enemies":"3 Shapes","floor":35.0,"turns":2.0},{"damage":0.0,"enemies":"Orb Walker","floor":37.0,"turns":1.0},{"damage":0.0,"enemies":"Maw","floor":38.0,"turns":4.0},{"damage":0.0,"enemies":"Nemesis","floor":40.0,"turns":1.0},{"damage":2.0,"enemies":"Transient","floor":41.0,"turns":5.0},{"damage":0.0,"enemies":"Jaw Worm Horde","floor":45.0,"turns":2.0},{"damage":1,"enemies":"Donu and Deca","floor":50,"turns":6}],"seed_played":"-7128863653250281528","potions_obtained":[{"floor":1.0,"key":"AttackPotion"},{"floor":4.0,"key":"Fire Potion"},{"floor":6.0,"key":"Fire Potion"},{"floor":12.0,"key":"Strength Potion"},{"floor":16.0,"key":"SteroidPotion"},{"floor":18.0,"key":"Block Potion"},{"floor":21.0,"key":"GhostInAJar"},{"floor":33.0,"key":"Fire Potion"},{"floor":38.0,"key":"Swift Potion"}],"is_trial":false,"path_per_floor":["M","$","?","M","?","E","R","E","T","R","M","M","M","M","R","B",null,"M","M","?","M","T","E","R","$","T","E","M","M","$","M","R","B",null,"M","?","M","M","?","E","M","R","T","?","M","R","$","?","R","B"],"character_chosen":"THE_SILENT","items_purchased":["Infinite Blades","Bag of Marbles","Choke","Blur","Caltrops","Infinite Blades","Noxious Fumes","Paper Crane","Infinite Blades","Backflip"],"campfire_rested":0,"item_purchase_floors":[25,25,25,30,30,30,30,47,47,47],"current_hp_per_floor":[70,70,65,65,65,62,62,62,68,68,69,71,71,70,70,74,77,76,77,77,77,83,90,90,90,96,96,96,96,96,96,96,101,102,102,92,94,96,96,98,98,98,104,104,106,106,106,106,106,108],"gold":54,"neow_bonus":"","is_prod":false,"is_daily":true,"chose_seed":false,"campfire_upgraded":8,"win_rate":0,"timestamp":1533938460,"path_taken":["M","?","?","M","?","E","R","E","T","R","M","M","?","?","R","BOSS","M","M","?","M","?","E","R","?","T","E","M","M","$","M","R","BOSS","M","?","?","M","?","E","M","R","T","?","M","R","$","?","R","BOSS"],"build_version":"2018-08-08","purchased_purges":2,"victory":true,"max_hp_per_floor":[70,70,65,65,65,65,65,65,71,71,71,71,71,71,71,77,77,77,77,77,77,83,90,90,90,96,96,96,96,96,96,96,102,102,102,102,102,102,102,102,102,102,108,108,108,108,108,108,108,108],"card_choices":[{"not_picked":["Expertise","Outmaneuver"],"picked":"Dodge and Roll","floor":1.0},{"not_picked":["Flying Knee","Prepared"],"picked":"Unload","floor":4.0},{"not_picked":["Dodge and Roll","Deflect"],"picked":"Dagger Spray","floor":6.0},{"not_picked":["Outmaneuver","Endless Agony"],"picked":"Dagger Throw","floor":8.0},{"not_picked":["Quick Slash","Storm of Steel"],"picked":"Backstab","floor":12.0},{"not_picked":["Concentrate","Choke"],"picked":"Dagger Throw","floor":13.0},{"not_picked":["Acrobatics","Leg Sweep"],"picked":"Footwork","floor":14.0},{"not_picked":["Corpse Explosion","Bullet Time"],"picked":"After Image","floor":16.0},{"not_picked":["Predator","Slice"],"picked":"Infinite Blades+1","floor":18.0},{"not_picked":["Bane","PiercingWail"],"picked":"Backstab","floor":21.0},{"not_picked":["Blur","Cloak And Dagger"],"picked":"Leg Sweep+1","floor":23.0},{"not_picked":["Cloak And Dagger","Grand Finale"],"picked":"Skewer","floor":27.0},{"not_picked":["Dodge and Roll","Underhanded Strike","Calculated Gamble"],"picked":"SKIP","floor":28.0},{"not_picked":["Slice","Masterful Stab"],"picked":"Eviscerate","floor":29.0},{"not_picked":["Tactician","Slice"],"picked":"Backflip","floor":31.0},{"not_picked":["Storm of Steel","Unload"],"picked":"A Thousand Cuts","floor":33.0},{"not_picked":["Heel Hook","Acrobatics+1"],"picked":"Blur+1","floor":35.0},{"not_picked":["Impatience","Bandage Up"],"picked":"Panacea","floor":36.0},{"not_picked":["Trip","HandOfGreed"],"picked":"Discovery","floor":36.0},{"not_picked":["The Bomb","Metamorphosis"],"picked":"HandOfGreed","floor":36.0},{"not_picked":["Bane+1","Dagger Spray"],"picked":"Choke+1","floor":37.0},{"not_picked":["Backstab","Outmaneuver+1"],"picked":"Footwork+1","floor":38.0},{"not_picked":["Crippling Poison","Dagger Spray+1"],"picked":"Blade Dance+1","floor":40.0},{"not_picked":["Poisoned Stab","Dodge and Roll"],"picked":"After Image","floor":45.0}],"player_experience":786271,"relics_obtained":[{"floor":6.0,"key":"Anchor"},{"floor":8.0,"key":"Blood Vial"},{"floor":9.0,"key":"The Courier"},{"floor":22.0,"key":"Bag of Preparation"},{"floor":23.0,"key":"Strawberry"},{"floor":26.0,"key":"Mummified Hand"},{"floor":27.0,"key":"Girya"},{"floor":40.0,"key":"Tiny Chest"},{"floor":43.0,"key":"Omamori"}],"event_choices":[{"event_name":"Golden Idol","player_choice":"Lose Max HP","floor":3.0,"damage_taken":0.0},{"event_name":"The Cleric","player_choice":"Card Removal","floor":5.0,"damage_taken":0.0},{"event_name":"The Library","player_choice":"Read","floor":20.0,"damage_taken":0.0},{"event_name":"SensoryStone","player_choice":"Memory 3","floor":36.0,"damage_taken":0.0},{"event_name":"Transmorgrifier","player_choice":"Transform","floor":39.0,"damage_taken":0.0},{"event_name":"Match and Keep!","player_choice":"3 cards matched","floor":44.0,"damage_taken":0.0},{"event_name":"Falling","player_choice":"Removed Attack","floor":48,"damage_taken":0}],"is_beta":true,"boss_relics":[{"not_picked":["Black Star","Busted Crown"],"picked":"Coffee Dripper"},{"not_picked":["Snecko Eye","Lizard Tail"],"picked":"Philosopher\u0027s Stone"}],"items_purged_floors":[2,25],"is_endless":false,"potions_floor_spawned":[1,4,6,8,11,12,13,14,16,18,19,21,23,27,28,29,31,33,35,37,38,40,41,45],"ascension_level":0}