{"gold_per_floor":[114,114,127,144,144,144,172,172,172,184,184,197,231,243,243,320,320,340,340,310,26,26,26],"floor_reached":23,"playtime":2243,"items_purged":["Steam"],"score":514,"play_id":"98fa7082-8d69-47a5-b8d8-e94eb42d4cd3","local_time":"20180913124315","is_ascension_mode":true,"campfire_choices":[{"data":"Glacier","floor":6.0,"key":"SMITH"},{"data":"Buffer","floor":8.0,"key":"SMITH"},{"floor":11.0,"key":"REST"},{"data":"Coolheaded","floor":15.0,"key":"SMITH"}],"neow_cost":"NONE","seed_source_timestamp":498173854572,"circlet_count":0,"master_deck":["Zap","Dualcast","AscendersBane","Compile Driver","Sweeping Beam","Glacier+1","Buffer+1","Coolheaded","Coolheaded+1","Rainbow","Coolheaded","Coolheaded","Redo","Rebound","Rip and Tear","Darkness","Defragment","Force Field"],"special_seed":0,"relics":["Snecko Eye","Sundial","Blue Candle","Omamori","Pandora\u0027s Box","Bag of Preparation"],"potions_floor_usage":[23,23],"damage_taken":[{"damage":0.0,"enemies":"2 Louse","floor":1.0,"turns":3.0},{"damage":4.0,"enemies":"Small Slimes","floor":3.0,"turns":3.0},{"damage":0.0,"enemies":"Cultist","floor":4.0,"turns":3.0},{"damage":42.0,"enemies":"Gremlin Nob","floor":7.0,"turns":5.0},{"damage":0.0,"enemies":"Looter","floor":10.0,"turns":3.0},{"damage":0.0,"enemies":"Blue Slaver","floor":12.0,"turns":4.0},{"damage":7.0,"enemies":"3 Sentries","floor":13.0,"turns":8.0},{"damage":0.0,"enemies":"Large Slime","floor":14.0,"turns":8.0},{"damage":0.0,"enemies":"The Guardian","floor":16.0,"turns":20.0},{"damage":0.0,"enemies":"3 Byrds","floor":18.0,"turns":6.0},{"damage":0.0,"enemies":"2 Thieves","floor":20.0,"turns":4.0},{"damage":49,"enemies":"Book of Stabbing","floor":23,"turns":6}],"seed_played":"7904725604536107846","potions_obtained":[{"floor":4.0,"key":"Fire Potion"},{"floor":7.0,"key":"SpeedPotion"},{"floor":12.0,"key":"Block Potion"},{"floor":16.0,"key":"EssenceOfSteel"},{"floor":18.0,"key":"Block Potion"},{"floor":20.0,"key":"Strength Potion"}],"is_trial":false,"path_per_floor":["M","?","M","M","?","R","E","R","T","M","R","M","E","M","R","B",null,"M","?","M","$","?"],"character_chosen":"DEFECT","items_purchased":["Bag of Preparation","Force Field"],"campfire_rested":1,"item_purchase_floors":[21,21],"current_hp_per_floor":[64,64,60,60,65,65,23,23,23,23,45,45,38,38,38,38,67,67,45,45,45,45,0],"gold":26,"neow_bonus":"BOSS_RELIC","is_prod":false,"is_daily":false,"chose_seed":false,"campfire_upgraded":3,"win_rate":0,"timestamp":1536835395,"path_taken":["M","?","?","M","?","R","E","R","T","M","R","M","E","M","R","BOSS","M","?","M","$","?","E"],"build_version":"2018-09-06","purchased_purges":1,"victory":false,"max_hp_per_floor":[71,71,71,71,76,76,76,76,76,76,76,76,76,76,76,76,76,76,81,81,81,81,81],"card_choices":[{"not_picked":["Chill","Hologram"],"picked":"Compile Driver","floor":1.0},{"not_picked":["Gash","Steam"],"picked":"Sweeping Beam","floor":3.0},{"not_picked":["BootSequence","Self Repair"],"picked":"Glacier","floor":4.0},{"not_picked":["Stack","Redo"],"picked":"Buffer","floor":7.0},{"not_picked":["Consume","Conserve Battery","Beam Cell"],"picked":"SKIP","floor":10.0},{"not_picked":["Double Energy","Chaos","Leap"],"picked":"SKIP","floor":12.0},{"not_picked":["Reinforced Body","Streamline"],"picked":"Coolheaded","floor":13.0},{"not_picked":["Hologram","Go for the Eyes"],"picked":"Coolheaded","floor":14.0},{"not_picked":["Machine Learning","Amplify"],"picked":"Rainbow","floor":16.0},{"not_picked":["Lockon","Ball Lightning","Sweeping Beam"],"picked":"SKIP","floor":18.0},{"not_picked":["Barrage","Streamline","Tempest"],"picked":"SKIP","floor":20.0}],"player_experience":958046,"relics_obtained":[{"floor":7.0,"key":"Sundial"},{"floor":9.0,"key":"Blue Candle"},{"floor":13.0,"key":"Omamori"}],"event_choices":[{"event_name":"Liars Game","player_choice":"disagreed","floor":2.0,"damage_taken":0.0},{"event_name":"Big Fish","player_choice":"Donut","floor":5.0,"damage_taken":0.0},{"event_name":"Forgotten Altar","player_choice":"Shed Blood","floor":19.0,"damage_taken":0.0},{"event_name":"Vampires","player_choice":"Ignored","floor":22.0,"damage_taken":0.0}],"is_beta":false,"boss_relics":[{"not_picked":["Coffee Dripper","Philosopher\u0027s Stone"],"picked":"Pandora\u0027s Box"}],"items_purged_floors":[21],"is_endless":false,"potions_floor_spawned":[4,7,12,14,16,18,20],"killed_by":"Book of Stabbing","ascension_level":19}