{"gold_per_floor":[116,116,216,216,216,248,248,8,87,87,87,87,116,133,133,231,231,246,246,258,258,270,270,286,17,17,33,46,46,246,265,265,265],"floor_reached":33,"playtime":1852,"items_purged":[],"score":417,"play_id":"a2364177-f3de-46de-a976-9f33bf1883dc","local_time":"20180930235406","is_ascension_mode":true,"campfire_choices":[{"floor":7,"key":"REST"},{"floor":10,"key":"REST"},{"data":"Coolheaded","floor":12,"key":"SMITH"},{"floor":15,"key":"REST"},{"floor":23,"key":"REST"},{"floor":32,"key":"REST"}],"neow_cost":"NONE","seed_source_timestamp":8299575848107,"circlet_count":0,"master_deck":["Defend_B","Defend_B","Defend_B","Defend_B","Zap+1","Dualcast","AscendersBane","Tempest","Coolheaded+1","Double Energy","Barrage","Go for the Eyes","Chill","Redo","Echo Form","Coolheaded+1","Bite","Bite","Bite+1","Bite+1","Bite","Stack","Stack+1","Ball Lightning+1","BootSequence","Leap","Hologram+1"],"relics":["Cracked Core","The Courier","Pen Nib","Symbiotic Virus","Darkstone Periapt","NlothsMask","Bronze Scales","Fusion Hammer","Whetstone","Boot"],"potions_floor_usage":[16,28,33],"damage_taken":[{"damage":6,"enemies":"Cultist","floor":1,"turns":3},{"damage":42,"enemies":"Gremlin Nob","floor":6,"turns":5},{"damage":16,"enemies":"3 Sentries","floor":13,"turns":7},{"damage":10,"enemies":"Jaw Worm","floor":14,"turns":2},{"damage":19,"enemies":"Slime Boss","floor":16,"turns":8},{"damage":0,"enemies":"Spheric Guardian","floor":18,"turns":2},{"damage":12,"enemies":"2 Thieves","floor":20,"turns":4},{"damage":13,"enemies":"Snecko","floor":22,"turns":4},{"damage":14,"enemies":"Snake Plant","floor":24,"turns":3},{"damage":5,"enemies":"Centurion and Healer","floor":27,"turns":7},{"damage":16,"enemies":"Sentry and Sphere","floor":28,"turns":4},{"damage":7,"enemies":"Snake Plant","floor":31,"turns":4},{"damage":94,"enemies":"Collector","floor":33,"turns":11}],"seed_played":"1818329802331835470","potions_obtained":[{"floor":13,"key":"FocusPotion"},{"floor":16,"key":"Swift Potion"},{"floor":24,"key":"PowerPotion"},{"floor":27,"key":"Regen Potion"},{"floor":28,"key":"Ancient Potion"}],"is_trial":false,"path_per_floor":["M","?","?","?","T","E","R","$","T","R","?","R","E","M","R","B",null,"M","?","M","?","M","R","M","$","T","M","M","$","?","M","R"],"character_chosen":"DEFECT","items_purchased":["Symbiotic Virus","Dexterity Potion","Whetstone","BootSequence","Boot"],"campfire_rested":5,"item_purchase_floors":[8,8,25,25,25],"current_hp_per_floor":[62,62,62,62,62,20,42,42,42,64,64,64,48,38,60,41,67,67,52,48,48,43,52,38,38,38,49,45,45,45,40,52,0],"gold":265,"neow_bonus":"THREE_CARDS","is_prod":false,"is_daily":false,"chose_seed":false,"campfire_upgraded":1,"win_rate":0,"timestamp":1538344446,"path_taken":["M","?","?","?","?","E","R","$","T","R","?","R","E","?","R","BOSS","M","?","M","?","M","R","M","$","T","M","M","$","?","?","R","BOSS"],"build_version":"2018-09-27","purchased_purges":0,"victory":false,"max_hp_per_floor":[75,75,75,75,75,75,75,75,75,75,75,75,75,75,75,75,75,75,52,52,52,52,52,52,52,52,52,52,52,52,52,52,52],"card_choices":[{"not_picked":["Aggregate","Stack"],"picked":"Tempest","floor":0},{"not_picked":["Cold Snap","Gash"],"picked":"Coolheaded","floor":1},{"not_picked":["Darkness","Undo"],"picked":"Go for the Eyes","floor":6},{"not_picked":["Steam","Fission"],"picked":"Chill","floor":13},{"not_picked":["Steam","Beam Cell"],"picked":"Redo","floor":14},{"not_picked":["Fission","Meteor Strike"],"picked":"Echo Form","floor":16},{"not_picked":["Redo","Turbo+1"],"picked":"Coolheaded+1","floor":18},{"not_picked":["Sweeping Beam","Rebound"],"picked":"Stack","floor":20},{"not_picked":["Doom and Gloom","Steam"],"picked":"Stack+1","floor":22},{"not_picked":["Aggregate","Steam"],"picked":"Ball Lightning+1","floor":24},{"not_picked":["Chaos","Chill","Streamline"],"picked":"SKIP","floor":27},{"not_picked":["Consume","Streamline"],"picked":"Leap","floor":28},{"not_picked":["Reinforced Body","Sweeping Beam"],"picked":"Hologram+1","floor":31}],"player_experience":750994,"relics_obtained":[{"floor":5,"key":"The Courier"},{"floor":6,"key":"Pen Nib"},{"floor":9,"key":"Darkstone Periapt"},{"floor":13,"key":"Bronze Scales"}],"event_choices":[{"event_name":"Match and Keep!","player_choice":"2 cards matched","floor":2,"damage_taken":0},{"event_name":"Golden Shrine","player_choice":"Pray","floor":3,"damage_taken":0},{"event_name":"Accursed Blacksmith","player_choice":"Forge","floor":4,"damage_taken":0},{"event_name":"FaceTrader","player_choice":"Trade","floor":11,"damage_taken":0},{"event_name":"Vampires","player_choice":"Became a vampire","floor":19,"damage_taken":0},{"event_name":"Ghosts","player_choice":"Ignored","floor":21,"damage_taken":0},{"event_name":"Wheel of Change","player_choice":"Gold","floor":30,"damage_taken":0}],"is_beta":false,"boss_relics":[{"not_picked":["Empty Cage","Black Star"],"picked":"Fusion Hammer"}],"items_purged_floors":[],"is_endless":false,"potions_floor_spawned":[13,16,24,27,28],"killed_by":"Collector","ascension_level":11}