{"gold_per_floor":[12,30,30,30,80,80,90,108,131,156,174,324,11,22,22,22],"floor_reached":16,"playtime":439,"items_purged":["Doubt"],"score":199,"play_id":"bd15b153-13b9-4419-a9c3-fe7986338551","local_time":"20190107013520","is_ascension_mode":true,"campfire_choices":[{"data":"Zap","floor":6,"key":"SMITH"},{"data":"Genetic Algorithm","floor":15,"key":"SMITH"}],"neow_cost":"NO_GOLD","seed_source_timestamp":364788109523700,"circlet_count":0,"master_deck":["AscendersBane","Strike_B","Strike_B","Strike_B","Defend_B","Defend_B","Defend_B","Zap+1","Dualcast","Self Repair","Sweeping Beam","Ball Lightning","Undo","Meteor Strike","Genetic Algorithm+1","Steam"],"relics":["Cracked Core","DataDisk","Boot","Smiling Mask","Pantograph"],"potions_floor_usage":[10,16,16],"damage_taken":[{"damage":0,"enemies":"2 Louse","floor":1,"turns":3},{"damage":11,"enemies":"Small Slimes","floor":2,"turns":4},{"damage":0,"enemies":"Cultist","floor":7,"turns":3},{"damage":10,"enemies":"3 Louse","floor":8,"turns":2},{"damage":10,"enemies":"Lagavulin","floor":10,"turns":5},{"damage":18,"enemies":"Large Slime","floor":11,"turns":5},{"damage":15,"enemies":"Lots of Slimes","floor":14,"turns":4},{"damage":52,"enemies":"Hexaghost","floor":16,"turns":9}],"seed_played":"-4356123392843919993","potions_obtained":[{"floor":1,"key":"PowerPotion"},{"floor":2,"key":"FearPotion"},{"floor":14,"key":"Weak Potion"}],"is_trial":false,"path_per_floor":["M","M","?","?","?","R","M","M","T","E","M","?","$","M","R","B"],"character_chosen":"DEFECT","items_purchased":["Pantograph"],"campfire_rested":0,"item_purchase_floors":[13],"current_hp_per_floor":[64,60,42,47,40,40,47,44,44,48,37,37,37,22,22,0],"gold":22,"neow_bonus":"REMOVE_TWO","is_prod":false,"is_daily":false,"chose_seed":false,"campfire_upgraded":2,"win_rate":0,"timestamp":1546792520,"path_taken":["M","M","?","?","?","R","M","M","T","E","?","?","$","M","R","BOSS"],"build_version":"2019-01-03v4","purchased_purges":1,"victory":false,"max_hp_per_floor":[71,71,71,76,76,76,76,76,76,76,76,76,76,76,76,76],"card_choices":[{"not_picked":["White Noise","Capacitor"],"picked":"Self Repair","floor":1},{"not_picked":["Cold Snap","Rebound"],"picked":"Sweeping Beam","floor":2},{"not_picked":["Rebound","Undo"],"picked":"Ball Lightning","floor":7},{"not_picked":["Gash","Ball Lightning"],"picked":"Undo","floor":8},{"not_picked":["Hologram","Consume"],"picked":"Meteor Strike","floor":10},{"not_picked":["Steam","Heatsinks"],"picked":"Genetic Algorithm","floor":11},{"not_picked":["Conserve Battery","Stack"],"picked":"Steam","floor":14}],"player_experience":1014136,"relics_obtained":[{"floor":9,"key":"Boot"},{"floor":10,"key":"Smiling Mask"}],"event_choices":[{"damage_healed":0,"gold_gain":0,"player_choice":"Success","damage_taken":18,"relics_obtained":["DataDisk"],"max_hp_gain":0,"max_hp_loss":0,"event_name":"Scrap Ooze","floor":3,"gold_loss":0},{"damage_healed":0,"gold_gain":0,"player_choice":"Donut","damage_taken":0,"max_hp_gain":5,"max_hp_loss":0,"event_name":"Big Fish","floor":4,"gold_loss":0},{"damage_healed":0,"gold_gain":50,"player_choice":"Touch","damage_taken":7,"max_hp_gain":0,"max_hp_loss":0,"event_name":"FaceTrader","floor":5,"gold_loss":0},{"damage_healed":0,"gold_gain":150,"player_choice":"AGREE","damage_taken":0,"max_hp_gain":0,"max_hp_loss":0,"event_name":"Liars Game","floor":12,"gold_loss":0,"cards_obtained":["Doubt"]}],"is_beta":false,"boss_relics":[],"items_purged_floors":[13],"is_endless":false,"potions_floor_spawned":[1,2,14],"killed_by":"Hexaghost","ascension_level":19}