{"gold_per_floor":[143,161,171,171,187,187,202,202,202,202,152,152,187,60,60,60],"floor_reached":16,"playtime":180,"items_purged":[],"score":135,"play_id":"34a1d589-d0bc-44fb-8023-0697a1c9a06d","local_time":"20180702164202","is_ascension_mode":false,"campfire_choices":[{"data":"Bash","floor":6,"key":"SMITH"},{"floor":10,"key":"REST"},{"data":"Twin Strike","floor":15,"key":"SMITH"}],"neow_cost":"NONE","seed_source_timestamp":2796241920841,"circlet_count":0,"master_deck":["Strike_R","Strike_R","Strike_R","Strike_R+1","Strike_R","Defend_R","Defend_R","Defend_R","Bash+1","Thunderclap","Writhe","Offering","Parasite","Offering","Twin Strike+1"],"relics":["Tiny House","Pantograph","Strawberry"],"potions_floor_usage":[8],"damage_taken":[{"damage":5,"enemies":"2 Louse","floor":1,"turns":2},{"damage":6,"enemies":"Cultist","floor":2,"turns":3},{"damage":11,"enemies":"Jaw Worm","floor":3,"turns":2},{"damage":17,"enemies":"2 Fungi Beasts","floor":5,"turns":3},{"damage":14,"enemies":"Looter","floor":7,"turns":3},{"damage":4,"enemies":"3 Sentries","floor":8,"turns":2},{"damage":35,"enemies":"Lagavulin","floor":13,"turns":5},{"damage":0,"enemies":"Hexaghost","floor":16,"turns":1}],"seed_played":"-2205321657010558653","potions_obtained":[{"floor":0,"key":"FairyPotion"},{"floor":2,"key":"PowerPotion"},{"floor":7,"key":"SmokeBomb"},{"floor":13,"key":"Block Potion"}],"is_trial":false,"path_per_floor":["M","M","M","?","M","R","M","E","T","R","?","?","E","$","R"],"character_chosen":"IRONCLAD","items_purchased":["Offering","Twin Strike"],"campfire_rested":1,"item_purchase_floors":[14,14],"current_hp_per_floor":[80,74,63,63,46,46,32,28,28,53,53,74,46,46,46,71],"gold":60,"neow_bonus":"BOSS_RELIC","is_prod":false,"is_daily":false,"chose_seed":false,"campfire_upgraded":2,"win_rate":0,"timestamp":1530574922,"path_taken":["M","M","M","?","M","R","M","E","T","R","?","?","E","?","R","BOSS"],"build_version":"2018-06-29","purchased_purges":0,"victory":false,"max_hp_per_floor":[85,85,85,85,85,85,85,85,85,85,85,85,92,92,92,92],"card_choices":[{"not_picked":["Heavy Blade","Shrug It Off"],"picked":"Thunderclap","floor":0},{"not_picked":["Armaments","Twin Strike","Iron Wave"],"picked":"SKIP","floor":7}],"player_experience":455232,"relics_obtained":[{"floor":9,"key":"Pantograph"},{"floor":13,"key":"Strawberry"}],"event_choices":[{"event_name":"Match and Keep!","player_choice":"2 cards matched","floor":4,"damage_taken":0},{"event_name":"The Cleric","player_choice":"Card Removal","floor":11,"damage_taken":0},{"event_name":"Mushrooms","player_choice":"Healed and dodged fight","floor":12,"damage_taken":0}],"boss_relics":[],"items_purged_floors":[],"is_endless":false,"potions_floor_spawned":[2,7,13],"killed_by":"Hexaghost","ascension_level":0}