{"gold_per_floor":[17,17,30,43,43,72,72,86,86,99,99,116,116,116,116,214,214,232,157,157,173,186,186,217,231,231,76,76,93,128,145,145,248,248,264,164,164,180,180,180,199,117,117,130,143,143,143,143,143,143],"floor_reached":51,"playtime":1738,"items_purged":["Strike_R","Strike_R"],"score":739,"play_id":"66a40f4a-ae22-480d-9050-66efd6d398b2","local_time":"20190129231422","is_ascension_mode":false,"campfire_choices":[{"data":"Evolve","floor":7.0,"key":"SMITH"},{"data":"True Grit","floor":11.0,"key":"SMITH"},{"data":"Fiend Fire","floor":13.0,"key":"SMITH"},{"data":"Pommel Strike","floor":15.0,"key":"SMITH"},{"data":"Power Through","floor":23.0,"key":"SMITH"},{"data":"Feel No Pain","floor":28.0,"key":"SMITH"},{"data":"Double Tap","floor":32,"key":"SMITH"},{"data":"Barricade","floor":40,"key":"SMITH"},{"data":"Bash","floor":46,"key":"SMITH"},{"data":"Defend_R","floor":49,"key":"SMITH"}],"neow_cost":"NO_GOLD","seed_source_timestamp":806034061426,"circlet_count":0,"master_deck":["Strike_R","Defend_R+1","Defend_R","Defend_R","Defend_R","Bash+1","Fiend Fire+1","Power Through+1","Carnage","Evolve+1","True Grit+1","Double Tap+1","Battle Trance+1","Disarm+1","Armaments+1","Feel No Pain+1","Fiend Fire+1","Barricade+1","Dropkick+1","Dual Wield+1"],"special_seed":0,"relics":["Burning Blood","Pen Nib","Du-Vu Doll","Dodecahedron","Mummified Hand","Mark of Pain","Molten Egg 2","Omamori","Art of War","Coffee Dripper","Champion Belt","Red Skull"],"potions_floor_usage":[30,30,30,30,33,33,33,50,50,50],"damage_taken":[{"damage":0.0,"enemies":"2 Louse","floor":1.0,"turns":3.0},{"damage":5.0,"enemies":"Small Slimes","floor":3.0,"turns":2.0},{"damage":0.0,"enemies":"Cultist","floor":4.0,"turns":2.0},{"damage":14.0,"enemies":"Gremlin Nob","floor":6.0,"turns":3.0},{"damage":0.0,"enemies":"Exordium Thugs","floor":8.0,"turns":6.0},{"damage":0.0,"enemies":"3 Louse","floor":10.0,"turns":3.0},{"damage":0.0,"enemies":"Looter","floor":12.0,"turns":2.0},{"damage":38.0,"enemies":"Hexaghost","floor":16.0,"turns":8.0},{"damage":5.0,"enemies":"3 Byrds","floor":18.0,"turns":5.0},{"damage":0.0,"enemies":"Spheric Guardian","floor":21.0,"turns":3.0},{"damage":0.0,"enemies":"Chosen and Byrds","floor":22.0,"turns":4.0},{"damage":0.0,"enemies":"Gremlin Leader","floor":24.0,"turns":3.0},{"damage":6.0,"enemies":"Centurion and Healer","floor":25.0,"turns":6.0},{"damage":24.0,"enemies":"3 Cultists","floor":29.0,"turns":9.0},{"damage":20,"enemies":"Slavers","floor":30,"turns":5},{"damage":0,"enemies":"Shelled Parasite and Fungi","floor":31,"turns":2},{"damage":64,"enemies":"Champ","floor":33,"turns":8},{"damage":0,"enemies":"3 Darklings","floor":35,"turns":7},{"damage":3,"enemies":"Orb Walker","floor":38,"turns":4},{"damage":0,"enemies":"Sphere and 2 Shapes","floor":41,"turns":3},{"damage":0,"enemies":"Transient","floor":44,"turns":5},{"damage":0,"enemies":"Maw","floor":45,"turns":6},{"damage":12,"enemies":"Time Eater","floor":50,"turns":12}],"seed_played":"7799412811048186062","potions_obtained":[{"floor":1.0,"key":"Ancient Potion"},{"floor":12.0,"key":"PowerPotion"},{"floor":20.0,"key":"EntropicBrew"},{"floor":20.0,"key":"Ancient Potion"},{"floor":30,"key":"PowerPotion"},{"floor":33,"key":"Ancient Potion"}],"is_trial":false,"path_per_floor":["M","?","M","M","?","E","R","M","T","M","R","M","R","T","R","B",null,"M","?","?","M","M","R","E","M","T","$","R","M","E","M","R","B",null,"M","$","?","M","?","R","M","$","T","M","M","R","?","T","R","B",null],"character_chosen":"IRONCLAD","items_purchased":["Feel No Pain","Dropkick+1"],"campfire_rested":0,"item_purchase_floors":[27,42],"current_hp_per_floor":[80,68,69,75,75,67,67,73,73,82,82,83,83,83,83,51,83,86,86,86,86,89,89,89,92,92,92,92,77,67,76,76,18,102,102,102,97,97,107,107,107,107,107,107,107,107,107,107,107,101],"gold":143,"neow_bonus":"THREE_RARE_CARDS","is_prod":false,"is_daily":false,"chose_seed":false,"campfire_upgraded":10,"win_rate":0,"timestamp":1548771262,"path_taken":["M","?","M","M","?","E","R","M","T","M","R","?","R","?","R","BOSS","M","?","?","?","M","R","E","M","T","$","R","?","E","M","R","BOSS","M","$","?","M","?","R","M","$","T","M","?","R","?","?","R","BOSS"],"build_version":"2019-01-23","purchased_purges":2,"victory":true,"max_hp_per_floor":[80,80,80,80,80,80,80,80,80,83,83,83,83,83,83,83,83,86,86,86,86,89,89,89,92,92,92,92,95,99,102,102,102,102,102,102,97,97,107,107,107,107,107,107,107,107,107,107,107,107],"card_choices":[{"not_picked":["Barricade","Juggernaut"],"picked":"Fiend Fire","floor":0.0},{"not_picked":["Anger","Perfected Strike"],"picked":"Power Through","floor":1.0},{"not_picked":["Heavy Blade","Pommel Strike"],"picked":"Carnage","floor":3.0},{"not_picked":["Heavy Blade","Clash"],"picked":"Evolve","floor":4.0},{"not_picked":["Headbutt","Blood for Blood","Iron Wave"],"picked":"SKIP","floor":6.0},{"not_picked":["Shrug It Off","Intimidate"],"picked":"Feed","floor":8.0},{"not_picked":["Evolve","Sword Boomerang"],"picked":"True Grit","floor":10.0},{"not_picked":["Fire Breathing","Clothesline","Twin Strike"],"picked":"SKIP","floor":12.0},{"not_picked":["Bludgeon","Feed"],"picked":"Double Tap","floor":16.0},{"not_picked":["Havoc+1","Sword Boomerang"],"picked":"Battle Trance+1","floor":18.0},{"not_picked":["Cleave+1","Reckless Charge","Clash"],"picked":"SKIP","floor":21.0},{"not_picked":["Wild Strike+1","Flex+1"],"picked":"Disarm+1","floor":22.0},{"not_picked":["Uppercut","Feed","Thunderclap"],"picked":"SKIP","floor":24.0},{"not_picked":["Bloodletting","Iron Wave+1"],"picked":"Armaments+1","floor":25.0},{"not_picked":["Pommel Strike+1","Sword Boomerang+1","Armaments"],"picked":"SKIP","floor":29.0},{"not_picked":["Warcry+1","Perfected Strike+1"],"picked":"Fiend Fire+1","floor":30},{"not_picked":["Flex","Clothesline+1","Bloodletting+1"],"picked":"SKIP","floor":31},{"not_picked":["Juggernaut","Double Tap"],"picked":"Barricade","floor":33},{"not_picked":["Iron Wave+1","Cleave+1","Headbutt+1"],"picked":"SKIP","floor":35},{"not_picked":["Clothesline+1","Headbutt+1","Infernal Blade+1"],"picked":"SKIP","floor":38},{"not_picked":["Infernal Blade","Iron Wave+1","Wild Strike+1"],"picked":"SKIP","floor":41},{"not_picked":["Armaments","Second Wind"],"picked":"Dual Wield+1","floor":44},{"not_picked":["Exhume","Ghostly Armor+1","Sword Boomerang+1"],"picked":"SKIP","floor":45}],"player_experience":1009582,"relics_obtained":[{"floor":6.0,"key":"Du-Vu Doll"},{"floor":9.0,"key":"Dodecahedron"},{"floor":14.0,"key":"Mummified Hand"},{"floor":24.0,"key":"Molten Egg 2"},{"floor":26.0,"key":"Omamori"},{"floor":30,"key":"Art of War"},{"floor":43,"key":"Champion Belt"},{"floor":48,"key":"Red Skull"}],"event_choices":[{"damage_healed":0.0,"max_hp_gain":0.0,"max_hp_loss":0.0,"gold_gain":0.0,"event_name":"Scrap Ooze","player_choice":"Success","floor":2.0,"gold_loss":0.0,"damage_taken":12.0,"relics_obtained":["Pen Nib"]},{"damage_healed":0.0,"max_hp_gain":0.0,"max_hp_loss":0.0,"gold_gain":0.0,"cards_transformed":["Strike_R"],"event_name":"Transmorgrifier","player_choice":"Transformed","floor":5.0,"gold_loss":0.0,"damage_taken":0.0,"cards_obtained":["Pommel Strike"]},{"cards_removed":["Strike_R"],"damage_healed":0.0,"max_hp_gain":0.0,"max_hp_loss":0.0,"gold_gain":0.0,"event_name":"Beggar","player_choice":"Gave Gold","floor":19.0,"gold_loss":75.0,"damage_taken":0.0},{"damage_healed":0.0,"max_hp_gain":0.0,"max_hp_loss":0.0,"gold_gain":0.0,"event_name":"Lab","player_choice":"Got Potions","floor":20.0,"gold_loss":0.0,"damage_taken":0.0},{"damage_healed":0,"gold_gain":0,"player_choice":"Max HP","damage_taken":0,"max_hp_gain":0,"max_hp_loss":5,"event_name":"Winding Halls","floor":37,"gold_loss":0},{"cards_removed":["Feed"],"damage_healed":0,"gold_gain":0,"player_choice":"Offered Rare","damage_taken":0,"max_hp_gain":10,"max_hp_loss":0,"event_name":"Bonfire Elementals","floor":39,"gold_loss":0},{"cards_removed":["Pommel Strike"],"damage_healed":0,"gold_gain":0,"player_choice":"Removed Attack","damage_taken":0,"max_hp_gain":0,"max_hp_loss":0,"event_name":"Falling","floor":47,"gold_loss":0}],"is_beta":false,"boss_relics":[{"not_picked":["Orrery","Cursed Key"],"picked":"Mark of Pain"},{"not_picked":["Black Blood","Pandora\u0027s Box"],"picked":"Coffee Dripper"}],"items_purged_floors":[27,36],"is_endless":false,"potions_floor_spawned":[1,12,24,30,33,44,45],"ascension_level":0}