{"gold_per_floor":[114,114,114,39,52,52,92,92,118,159,184,184,227,227,227,326,326,345,45,45,66,84,84,123,123,123,123,138,138,174,199,199,293,293,311,221,244,244,260,260,293,293,319,357,357,396,414,6,6,6,6,6,6,41,41],"floor_reached":56,"playtime":2699,"items_purged":["Pain","Strike_R","Strike_R"],"score":2712,"play_id":"84337441-8e2c-47f3-8f33-27ca9129d6a2","local_time":"20190103173515","is_ascension_mode":true,"campfire_choices":[{"data":"Bash","floor":6.0,"key":"SMITH"},{"data":"Rampage","floor":8.0,"key":"SMITH"},{"data":"Uppercut","floor":15.0,"key":"SMITH"},{"floor":23.0,"key":"REST"},{"data":"Metallicize","floor":25.0,"key":"SMITH"},{"data":"Metallicize","floor":32,"key":"SMITH"},{"floor":40,"key":"RECALL"},{"data":"Strike_R","floor":42,"key":"PURGE"},{"data":"Strike_R","floor":45,"key":"PURGE"},{"data":"Defend_R","floor":49,"key":"PURGE"},{"data":"Defend_R","floor":52,"key":"PURGE"}],"neow_cost":"NONE","seed_source_timestamp":0,"circlet_count":0,"master_deck":["AscendersBane","Defend_R","Defend_R","Bash+1","Metallicize+1","Sword Boomerang","Rampage+1","Uppercut+1","Metallicize+1","Battle Trance+1","Offering+1","Corruption+1","Corruption","Armaments+1","Burning Pact+1","Shrug It Off+1","Feel No Pain","Second Wind+1","Seeing Red+1","Intimidate+1","Limit Break+1","Shrug It Off+1","Second Wind+1","True Grit+1","Apotheosis+1","True Grit+1","Second Wind+1","Dual Wield+1","Shrug It Off+1","Inflame","Offering+1","Dropkick","Flex+1"],"special_seed":0,"relics":["Burning Blood","NeowsBlessing","Golden Idol","WarpedTongs","Charon\u0027s Ashes","Toxic Egg 2","Odd Mushroom","Dead Branch","Sozu","Membership Card","Blue Candle","Gremlin Horn","Enchiridion","Bottled Flame","Peace Pipe","Snecko Eye","Smiling Mask","Pen Nib","Vajra","Bottled Lightning","Lantern","Lee\u0027s Waffle","Bottled Tornado"],"potions_floor_usage":[],"damage_taken":[{"damage":0.0,"enemies":"Small Slimes","floor":1.0,"turns":1.0},{"damage":0.0,"enemies":"Cultist","floor":5.0,"turns":1.0},{"damage":0.0,"enemies":"3 Sentries","floor":7.0,"turns":1.0},{"damage":18.0,"enemies":"Gremlin Nob","floor":10.0,"turns":4.0},{"damage":10.0,"enemies":"The Mushroom Lair","floor":11.0,"turns":4.0},{"damage":18.0,"enemies":"3 Sentries","floor":13.0,"turns":7.0},{"damage":21.0,"enemies":"Hexaghost","floor":16.0,"turns":10.0},{"damage":6.0,"enemies":"Chosen","floor":18.0,"turns":4.0},{"damage":18.0,"enemies":"Shell Parasite","floor":21.0,"turns":4.0},{"damage":13.0,"enemies":"Cultist and Chosen","floor":22.0,"turns":4.0},{"damage":16.0,"enemies":"Gremlin Leader","floor":24.0,"turns":4.0},{"damage":3.0,"enemies":"Centurion and Healer","floor":28.0,"turns":4.0},{"damage":18.0,"enemies":"Book of Stabbing","floor":30.0,"turns":6.0},{"damage":0.0,"enemies":"3 Cultists","floor":31.0,"turns":2.0},{"damage":7,"enemies":"Champ","floor":33,"turns":3},{"damage":10,"enemies":"Orb Walker","floor":35,"turns":3},{"damage":0,"enemies":"3 Darklings","floor":37,"turns":1},{"damage":7,"enemies":"Transient","floor":39,"turns":5},{"damage":1,"enemies":"Giant Head","floor":41,"turns":5},{"damage":6,"enemies":"Reptomancer","floor":44,"turns":1},{"damage":0,"enemies":"Nemesis","floor":46,"turns":4},{"damage":6,"enemies":"Writhing Mass","floor":47,"turns":3},{"damage":23,"enemies":"Donu and Deca","floor":50,"turns":4},{"damage":0,"enemies":"Shield and Spear","floor":54,"turns":2},{"damage":12,"enemies":"The Heart","floor":55,"turns":5}],"seed_played":"-1386452080059508045","potions_obtained":[{"floor":1.0,"key":"Weak Potion"},{"floor":13.0,"key":"Swift Potion"},{"floor":16.0,"key":"Regen Potion"}],"is_trial":false,"path_per_floor":["M","?","?","$","M","R","E","R","T","E","?","?","E","?","R","B",null,"M","$","?","M","M","R","E","R","T","?","M","T","E","M","R","B",null,"M","$","M","?","M","R","E","R","T","E","R","E","M","$","R","B",null,"R","$","E","B",null],"character_chosen":"IRONCLAD","items_purchased":["Membership Card","Corruption","Armaments+1","Burning Pact+1","Second Wind+1","Lantern","Lee\u0027s Waffle","Shrug It Off+1","Inflame","Offering+1","Dropkick"],"campfire_rested":1,"item_purchase_floors":[19,19,19,19,36,48,48,48,48,48,48],"current_hp_per_floor":[74,68,68,68,68,68,68,68,68,56,52,57,45,38,38,23,61,61,61,61,49,42,63,53,53,53,32,35,35,35,41,41,40,65,61,61,67,57,56,56,61,61,61,61,61,67,67,80,80,63,76,76,76,80,74],"gold":41,"neow_bonus":"THREE_ENEMY_KILL","is_prod":false,"is_daily":false,"chose_seed":false,"campfire_upgraded":5,"win_rate":0,"timestamp":1546565715,"path_taken":["M","?","?","$","?","R","E","R","T","E","?","?","E","?","R","BOSS","M","$","?","?","M","R","E","R","T","?","M","?","E","M","R","BOSS","M","$","M","?","M","R","E","R","T","E","R","E","M","$","R","BOSS","R","$","E","BOSS"],"build_version":"2019-01-02","purchased_purges":3,"victory":true,"max_hp_per_floor":[75,68,68,68,68,68,68,68,68,68,68,73,73,73,73,73,73,73,73,73,73,73,73,73,73,73,73,73,73,73,73,73,73,73,73,73,73,73,73,73,73,73,73,73,73,73,73,80,80,80,80,80,80,80,80],"card_choices":[{"not_picked":["Warcry","Dual Wield"],"picked":"Metallicize","floor":1.0},{"not_picked":["Intimidate","Hemokinesis"],"picked":"Sword Boomerang","floor":5.0},{"not_picked":["Clothesline","True Grit"],"picked":"Rampage","floor":7.0},{"not_picked":["Clothesline","Perfected Strike"],"picked":"Uppercut","floor":10.0},{"not_picked":["Seeing Red+1","Entrench+1"],"picked":"Metallicize","floor":11.0},{"not_picked":["Fire Breathing","Flex+1"],"picked":"Battle Trance+1","floor":13.0},{"not_picked":["Double Tap+1","Juggernaut"],"picked":"Offering+1","floor":16.0},{"not_picked":["Flex+1","Twin Strike"],"picked":"Corruption+1","floor":18.0},{"not_picked":["Perfected Strike","Twin Strike"],"picked":"Shrug It Off+1","floor":21.0},{"not_picked":["Clash","Uppercut"],"picked":"Feel No Pain","floor":22.0},{"not_picked":["Sword Boomerang","Havoc+1"],"picked":"Second Wind+1","floor":24.0},{"not_picked":["Uppercut","Armaments+1"],"picked":"Seeing Red+1","floor":30.0},{"not_picked":["Pommel Strike","Demon Form"],"picked":"Intimidate+1","floor":31.0},{"not_picked":["Impervious+1","Fiend Fire"],"picked":"Limit Break+1","floor":33},{"not_picked":["Armaments+1","Headbutt"],"picked":"Shrug It Off+1","floor":35},{"not_picked":["Perfected Strike","Heavy Blade"],"picked":"True Grit+1","floor":37},{"not_picked":["Violence+1","Dark Shackles+1"],"picked":"Apotheosis+1","floor":38},{"not_picked":["Armaments+1","Twin Strike"],"picked":"True Grit+1","floor":39},{"not_picked":["Dark Embrace","Blood for Blood+1"],"picked":"Second Wind+1","floor":41},{"not_picked":["Cleave","Clothesline","Wild Strike"],"picked":"SKIP","floor":46},{"not_picked":["Armaments+1","Pommel Strike"],"picked":"Dual Wield+1","floor":47},{"not_picked":["Blood for Blood","Warcry+1"],"picked":"Flex+1","floor":54}],"player_experience":1002691,"relics_obtained":[{"floor":7.0,"key":"Charon\u0027s Ashes"},{"floor":10.0,"key":"Toxic Egg 2"},{"floor":11.0,"key":"Odd Mushroom"},{"floor":13.0,"key":"Dead Branch"},{"floor":24.0,"key":"Blue Candle"},{"floor":26.0,"key":"Gremlin Horn"},{"floor":27.0,"key":"Enchiridion"},{"floor":29.0,"key":"Bottled Flame"},{"floor":30.0,"key":"Peace Pipe"},{"floor":41,"key":"Smiling Mask"},{"floor":43,"key":"Pen Nib"},{"floor":44,"key":"Vajra"},{"floor":46,"key":"Bottled Lightning"},{"floor":54,"key":"Bottled Tornado"}],"event_choices":[{"damage_healed":0.0,"max_hp_gain":0.0,"max_hp_loss":7.0,"gold_gain":0.0,"event_name":"Golden Idol","player_choice":"Lose Max HP","floor":2.0,"gold_loss":0.0,"damage_taken":0.0,"relics_obtained":["Golden Idol"]},{"damage_healed":0.0,"max_hp_gain":0.0,"max_hp_loss":0.0,"gold_gain":0.0,"event_name":"Accursed Blacksmith","player_choice":"Rummage","floor":3.0,"gold_loss":0.0,"damage_taken":0.0,"relics_obtained":["WarpedTongs"],"cards_obtained":["Pain"]},{"damage_healed":0.0,"max_hp_gain":0.0,"max_hp_loss":0.0,"gold_gain":0.0,"event_name":"Mushrooms","player_choice":"Fought Mushrooms","floor":11.0,"gold_loss":0.0,"damage_taken":0.0},{"damage_healed":0.0,"max_hp_gain":5.0,"max_hp_loss":0.0,"gold_gain":0.0,"event_name":"Big Fish","player_choice":"Donut","floor":12.0,"gold_loss":0.0,"damage_taken":0.0},{"cards_removed":["Strike_R"],"damage_healed":0.0,"max_hp_gain":0.0,"max_hp_loss":0.0,"gold_gain":0.0,"event_name":"Golden Wing","player_choice":"Card Removal","floor":14.0,"gold_loss":0.0,"damage_taken":7.0},{"damage_healed":0.0,"max_hp_gain":0.0,"max_hp_loss":0.0,"gold_gain":0.0,"event_name":"Lab","player_choice":"Got Potions","floor":20.0,"gold_loss":0.0,"damage_taken":0.0},{"damage_healed":0.0,"max_hp_gain":0.0,"max_hp_loss":0.0,"gold_gain":0.0,"event_name":"Cursed Tome","player_choice":"Obtained Book","floor":27.0,"gold_loss":0.0,"damage_taken":21.0},{"damage_healed":0,"gold_gain":0,"player_choice":"Memory 3","damage_taken":10,"max_hp_gain":0,"max_hp_loss":0,"event_name":"SensoryStone","floor":38,"gold_loss":0}],"is_beta":true,"boss_relics":[{"not_picked":["Runic Dome","Philosopher\u0027s Stone"],"picked":"Sozu"},{"not_picked":["Coffee Dripper","Tiny House"],"picked":"Snecko Eye"}],"items_purged_floors":[4,36,48],"is_endless":false,"potions_floor_spawned":[1,13,16,22,28,30,39,44,46,54],"ascension_level":19}