{"gold_per_floor":[113,131,131,131,143,175,175,175],"floor_reached":8,"playtime":206,"items_purged":[],"score":109,"play_id":"16da0172-3aba-4d91-ba6a-961c1301d61e","local_time":"20181214031132","is_ascension_mode":true,"campfire_choices":[{"data":"Zap","floor":7,"key":"SMITH"}],"neow_cost":"NONE","seed_source_timestamp":0,"circlet_count":0,"master_deck":["AscendersBane","Strike_B","Strike_B","Strike_B","Strike_B","Defend_B","Defend_B","Defend_B","Zap+1","Dualcast","Streamline","Steam","Reinforced Body","Scrape"],"special_seed":0,"relics":["Cracked Core","Bronze Scales","SsserpentHead","Sundial"],"potions_floor_usage":[6,8],"damage_taken":[{"damage":0,"enemies":"Cultist","floor":1,"turns":3},{"damage":4,"enemies":"Jaw Worm","floor":2,"turns":3},{"damage":8,"enemies":"2 Louse","floor":5,"turns":2},{"damage":23,"enemies":"Lagavulin","floor":6,"turns":8},{"damage":22,"enemies":"Gremlin Nob","floor":8,"turns":3}],"seed_played":"7096618074722699340","potions_obtained":[{"floor":1,"key":"Block Potion"},{"floor":6,"key":"Ancient Potion"}],"is_trial":false,"path_per_floor":["M","M","?","?","M","E","R","E"],"character_chosen":"DEFECT","items_purchased":[],"campfire_rested":0,"item_purchase_floors":[],"current_hp_per_floor":[64,60,53,53,45,22,22,0],"gold":175,"neow_bonus":"RANDOM_COMMON_RELIC","is_prod":false,"is_daily":false,"chose_seed":false,"campfire_upgraded":1,"win_rate":0,"timestamp":1544724692,"path_taken":["M","M","?","?","M","E","R","E"],"build_version":"2018-12-06","purchased_purges":0,"victory":false,"max_hp_per_floor":[71,71,71,71,71,71,71,71],"card_choices":[{"not_picked":["Darkness","Barrage"],"picked":"Streamline","floor":1},{"not_picked":["Hologram","Rebound"],"picked":"Steam","floor":2},{"not_picked":["Cold Snap","Streamline"],"picked":"Reinforced Body","floor":5},{"not_picked":["Darkness","Reprogram"],"picked":"Scrape","floor":6}],"player_experience":993496,"relics_obtained":[{"floor":6,"key":"Sundial"}],"event_choices":[{"cards_removed":["Defend_B"],"damage_healed":0,"gold_gain":0,"player_choice":"Card Removal","damage_taken":7,"max_hp_gain":0,"max_hp_loss":0,"event_name":"Golden Wing","floor":3,"gold_loss":0},{"damage_healed":0,"gold_gain":0,"player_choice":"Trade","damage_taken":0,"relics_obtained":["SsserpentHead"],"max_hp_gain":0,"max_hp_loss":0,"event_name":"FaceTrader","floor":4,"gold_loss":0}],"is_beta":false,"boss_relics":[],"items_purged_floors":[],"is_endless":false,"potions_floor_spawned":[1,6],"killed_by":"Gremlin Nob","ascension_level":19}