{"gold_per_floor":[111,127,52,2,2,30,30,30,30,58,71,91,106,122,122,122],"floor_reached":16,"playtime":210,"items_purged":["Defend_R"],"score":137,"play_id":"1e090527-3da3-4baf-a67b-7b8d66ed25c3","local_time":"20181229004856","is_ascension_mode":false,"campfire_choices":[{"data":"Bash","floor":7,"key":"SMITH"},{"floor":15,"key":"REST"}],"neow_cost":"NONE","seed_source_timestamp":103486502702591,"circlet_count":0,"master_deck":["Strike_R","Strike_R","Strike_R","Strike_R","Strike_R","Defend_R","Bash+1","Flex"],"relics":["Burning Blood","NeowsBlessing","PreservedInsect","Frozen Egg 2","Pen Nib"],"potions_floor_usage":[13,16,16],"damage_taken":[{"damage":0,"enemies":"Cultist","floor":1,"turns":1},{"damage":0,"enemies":"Small Slimes","floor":2,"turns":1},{"damage":0,"enemies":"3 Sentries","floor":6,"turns":1},{"damage":36,"enemies":"Lagavulin","floor":10,"turns":4},{"damage":11,"enemies":"Jaw Worm","floor":11,"turns":3},{"damage":19,"enemies":"Blue Slaver","floor":12,"turns":3},{"damage":11,"enemies":"Exordium Wildlife","floor":13,"turns":3},{"damage":14,"enemies":"2 Fungi Beasts","floor":14,"turns":3},{"damage":27,"enemies":"Slime Boss","floor":16,"turns":6}],"seed_played":"3668997000693385676","potions_obtained":[{"floor":1,"key":"SkillPotion"},{"floor":11,"key":"AttackPotion"},{"floor":14,"key":"PowerPotion"}],"is_trial":false,"path_per_floor":["M","M","$","?","?","E","R","?","T","E","M","M","M","M","R","B"],"character_chosen":"IRONCLAD","items_purchased":[],"campfire_rested":1,"item_purchase_floors":[],"current_hp_per_floor":[80,80,80,80,73,79,79,79,79,49,44,31,26,18,42,15],"gold":122,"neow_bonus":"THREE_ENEMY_KILL","is_prod":false,"is_daily":false,"chose_seed":false,"campfire_upgraded":1,"win_rate":1,"timestamp":1546062536,"path_taken":["M","?","$","?","?","E","R","?","T","E","M","M","?","M","R","BOSS"],"build_version":"2018-12-20","purchased_purges":1,"victory":false,"max_hp_per_floor":[80,80,80,80,80,80,80,80,80,80,80,80,80,80,80,80],"card_choices":[{"not_picked":["Fire Breathing+1","Clash"],"picked":"Flex","floor":11}],"player_experience":132954,"relics_obtained":[{"floor":6,"key":"PreservedInsect"},{"floor":9,"key":"Frozen Egg 2"},{"floor":10,"key":"Pen Nib"}],"event_choices":[{"cards_removed":["Defend_R"],"damage_healed":0,"gold_gain":0,"player_choice":"Card Removal","damage_taken":0,"max_hp_gain":0,"max_hp_loss":0,"event_name":"The Cleric","floor":4,"gold_loss":50},{"cards_removed":["Defend_R"],"damage_healed":0,"gold_gain":0,"player_choice":"Card Removal","damage_taken":7,"max_hp_gain":0,"max_hp_loss":0,"event_name":"Golden Wing","floor":5,"gold_loss":0},{"damage_healed":0,"gold_gain":0,"player_choice":"0 cards matched","damage_taken":0,"max_hp_gain":0,"max_hp_loss":0,"event_name":"Match and Keep!","floor":8,"gold_loss":0,"cards_obtained":[]}],"is_beta":false,"boss_relics":[],"items_purged_floors":[3],"is_endless":false,"potions_floor_spawned":[1,11,14],"killed_by":"Slime Boss","ascension_level":0}