{"gold_per_floor":[114,129,129,144,159,174,204,204,279,294,321,348,375,387,399,511,523,550,577,604,631,658,670,712,739,751,808,820,847,859,886,898,1010,1022,1049,1076,1103,1130,1157,1199,1211,1223,1235,1274,16,16,46,61,61,61],"floor_reached":51,"playtime":3003,"items_purged":[],"score":1195,"play_id":"9bddb001-de13-4c22-be3e-90cb0a2117b5","local_time":"20180804160451","daily_mods":["Insanity","Time Dilation","Vintage"],"is_ascension_mode":false,"campfire_choices":[{"data":"Seek","floor":8.0,"key":"SMITH"},{"data":"Hyperbeam","floor":15.0,"key":"SMITH"},{"data":"Buffer","floor":23.0,"key":"SMITH"},{"data":"Rainbow","floor":28.0,"key":"SMITH"},{"data":"Steam Power","floor":30.0,"key":"SMITH"},{"data":"Darkness","floor":32.0,"key":"SMITH"},{"data":"Steam Power","floor":41.0,"key":"SMITH"}],"neow_cost":"","seed_source_timestamp":0,"circlet_count":0,"master_deck":["Leap+1","Undo+1","Auto Shields+1","Creative AI+1","Conserve Battery+1","Ball Lightning+1","Leap+1","Seek+1","All For One+1","Buffer+1","BootSequence+1","Sunder+1","White Noise+1","Rip and Tear+1","Aggregate+1","Redo+1","Scrape+1","Barrage+1","Aggregate+1","Steam Power+1","Steam+1","Chill+1","Capacitor+1","Biased Cognition+1","Stack+1","Chill+1","Chill+1","Sweeping Beam+1","Turbo+1","Heatsinks+1","Multi-Cast+1","Steam Power+1","Cold Snap+1","Meteor Strike+1","Hyperbeam+1","Machine Learning+1","Leap+1","Auto Shields+1","Chill+1","Sweeping Beam+1","Doom and Gloom+1","All For One+1","Echo Form+1","Fission+1","Sunder+1","Aggregate+1","Self Repair+1","Zap+1","Amplify+1","Darkness+1","Turbo+1","Rainbow+1","Scrape+1","Biased Cognition+1","Sweeping Beam+1","Ball Lightning+1"],"special_seed":17733,"relics":["Cracked Core","Smiling Mask","Bottled Lightning","Centennial Puzzle","Bird Faced Urn","Potion Belt","Letter Opener","Bag of Marbles","Symbiotic Virus","MawBank","Ornamental Fan","Art of War","DataDisk","Gremlin Horn","Runic Dome","Calipers","Matryoshka","Ancient Tea Set","Dream Catcher","The Courier","Oddly Smooth Stone","Blood Vial","Whetstone","Bottled Tornado","Tiny Chest","Happy Flower","War Paint","Mango","Coffee Dripper","Incense Burner","Molten Egg 2","Darkstone Periapt","Orichalcum","Vajra","Prayer Wheel","Cables","Bronze Scales","Juzu Bracelet","OrangePellets","Anchor","Bag of Preparation","Torii","Pen Nib","Strawberry","Ginger","Mark of the Bloom","Shuriken","Blue Candle"],"potions_floor_usage":[50,50,50,50],"damage_taken":[{"damage":2.0,"enemies":"Jaw Worm","floor":1.0,"turns":4.0},{"damage":0.0,"enemies":"2 Louse","floor":2.0,"turns":2.0},{"damage":0.0,"enemies":"Small Slimes","floor":4.0,"turns":1.0},{"damage":2.0,"enemies":"Blue Slaver","floor":5.0,"turns":2.0},{"damage":0.0,"enemies":"Red Slaver","floor":6.0,"turns":4.0},{"damage":8.0,"enemies":"Lagavulin","floor":7.0,"turns":4.0},{"damage":0.0,"enemies":"3 Louse","floor":10.0,"turns":1.0},{"damage":0.0,"enemies":"Lots of Slimes","floor":11.0,"turns":1.0},{"damage":0.0,"enemies":"Exordium Wildlife","floor":12.0,"turns":1.0},{"damage":0.0,"enemies":"Red Slaver","floor":13.0,"turns":1.0},{"damage":0.0,"enemies":"The Guardian","floor":16.0,"turns":4.0},{"damage":0.0,"enemies":"Spheric Guardian","floor":18.0,"turns":2.0},{"damage":0.0,"enemies":"Shell Parasite","floor":19.0,"turns":3.0},{"damage":0.0,"enemies":"Cultist and Chosen","floor":20.0,"turns":1.0},{"damage":4.0,"enemies":"Centurion and Healer","floor":21.0,"turns":2.0},{"damage":0.0,"enemies":"Snecko","floor":22.0,"turns":2.0},{"damage":0.0,"enemies":"Slavers","floor":24.0,"turns":1.0},{"damage":0.0,"enemies":"3 Cultists","floor":25.0,"turns":1.0},{"damage":0.0,"enemies":"Chosen and Byrds","floor":27.0,"turns":3.0},{"damage":0.0,"enemies":"Cultist and Chosen","floor":29.0,"turns":1.0},{"damage":0.0,"enemies":"Sentry and Sphere","floor":31.0,"turns":1.0},{"damage":0.0,"enemies":"Collector","floor":33.0,"turns":4.0},{"damage":3.0,"enemies":"3 Shapes","floor":35.0,"turns":1.0},{"damage":0.0,"enemies":"Flame Bruiser 1 Orb","floor":36.0,"turns":1.0},{"damage":0.0,"enemies":"Sphere and 2 Shapes","floor":37.0,"turns":1.0},{"damage":0.0,"enemies":"Maw","floor":38.0,"turns":6.0},{"damage":0.0,"enemies":"Spire Growth","floor":39.0,"turns":4.0},{"damage":0.0,"enemies":"2 Orb Walkers","floor":40.0,"turns":1.0},{"damage":0.0,"enemies":"Transient","floor":44.0,"turns":5.0},{"damage":0,"enemies":"Nemesis","floor":47,"turns":3},{"damage":0,"enemies":"Maw","floor":48,"turns":3},{"damage":0,"enemies":"Donu and Deca","floor":50,"turns":3}],"seed_played":"5511659171679018982","potions_obtained":[{"floor":2.0,"key":"SkillPotion"},{"floor":5.0,"key":"AttackPotion"},{"floor":6.0,"key":"Ancient Potion"},{"floor":13.0,"key":"Block Potion"},{"floor":16.0,"key":"Weak Potion"},{"floor":22.0,"key":"PowerPotion"},{"floor":33.0,"key":"PowerPotion"}],"is_trial":false,"path_per_floor":["M","M","?","M","M","M","E","R","T","M","M","M","M","?","R","B",null,"M","M","M","M","M","R","E","M","T","M","R","M","R","M","R","B",null,"M","M","M","M","M","E","R","?","T","M","$","?","E","M","R","B"],"character_chosen":"DEFECT","items_purchased":["OrangePellets","Anchor","Bag of Preparation","Torii","Pen Nib","Strawberry","Ginger"],"campfire_rested":0,"item_purchase_floors":[45,45,45,45,45,45,45],"current_hp_per_floor":[73,73,55,55,64,75,73,73,73,73,73,73,73,58,58,75,75,75,75,75,75,75,75,75,75,75,75,75,75,75,75,75,89,89,86,88,89,89,89,89,89,89,89,89,96,96,96,96,96,96],"gold":61,"neow_bonus":"","is_prod":false,"is_daily":true,"chose_seed":false,"campfire_upgraded":7,"win_rate":0,"timestamp":1533391491,"path_taken":["M","M","?","M","M","M","E","R","T","M","M","M","M","?","R","BOSS","M","M","M","M","M","R","E","M","T","M","R","M","R","M","R","BOSS","M","M","M","M","M","E","R","?","T","M","$","?","E","M","R","BOSS"],"build_version":"2018-08-02","purchased_purges":0,"victory":true,"max_hp_per_floor":[75,75,75,75,75,75,75,75,75,75,75,75,75,75,75,75,75,75,75,75,75,75,75,75,75,75,75,75,75,75,75,75,89,89,89,89,89,89,89,89,89,89,89,89,96,96,96,96,96,96],"card_choices":[{"not_picked":["All For One","Hyperbeam"],"picked":"Turbo","floor":7.0},{"not_picked":["Reboot","Core Surge"],"picked":"Rainbow","floor":16.0},{"not_picked":["Steam+1","Self Repair"],"picked":"Scrape+1","floor":24.0},{"not_picked":["Thunder Strike","Core Surge"],"picked":"Biased Cognition","floor":33.0},{"not_picked":["Ball Lightning+1","Stack"],"picked":"Sweeping Beam+1","floor":40.0},{"not_picked":["Heatsinks","Auto Shields+1"],"picked":"Ball Lightning+1","floor":47}],"player_experience":826800,"relics_obtained":[{"floor":1.0,"key":"Smiling Mask"},{"floor":2.0,"key":"Bottled Lightning"},{"floor":4.0,"key":"Bird Faced Urn"},{"floor":5.0,"key":"Potion Belt"},{"floor":6.0,"key":"Letter Opener"},{"floor":7.0,"key":"Bag of Marbles"},{"floor":9.0,"key":"Symbiotic Virus"},{"floor":10.0,"key":"MawBank"},{"floor":11.0,"key":"Ornamental Fan"},{"floor":12.0,"key":"Art of War"},{"floor":13.0,"key":"DataDisk"},{"floor":16.0,"key":"Gremlin Horn"},{"floor":18.0,"key":"Calipers"},{"floor":19.0,"key":"Matryoshka"},{"floor":20.0,"key":"Ancient Tea Set"},{"floor":21.0,"key":"Dream Catcher"},{"floor":22.0,"key":"The Courier"},{"floor":24.0,"key":"Oddly Smooth Stone"},{"floor":25.0,"key":"Blood Vial"},{"floor":26.0,"key":"Whetstone"},{"floor":26.0,"key":"Bottled Tornado"},{"floor":27.0,"key":"Tiny Chest"},{"floor":29.0,"key":"Happy Flower"},{"floor":31.0,"key":"War Paint"},{"floor":33.0,"key":"Mango"},{"floor":35.0,"key":"Incense Burner"},{"floor":36.0,"key":"Molten Egg 2"},{"floor":37.0,"key":"Darkstone Periapt"},{"floor":38.0,"key":"Orichalcum"},{"floor":39.0,"key":"Vajra"},{"floor":40.0,"key":"Prayer Wheel"},{"floor":43.0,"key":"Cables"},{"floor":43.0,"key":"Bronze Scales"},{"floor":44,"key":"Juzu Bracelet"},{"floor":47,"key":"Shuriken"},{"floor":48,"key":"Blue Candle"}],"event_choices":[{"event_name":"Scrap Ooze","player_choice":"success","floor":3.0,"damage_taken":18.0},{"event_name":"Shining Light","player_choice":"Entered Light","floor":14.0,"damage_taken":0.0},{"event_name":"The Woman in Blue","player_choice":"Bought 0 Potions","floor":42.0,"damage_taken":0.0},{"event_name":"MindBloom","player_choice":"Upgrade","floor":46,"damage_taken":0}],"is_beta":false,"boss_relics":[{"not_picked":["FrozenCore","Empty Cage"],"picked":"Runic Dome"},{"not_picked":["Astrolabe","Velvet Choker"],"picked":"Coffee Dripper"}],"items_purged_floors":[],"is_endless":false,"potions_floor_spawned":[2,5,6,13,16,18,22,24,27,33,35,38,44,47],"ascension_level":0}