{"path_per_floor":["M","$","M","?","$","E","R","M","T","M","?","$","E","M","R","B",null,"M","$","M","?","?","M","M","M","T","?","T","R","M","M","R","B",null,"M","$","?","?","M","R","M","E","T","?","M","R","M","?","R"],"character_chosen":"IRONCLAD","items_purchased":["Battle Trance","Flex","Flash of Steel","Oddly Smooth Stone","Flex"],"gold_per_floor":[109,41,54,54,54,85,85,97,97,109,169,20,54,73,73,173,173,188,15,26,26,26,46,63,81,126,26,73,73,92,107,107,206,206,218,143,143,143,153,153,163,196,271,0,17,17,30,30,30],"floor_reached":50,"campfire_rested":5,"playtime":2268,"current_hp_per_floor":[74,74,73,73,73,46,70,63,63,63,60,60,42,44,68,36,80,77,77,74,74,74,69,63,52,52,52,52,52,56,53,77,45,80,73,73,80,80,71,71,48,42,42,42,23,47,21,21,45],"items_purged":["Strike_R"],"gold":30,"score":602,"play_id":"ffcbe514-7cac-45f1-af63-5ce47461b150","local_time":"20180309091658","is_prod":false,"is_daily":false,"is_ascension_mode":true,"campfire_upgraded":2,"timestamp":1520583418,"path_taken":["M","$","M","?","$","E","R","?","T","M","?","$","E","M","R","BOSS","M","$","M","?","?","?","M","M","T","?","?","R","M","M","R","BOSS","M","$","?","?","M","R","M","E","T","?","M","R","M","?","R","BOSS"],"build_version":"2018-03-01-PROD1","purchased_purges":1,"victory":false,"master_deck":["Strike_R+1","Strike_R+1","Strike_R+1","Strike_R+1","Defend_R+1","Defend_R+1","Defend_R+1","Bash","Cleave","Battle Trance","Twin Strike","Dramatic Entrance","Dual Wield","Shrug It Off+1","Metallicize","Clumsy","Body Slam","Sword Boomerang","Flex","Flash of Steel","Flex","Demon Form+1","Flex","Metallicize","Spot Weakness+1","Iron Wave","Doubt","J.A.X.","Decay","Rage+1","Armaments","Barricade","Battle Trance+1","Writhe","Decay","Body Slam"],"max_hp_per_floor":[80,80,80,80,80,80,80,80,80,80,80,80,80,80,80,80,80,80,80,80,80,80,80,80,80,80,80,80,80,80,80,80,80,80,80,80,80,80,80,80,80,80,80,80,80,80,80,80,80],"relics":["Cursed Key","Vajra","Bird Faced Urn","Du-Vu Doll","Anchor","Runic Pyramid","Oddly Smooth Stone","Bag of Marbles","Happy Flower","Black Star","Champion Belt","Sundial","Mummified Hand","Red Mask"],"card_choices":[{"not_picked":["Anger","Sword Boomerang"],"picked":"Cleave"},{"not_picked":["Carnage","Havoc"],"picked":"Twin Strike"},{"not_picked":["Thunderclap","Hemokinesis"],"picked":"Shrug It Off"},{"not_picked":["Pommel Strike","Havoc"],"picked":"Metallicize"},{"not_picked":["Offering","Pommel Strike"],"picked":"Body Slam"},{"not_picked":["Cleave","Pommel Strike"],"picked":"Sword Boomerang"},{"not_picked":["Sword Boomerang","Clothesline"],"picked":"Flex"},{"not_picked":["Reaper","Exhume"],"picked":"Demon Form"},{"not_picked":["Anger","Second Wind"],"picked":"Spot Weakness"},{"not_picked":["Seeing Red","Havoc"],"picked":"Iron Wave"},{"not_picked":["Pommel Strike","Flame Barrier"],"picked":"Rage"},{"not_picked":["Warcry","Flex"],"picked":"Armaments"},{"not_picked":["Feed","Bludgeon"],"picked":"Barricade"},{"not_picked":["Cleave","Armaments"],"picked":"Battle Trance"},{"not_picked":["Perfected Strike","Anger"],"picked":"Body Slam"}],"player_experience":163411,"potions_floor_usage":[10,16,20,24,30,31,33,33,39,39,42,50,50],"damage_taken":[{"damage":6,"enemies":"2 Louse","floor":1,"turns":2},{"damage":1,"enemies":"Cultist","floor":3,"turns":3},{"damage":27,"enemies":"3 Sentries","floor":6,"turns":7},{"damage":7,"enemies":"Jaw Worm","floor":8,"turns":2},{"damage":0,"enemies":"Lots of Slimes","floor":10,"turns":1},{"damage":5,"enemies":"3 Sentries","floor":11,"turns":5},{"damage":20,"enemies":"Lagavulin","floor":13,"turns":4},{"damage":0,"enemies":"2 Fungi Beasts","floor":14,"turns":2},{"damage":34,"enemies":"The Guardian","floor":16,"turns":7},{"damage":3,"enemies":"Spheric Guardian","floor":18,"turns":3},{"damage":5,"enemies":"3 Byrds","floor":20,"turns":3},{"damage":7,"enemies":"Cultist and Chosen","floor":23,"turns":6},{"damage":8,"enemies":"Snake Plant","floor":24,"turns":4},{"damage":15,"enemies":"Centurion and Healer","floor":25,"turns":5},{"damage":9,"enemies":"Chosen and Byrds","floor":30,"turns":5},{"damage":5,"enemies":"Snake Plant","floor":31,"turns":3},{"damage":38,"enemies":"Automaton","floor":33,"turns":7},{"damage":9,"enemies":"3 Shapes","floor":35,"turns":5},{"damage":15,"enemies":"3 Darklings","floor":39,"turns":6},{"damage":27,"enemies":"4 Shapes","floor":41,"turns":4},{"damage":27,"enemies":"Giant Head","floor":42,"turns":7},{"damage":25,"enemies":"Maw","floor":45,"turns":7},{"damage":28,"enemies":"Sphere and 2 Shapes","floor":47,"turns":3},{"damage":66,"enemies":"Awakened One","floor":50,"turns":6}],"event_choices":[{"event_name":"Match and Keep!","player_choice":"2 cards matched","floor":4,"damage_taken":0},{"event_name":"Dead Adventurer","player_choice":"Searched \u00271\u0027 times","floor":11,"damage_taken":0},{"event_name":"The Library","player_choice":"Read","floor":21,"damage_taken":0},{"event_name":"Back to Basics","player_choice":"Simplicity","floor":22,"damage_taken":0},{"event_name":"Drug Dealer","player_choice":"Got JAXXED","floor":27,"damage_taken":0},{"event_name":"Winding Halls","player_choice":"Writhe","floor":37,"damage_taken":0},{"event_name":"The Lab","player_choice":"Got Potions","floor":38,"damage_taken":0},{"event_name":"Tomb of Lord Red Mask","player_choice":"Paid","floor":44,"damage_taken":0}],"boss_relics":[{"not_picked":["Philosopher\u0027s Stone","Orrery"],"picked":"Runic Pyramid"},{"not_picked":["Pandora\u0027s Box","Runic Dome"],"picked":"Black Star"}],"potions_floor_spawned":[8,11,11,13,14,18,24,30,31,33,39,45],"seed_played":"6814253197966051523","killed_by":"Awakened One","ascension_level":2,"is_trial":false}