{"gold_per_floor":[109,109,126,126,140,140,175,175,251,265,283,283,35,62,62,62],"floor_reached":16,"playtime":447,"items_purged":["Defend_B"],"score":220,"play_id":"9473cc9a-7bb4-4568-aa32-d60133543c0b","local_time":"20190125161713","is_ascension_mode":true,"campfire_choices":[{"data":"Zap","floor":6.0,"key":"SMITH"},{"data":"Zap","floor":8.0,"key":"SMITH"},{"data":"Hologram","floor":12.0,"key":"SMITH"},{"data":"Conserve Battery","floor":15,"key":"SMITH"}],"neow_cost":"NONE","seed_source_timestamp":0,"circlet_count":0,"master_deck":["AscendersBane","Strike_B","Strike_B","Strike_B","Strike_B","Defend_B","Defend_B","Zap+1","Dualcast","Self Repair","Hologram+1","Zap+1","Electrodynamics","Conserve Battery+1","Buffer"],"special_seed":0,"relics":["Cracked Core","PreservedInsect","Membership Card","Dodecahedron"],"potions_floor_usage":[14,16],"damage_taken":[{"damage":9.0,"enemies":"Small Slimes","floor":1.0,"turns":4.0},{"damage":2.0,"enemies":"2 Louse","floor":3.0,"turns":3.0},{"damage":6.0,"enemies":"Cultist","floor":5.0,"turns":3.0},{"damage":21.0,"enemies":"Lagavulin","floor":7.0,"turns":6.0},{"damage":13.0,"enemies":"Lots of Slimes","floor":10.0,"turns":3.0},{"damage":7.0,"enemies":"3 Louse","floor":11.0,"turns":3.0},{"damage":23,"enemies":"Gremlin Nob","floor":14,"turns":4},{"damage":27,"enemies":"Hexaghost","floor":16,"turns":9}],"seed_played":"2797803326878797085","potions_obtained":[{"floor":3.0,"key":"Strength Potion"},{"floor":7.0,"key":"SkillPotion"},{"floor":11.0,"key":"EssenceOfSteel"}],"is_trial":false,"path_per_floor":["M","?","M","?","M","R","E","R","T","M","M","R","$","E","R","B"],"character_chosen":"DEFECT","items_purchased":["Membership Card"],"campfire_rested":0,"item_purchase_floors":[13],"current_hp_per_floor":[62,62,67,67,68,68,54,54,54,41,41,41,41,25,25,0],"gold":62,"neow_bonus":"TEN_PERCENT_HP_BONUS","is_prod":false,"is_daily":false,"chose_seed":false,"campfire_upgraded":4,"win_rate":0,"timestamp":1548400633,"path_taken":["M","?","M","?","M","R","E","R","T","M","?","R","?","E","R","BOSS"],"build_version":"2019-01-23","purchased_purges":1,"victory":false,"max_hp_per_floor":[78,78,78,78,78,78,78,78,78,78,78,78,78,78,78,78],"card_choices":[{"not_picked":["Steam","Go for the Eyes"],"picked":"Self Repair","floor":1.0},{"not_picked":["Beam Cell","Recycle"],"picked":"Hologram","floor":3.0},{"not_picked":["Double Energy","Leap"],"picked":"Conserve Battery","floor":5.0},{"not_picked":["Storm","Reprogram","Leap"],"picked":"SKIP","floor":7.0},{"not_picked":["Gash","Go for the Eyes","Chill"],"picked":"SKIP","floor":10.0},{"not_picked":["Gash","Turbo","Go for the Eyes"],"picked":"SKIP","floor":11.0},{"not_picked":["Coolheaded","Aggregate"],"picked":"Buffer","floor":14}],"player_experience":1071260,"relics_obtained":[{"floor":7.0,"key":"PreservedInsect"},{"floor":14,"key":"Dodecahedron"}],"event_choices":[{"cards_removed":["Defend_B"],"damage_healed":0.0,"max_hp_gain":0.0,"max_hp_loss":0.0,"gold_gain":0.0,"event_name":"Living Wall","player_choice":"Forget","floor":2.0,"gold_loss":0.0,"damage_taken":0.0},{"damage_healed":0.0,"max_hp_gain":0.0,"max_hp_loss":0.0,"gold_gain":0.0,"event_name":"Match and Keep!","player_choice":"2 cards matched","floor":4.0,"gold_loss":0.0,"damage_taken":0.0,"cards_obtained":["Zap","Electrodynamics"]}],"is_beta":false,"boss_relics":[],"items_purged_floors":[13],"is_endless":false,"potions_floor_spawned":[3,7,11],"killed_by":"Hexaghost","ascension_level":20}