{"gold_per_floor":[216,0,20,38,58,58,36,66,117,117,117,132,132,142,142,238,238,221,221,221,231,156,156,156,156],"floor_reached":25,"playtime":1908,"items_purged":["Strike_G"],"score":337,"play_id":"f69e6cbf-974b-4415-ae77-0bdabbfe0fdf","local_time":"20180925195139","is_ascension_mode":true,"campfire_choices":[{"data":"Footwork","floor":6,"key":"SMITH"},{"data":"Cloak And Dagger","floor":10,"key":"SMITH"},{"floor":13,"key":"REST"},{"data":"Accuracy","floor":15,"key":"SMITH"},{"floor":23,"key":"REST"}],"neow_cost":"NONE","seed_source_timestamp":20899996117463,"circlet_count":0,"master_deck":["Defend_G","Defend_G","Defend_G","Defend_G","Defend_G","Strike_G","Strike_G","Strike_G","Survivor","Neutralize","AscendersBane","Predator","Accuracy+1","Dash","Deflect","Footwork+1","Cloak And Dagger+1","Dodge and Roll","Backflip","A Thousand Cuts","Blade Dance+1","Escape Plan","Ghostly","Ghostly","Ghostly","Ghostly","Ghostly"],"relics":["Ring of the Serpent","Blue Candle","Orichalcum","Oddly Smooth Stone","Nilry\u0027s Codex"],"potions_floor_usage":[16,18,18],"damage_taken":[{"damage":0,"enemies":"Cultist","floor":1,"turns":4},{"damage":4,"enemies":"Small Slimes","floor":3,"turns":4},{"damage":0,"enemies":"Jaw Worm","floor":4,"turns":6},{"damage":0,"enemies":"2 Fungi Beasts","floor":5,"turns":5},{"damage":20,"enemies":"Lagavulin","floor":8,"turns":9},{"damage":0,"enemies":"Large Slime","floor":12,"turns":7},{"damage":0,"enemies":"Looter","floor":14,"turns":3},{"damage":23,"enemies":"Slime Boss","floor":16,"turns":19},{"damage":0,"enemies":"2 Thieves","floor":18,"turns":4},{"damage":14,"enemies":"Colosseum Slavers","floor":20,"turns":7},{"damage":7,"enemies":"Shell Parasite","floor":21,"turns":7},{"damage":38,"enemies":"3 Cultists","floor":25,"turns":6}],"seed_played":"2350179220390403254","potions_obtained":[{"floor":1,"key":"Weak Potion"},{"floor":5,"key":"Energy Potion"},{"floor":14,"key":"SkillPotion"},{"floor":16,"key":"EssenceOfSteel"}],"is_trial":false,"path_per_floor":["M","$","M","M","M","R","?","E","T","R","?","M","R","M","R","B",null,"M","?","?","M","?","R","?"],"character_chosen":"THE_SILENT","items_purchased":["Accuracy","Dash"],"campfire_rested":2,"item_purchase_floors":[2,2],"current_hp_per_floor":[63,63,59,59,59,59,59,39,39,39,32,32,53,53,53,30,60,60,44,30,23,23,44,35,0],"gold":156,"neow_bonus":"HUNDRED_GOLD","is_prod":false,"is_daily":false,"chose_seed":false,"campfire_upgraded":3,"win_rate":0,"timestamp":1537897899,"path_taken":["M","$","?","?","M","R","?","E","T","R","?","M","R","M","R","BOSS","M","?","?","?","?","R","?","M"],"build_version":"2018-09-20","purchased_purges":1,"victory":false,"max_hp_per_floor":[70,70,70,70,70,70,70,70,70,70,70,70,70,70,70,70,70,70,70,70,70,70,70,35,35],"card_choices":[{"not_picked":["Dodge and Roll","Quick Slash"],"picked":"Predator","floor":1},{"not_picked":["Quick Slash","Blur"],"picked":"Deflect","floor":3},{"not_picked":["Underhanded Strike","Deflect","Tactician"],"picked":"SKIP","floor":4},{"not_picked":["Slice","Poisoned Stab"],"picked":"Footwork","floor":5},{"not_picked":["Tactician","Calculated Gamble"],"picked":"Cloak And Dagger","floor":8},{"not_picked":["Crippling Poison","Flying Knee"],"picked":"Dodge and Roll","floor":12},{"not_picked":["Well Laid Plans","Masterful Stab"],"picked":"Backflip","floor":14},{"not_picked":["Phantasmal Killer","Malaise"],"picked":"A Thousand Cuts","floor":16},{"not_picked":["Sucker Punch","Deadly Poison"],"picked":"Blade Dance+1","floor":18},{"not_picked":["Outmaneuver","Slice"],"picked":"Escape Plan","floor":21}],"player_experience":688266,"relics_obtained":[{"floor":8,"key":"Blue Candle"},{"floor":9,"key":"Orichalcum"},{"floor":19,"key":"Nilry\u0027s Codex"}],"event_choices":[{"event_name":"World of Goop","player_choice":"Left","floor":7,"damage_taken":0},{"event_name":"Scrap Ooze","player_choice":"success","floor":11,"damage_taken":7},{"event_name":"Cursed Tome","player_choice":"Obtained Book","floor":19,"damage_taken":0},{"event_name":"Colosseum","player_choice":"Fight","floor":20,"damage_taken":0},{"event_name":"Colosseum","player_choice":"Fled From Nobs","floor":20,"damage_taken":0},{"event_name":"Beggar","player_choice":"Gave Gold","floor":22,"damage_taken":0},{"event_name":"Ghosts","player_choice":"Became a Ghost","floor":24,"damage_taken":0}],"is_beta":false,"boss_relics":[{"not_picked":["Tiny House","Velvet Choker"],"picked":"Ring of the Serpent"}],"items_purged_floors":[2],"is_endless":false,"potions_floor_spawned":[1,5,14,16,20],"killed_by":"3 Cultists","ascension_level":11}