{"gold_per_floor":[113,132,132,151,151,151,151,175,223,266,294,307,307,321,321,446,446,469,485,485,410,410,410,485,485,485,485],"floor_reached":27,"playtime":1317,"items_purged":[],"score":211,"play_id":"a02baee6-f9e3-418d-b6ca-fd85a11baea4","local_time":"20181230160551","is_ascension_mode":false,"campfire_choices":[{"data":"Armaments","floor":6,"key":"SMITH"},{"floor":13,"key":"REST"},{"floor":15,"key":"RECALL"},{"floor":23,"key":"REST"},{"data":"Heavy Blade","floor":25,"key":"SMITH"}],"neow_cost":"NONE","seed_source_timestamp":848474362996686,"circlet_count":0,"master_deck":["Strike_R","Strike_R","Strike_R","Strike_R","Defend_R","Defend_R","Defend_R","Bash+1","Heavy Blade+1","Perfected Strike+1","Armaments+1","Inflame","Iron Wave","Flex","Impervious","Flex","Cleave","Brutality","Flex","Uppercut+1"],"relics":["Burning Blood","NeowsBlessing","Golden Idol","Whetstone","Odd Mushroom","Runic Pyramid","Kunai"],"potions_floor_usage":[10,11,14,18,22,27],"damage_taken":[{"damage":0,"enemies":"2 Louse","floor":1,"turns":1},{"damage":0,"enemies":"Small Slimes","floor":2,"turns":1},{"damage":0,"enemies":"Jaw Worm","floor":4,"turns":1},{"damage":0,"enemies":"Large Slime","floor":8,"turns":4},{"damage":19,"enemies":"Gremlin Nob","floor":10,"turns":5},{"damage":14,"enemies":"The Mushroom Lair","floor":11,"turns":4},{"damage":19,"enemies":"Exordium Wildlife","floor":12,"turns":5},{"damage":0,"enemies":"2 Fungi Beasts","floor":14,"turns":4},{"damage":57,"enemies":"Hexaghost","floor":16,"turns":11},{"damage":13,"enemies":"Shell Parasite","floor":18,"turns":4},{"damage":30,"enemies":"Spheric Guardian","floor":19,"turns":5},{"damage":30,"enemies":"Colosseum Slavers","floor":22,"turns":4},{"damage":35,"enemies":"Gremlin Leader","floor":27,"turns":8}],"seed_played":"3172781680256821342","potions_obtained":[{"floor":8,"key":"Weak Potion"},{"floor":10,"key":"Block Potion"},{"floor":14,"key":"Fruit Juice"},{"floor":16,"key":"Block Potion"},{"floor":18,"key":"EssenceOfSteel"},{"floor":19,"key":"SpeedPotion"}],"is_trial":false,"path_per_floor":["M","M","?","M","?","R","?","M","T","E","?","M","R","M","R","B",null,"M","M","?","?","?","R","?","R","T","E"],"character_chosen":"IRONCLAD","items_purchased":[],"campfire_rested":2,"item_purchase_floors":[],"current_hp_per_floor":[80,80,80,80,80,80,85,85,85,72,64,51,76,87,87,36,90,83,59,59,59,35,62,53,53,53,18],"gold":485,"neow_bonus":"THREE_ENEMY_KILL","is_prod":false,"is_daily":false,"chose_seed":false,"campfire_upgraded":2,"win_rate":0,"timestamp":1546139151,"path_taken":["M","M","?","M","?","R","?","?","T","E","?","M","R","M","R","BOSS","M","M","?","?","?","R","?","R","T","E"],"build_version":"2018-12-20","purchased_purges":0,"victory":false,"max_hp_per_floor":[80,80,80,80,80,80,85,85,85,85,85,85,85,90,90,90,90,90,90,90,90,90,90,90,90,90,90],"card_choices":[{"not_picked":["Perfected Strike","Twin Strike"],"picked":"Heavy Blade","floor":1},{"not_picked":["Anger","Body Slam"],"picked":"Perfected Strike","floor":2},{"not_picked":["Entrench","Wild Strike"],"picked":"Armaments","floor":4},{"not_picked":["Anger","Shrug It Off"],"picked":"Iron Wave","floor":8},{"not_picked":["Clothesline","Evolve"],"picked":"Flex","floor":10},{"not_picked":["Sever Soul","Second Wind"],"picked":"Impervious","floor":11},{"not_picked":["Pommel Strike","Body Slam"],"picked":"Flex","floor":12},{"not_picked":["Flex","Rage"],"picked":"Cleave","floor":14},{"not_picked":["Fiend Fire","Dark Embrace"],"picked":"Brutality","floor":16},{"not_picked":["Sever Soul","True Grit"],"picked":"Flex","floor":18},{"not_picked":["Thunderclap","Headbutt+1"],"picked":"Uppercut+1","floor":19}],"player_experience":540729,"relics_obtained":[{"floor":10,"key":"Whetstone"},{"floor":11,"key":"Odd Mushroom"},{"floor":26,"key":"Kunai"}],"event_choices":[{"damage_healed":0,"gold_gain":0,"player_choice":"Take Wound","damage_taken":0,"relics_obtained":["Golden Idol"],"max_hp_gain":0,"max_hp_loss":0,"event_name":"Golden Idol","floor":3,"gold_loss":0,"cards_obtained":["Injury"]},{"damage_healed":0,"gold_gain":0,"cards_transformed":["Strike_R"],"player_choice":"Change","damage_taken":0,"max_hp_gain":0,"max_hp_loss":0,"event_name":"Living Wall","floor":5,"gold_loss":0,"cards_obtained":["Inflame"]},{"damage_healed":0,"gold_gain":0,"player_choice":"Donut","damage_taken":0,"max_hp_gain":5,"max_hp_loss":0,"event_name":"Big Fish","floor":7,"gold_loss":0},{"damage_healed":0,"gold_gain":0,"player_choice":"Fought Mushrooms","damage_taken":0,"max_hp_gain":0,"max_hp_loss":0,"event_name":"Mushrooms","floor":11,"gold_loss":0},{"cards_removed":["Injury"],"damage_healed":0,"gold_gain":0,"player_choice":"Elegance","damage_taken":0,"max_hp_gain":0,"max_hp_loss":0,"event_name":"Back to Basics","floor":20,"gold_loss":0},{"cards_removed":["Defend_R"],"damage_healed":0,"gold_gain":0,"player_choice":"Gave Gold","damage_taken":0,"max_hp_gain":0,"max_hp_loss":0,"event_name":"Beggar","floor":21,"gold_loss":75},{"damage_healed":0,"gold_gain":0,"player_choice":"Fight","damage_taken":0,"max_hp_gain":0,"max_hp_loss":0,"event_name":"Colosseum","floor":22,"gold_loss":0},{"damage_healed":0,"gold_gain":0,"player_choice":"Fled From Nobs","damage_taken":0,"max_hp_gain":0,"max_hp_loss":0,"event_name":"Colosseum","floor":22,"gold_loss":0},{"damage_healed":0,"gold_gain":75,"player_choice":"Touch","damage_taken":9,"max_hp_gain":0,"max_hp_loss":0,"event_name":"FaceTrader","floor":24,"gold_loss":0}],"is_beta":false,"boss_relics":[{"not_picked":["Cursed Key","Runic Dome"],"picked":"Runic Pyramid"}],"items_purged_floors":[],"is_endless":false,"potions_floor_spawned":[8,10,14,16,18,19],"killed_by":"Gremlin Leader","ascension_level":0}