{"path_per_floor":["M","M","?","M","$","R","?","M","T","R","M","$","M","M","R","B",null,"M","M","?","$","M","R","E","R","T","M","?","?","M","$","R","B",null,"M","M","M","$","M","R","?","R","T","R","M","T","$","?","R"],"character_chosen":"THE_SILENT","items_purchased":["Noxious Fumes","Bane","Dodge and Roll","Deadly Poison","War Paint"],"gold_per_floor":[118,128,128,147,69,69,69,89,89,89,107,60,71,86,86,190,190,207,218,218,42,55,55,87,87,140,160,160,160,175,22,22,126,126,143,154,169,69,81,81,81,81,81,81,92,92,92,92,92,92],"floor_reached":50,"campfire_rested":5,"playtime":2525,"current_hp_per_floor":[63,60,60,57,57,57,50,50,50,50,54,54,58,49,63,50,63,63,60,44,44,37,55,38,56,56,41,62,62,61,61,61,7,63,41,33,32,32,32,50,50,50,50,50,48,48,48,48,63,0],"items_purged":["Regret","Strike_G"],"gold":92,"score":479,"play_id":"26b181b4-5432-4089-af1e-ec14bb0c8127","local_time":"20180409220523","is_prod":false,"is_daily":false,"is_ascension_mode":false,"campfire_upgraded":5,"timestamp":1523304323,"path_taken":["M","M","?","M","$","R","?","M","T","R","M","$","M","M","R","BOSS","M","M","?","$","M","R","E","R","T","M","?","?","M","$","R","BOSS","M","M","M","$","M","R","?","R","T","R","M","?","?","?","R","BOSS"],"build_version":"2018-04-05v2","purchased_purges":2,"victory":false,"master_deck":["Defend_G+1","Defend_G","Defend_G+1","Defend_G","Defend_G","Strike_G","Strike_G","Survivor","Neutralize","Well Laid Plans","Crippling Poison","Deadly Poison","Poisoned Stab+1","PiercingWail","Noxious Fumes+1","Malaise","Sucker Punch","Bane","Noxious Fumes","Glass Knife","Bane+1","Catalyst+1","Dodge and Roll","Deadly Poison","Adrenaline","Bouncing Flask+1","Blur+1","Burst+1","PiercingWail+1","Deflect+1","Bouncing Flask"],"max_hp_per_floor":[63,63,63,63,63,63,63,63,63,63,63,63,63,63,63,63,63,63,63,63,63,63,63,63,63,63,63,63,63,63,63,63,63,63,63,63,63,63,63,63,63,63,63,63,63,63,63,63,63,63],"relics":["Ring of the Snake","Ninja Scroll","Mercury Hourglass","Bird Faced Urn","Sozu","Nilry\u0027s Codex","Torii","Ancient Tea Set","War Paint","Velvet Choker","Toolbox","Calipers"],"card_choices":[{"not_picked":["Outmaneuver","Dodge and Roll"],"picked":"Deadly Poison","floor":1},{"not_picked":["Deflect","Caltrops"],"picked":"Poisoned Stab","floor":2},{"not_picked":["Skewer","All Out Attack"],"picked":"PiercingWail","floor":4},{"not_picked":["Poisoned Stab","Prepared"],"picked":"Malaise","floor":8},{"not_picked":["Slice","Acrobatics"],"picked":"Sucker Punch","floor":11},{"not_picked":["Quick Slash","Footwork"],"picked":"Noxious Fumes","floor":13},{"not_picked":["Phantasmal Killer","Night Terror"],"picked":"Glass Knife","floor":16},{"not_picked":["Eviscerate","Backstab"],"picked":"Bane","floor":18},{"not_picked":["Cloak And Dagger","Deadly Poison"],"picked":"Catalyst","floor":19},{"not_picked":["Concentrate","Quick Slash"],"picked":"Adrenaline","floor":24},{"not_picked":["Sucker Punch","Deflect"],"picked":"Bouncing Flask","floor":27},{"not_picked":["Reflex","Expertise"],"picked":"Blur","floor":30},{"not_picked":["Corpse Explosion","Venomology"],"picked":"Burst","floor":33},{"not_picked":["Reflex","Deadly Poison"],"picked":"PiercingWail","floor":36},{"not_picked":["Slice","Quick Slash"],"picked":"Deflect","floor":37},{"not_picked":["Sucker Punch","Dagger Throw"],"picked":"Bouncing Flask","floor":39}],"player_experience":374595,"potions_floor_usage":[16,24,30],"damage_taken":[{"damage":0,"enemies":"Jaw Worm","floor":1,"turns":6},{"damage":3,"enemies":"2 Louse","floor":2,"turns":3},{"damage":3,"enemies":"Small Slimes","floor":4,"turns":3},{"damage":0,"enemies":"3 Louse","floor":8,"turns":2},{"damage":0,"enemies":"Lots of Slimes","floor":11,"turns":3},{"damage":0,"enemies":"2 Fungi Beasts","floor":13,"turns":3},{"damage":15,"enemies":"Large Slime","floor":14,"turns":4},{"damage":19,"enemies":"Slime Boss","floor":16,"turns":8},{"damage":0,"enemies":"Spheric Guardian","floor":18,"turns":3},{"damage":7,"enemies":"Chosen","floor":19,"turns":3},{"damage":11,"enemies":"Centurion and Healer","floor":22,"turns":5},{"damage":21,"enemies":"Slavers","floor":24,"turns":5},{"damage":17,"enemies":"Snecko","floor":27,"turns":4},{"damage":2,"enemies":"Cultist and Chosen","floor":30,"turns":6},{"damage":60,"enemies":"Collector","floor":33,"turns":9},{"damage":26,"enemies":"3 Darklings","floor":35,"turns":5},{"damage":12,"enemies":"Orb Walker","floor":36,"turns":4},{"damage":7,"enemies":"Maw","floor":37,"turns":7},{"damage":6,"enemies":"3 Darklings","floor":39,"turns":4},{"damage":6,"enemies":"4 Shapes","floor":45,"turns":7},{"damage":86,"enemies":"Awakened One","floor":50,"turns":11}],"event_choices":[{"event_name":"Big Fish","player_choice":"Box","floor":3,"damage_taken":0},{"event_name":"Scrap Ooze","player_choice":"success","floor":7,"damage_taken":7},{"event_name":"Cursed Tome","player_choice":"Obtained Book","floor":20,"damage_taken":0},{"event_name":"The Library","player_choice":"Heal","floor":28,"damage_taken":0},{"event_name":"Drug Dealer","player_choice":"Ignored","floor":29,"damage_taken":0},{"event_name":"Tomb of Lord Red Mask","player_choice":"Ignored","floor":41,"damage_taken":0},{"event_name":"Mysterious Sphere","player_choice":"Ignore","floor":48,"damage_taken":0}],"boss_relics":[{"not_picked":["Cursed Key","Ectoplasm"],"picked":"Sozu"},{"not_picked":["Runic Pyramid","White Beast Statue"],"picked":"Velvet Choker"}],"potions_floor_spawned":[8,13,14,18,19,24,36,37],"seed_played":"-6176615267313230966","killed_by":"Awakened One","ascension_level":0,"is_trial":false}