{"path_per_floor":["M","M","M","M","M","R","E","$","T","?","M","R","E","M","R","B",null,"M","?","M","M","M","R","E","R","T","?","?","R","$","M","R","B",null,"M","?","?","$","?","R","M","?","T","M","?","R","?","M","R"],"character_chosen":"DEFECT","items_purchased":["Genetic Algorithm","Ginger"],"gold_per_floor":[17,27,46,59,75,75,103,32,32,32,50,50,85,110,110,235,235,229,229,243,261,278,278,312,312,312,312,312,312,0,17,17,121,121,135,0,0,0,0,0,19,19,19,35,35,35,35,45,45,45],"floor_reached":50,"campfire_rested":2,"playtime":1964,"current_hp_per_floor":[89,89,83,64,49,49,32,32,32,32,23,49,32,29,55,26,89,88,88,89,62,72,72,70,70,70,70,70,70,70,85,85,65,89,76,76,76,76,76,76,66,66,66,40,78,78,68,67,67,0],"items_purged":[],"gold":45,"score":472,"play_id":"db6188ca-6728-47d5-b7e7-3fc5ec8583f3","local_time":"20180429155728","is_prod":false,"is_daily":false,"chose_seed":false,"is_ascension_mode":false,"campfire_upgraded":8,"timestamp":1525010248,"path_taken":["M","M","M","?","M","R","E","$","T","?","M","R","E","M","R","BOSS","M","?","?","M","M","R","E","R","T","?","?","R","$","M","R","BOSS","M","?","?","?","?","R","M","?","T","?","?","R","?","M","R","BOSS"],"build_version":"2018-04-27v3","seed_source_timestamp":9859550103717,"purchased_purges":0,"victory":false,"master_deck":["Defend_B","Defend_B","Defend_B","Defend_B","Zap+1","Dualcast","Gash+1","Beam Cell+1","Echo Form+1","Auto Shields","FTL","Genetic Algorithm","Rip and Tear+1","Redo+1","Melter+1","Fission+1","Hyperbeam+1","Flux Capacitor+1","Self Repair+1","Ball Lightning+1","Sunder+1","White Noise+1","Beam Cell+1","Static Discharge+1","Thunder Strike+1","Scrape+1","Leap","Madness","Madness","Rebound+1"],"max_hp_per_floor":[89,89,89,89,89,89,89,89,89,89,89,89,89,89,89,89,89,89,89,89,89,89,89,89,89,89,89,89,89,89,89,89,89,89,89,89,89,89,89,89,89,89,89,89,78,78,78,78,78,78],"relics":["Cracked Core","Bottled Flame","Letter Opener","Bloody Idol","Molten Egg 2","Astrolabe","Meat on the Bone","Dodecahedron","Ginger","Sozu","Red Mask","Bronze Scales"],"card_choices":[{"not_picked":["Skim","Axe Kick"],"picked":"Gash","floor":1.0},{"not_picked":["Leap","Hologram"],"picked":"Beam Cell","floor":2.0},{"not_picked":["Hologram","Beam Cell"],"picked":"Echo Form","floor":3.0},{"not_picked":["Blizzard","Leap"],"picked":"Auto Shields","floor":4.0},{"not_picked":["Capacitor","Chaos"],"picked":"FTL","floor":7.0},{"not_picked":["Barrage","Stack"],"picked":"Rip and Tear","floor":11.0},{"not_picked":["Impulse","Turbo"],"picked":"Redo","floor":13.0},{"not_picked":["Double Energy","Storm"],"picked":"Melter","floor":14.0},{"not_picked":["Fusion","Biased Cognition"],"picked":"Fission","floor":16.0},{"not_picked":["Streamline","Rebound"],"picked":"Ball Lightning","floor":20.0},{"not_picked":["Beam Cell","Turbo"],"picked":"Sunder","floor":21.0},{"not_picked":["Coolheaded","Streamline"],"picked":"White Noise","floor":22.0},{"not_picked":["Skim","Thunder Strike"],"picked":"Beam Cell","floor":24.0},{"not_picked":["Fusion","Prime"],"picked":"Thunder Strike","floor":33.0},{"not_picked":["Impulse","Recycle"],"picked":"Scrape","floor":35.0},{"not_picked":["Axe Kick","Streamline"],"picked":"Leap","floor":41},{"not_picked":["Beam Cell","Cold Snap"],"picked":"Rebound","floor":48}],"player_experience":27748,"potions_floor_usage":[50],"damage_taken":[{"damage":0.0,"enemies":"Cultist","floor":1.0,"turns":4.0},{"damage":0.0,"enemies":"Small Slimes","floor":2.0,"turns":3.0},{"damage":6.0,"enemies":"Jaw Worm","floor":3.0,"turns":3.0},{"damage":19.0,"enemies":"Exordium Wildlife","floor":4.0,"turns":4.0},{"damage":15.0,"enemies":"Looter","floor":5.0,"turns":3.0},{"damage":17.0,"enemies":"Gremlin Nob","floor":7.0,"turns":4.0},{"damage":9.0,"enemies":"Red Slaver","floor":11.0,"turns":3.0},{"damage":17.0,"enemies":"Lagavulin","floor":13.0,"turns":8.0},{"damage":3.0,"enemies":"Gremlin Gang","floor":14.0,"turns":3.0},{"damage":29.0,"enemies":"Hexaghost","floor":16.0,"turns":9.0},{"damage":20.0,"enemies":"2 Thieves","floor":18.0,"turns":4.0},{"damage":14.0,"enemies":"Chosen","floor":20.0,"turns":7.0},{"damage":42.0,"enemies":"Snake Plant","floor":21.0,"turns":5.0},{"damage":14.0,"enemies":"Centurion and Healer","floor":22.0,"turns":6.0},{"damage":17.0,"enemies":"Slavers","floor":24.0,"turns":4.0},{"damage":0.0,"enemies":"Cultist and Chosen","floor":31.0,"turns":7.0},{"damage":47.0,"enemies":"Champ","floor":33.0,"turns":9.0},{"damage":18.0,"enemies":"3 Darklings","floor":35.0,"turns":3.0},{"damage":15,"enemies":"Orb Walker","floor":41,"turns":3},{"damage":53,"enemies":"Flame Bruiser 2 Orb","floor":44,"turns":7},{"damage":16,"enemies":"Maw","floor":48,"turns":6},{"damage":70,"enemies":"Donu and Deca","floor":50,"turns":4}],"event_choices":[{"event_name":"Golden Idol","player_choice":"Take Wound","floor":10.0,"damage_taken":0.0},{"event_name":"Forgotten Altar","player_choice":"Gave Idol","floor":19.0,"damage_taken":0.0},{"event_name":"The Library","player_choice":"Read","floor":27.0,"damage_taken":0.0},{"event_name":"Beggar","player_choice":"Ignored","floor":28.0,"damage_taken":0.0},{"event_name":"Tomb of Lord Red Mask","player_choice":"Paid","floor":36.0,"damage_taken":0.0},{"event_name":"Fountain of Cleansing","player_choice":"Removed Curse","floor":37.0,"damage_taken":0.0},{"event_name":"Mysterious Sphere","player_choice":"Ignore","floor":39,"damage_taken":0},{"event_name":"The Moai Head","player_choice":"Heal","floor":45,"damage_taken":0},{"event_name":"Winding Halls","player_choice":"Embrace Madness","floor":47,"damage_taken":0}],"boss_relics":[],"potions_floor_spawned":[2,7,11,13,14,20,24,31,41,48],"seed_played":"3576655788058188216","killed_by":"Donu and Deca","ascension_level":0,"is_trial":false}