{"gold_per_floor":[118,118,133,208,220,220,245,245,271,285,285,285,285,36,36,36],"floor_reached":16,"playtime":803,"items_purged":["Regret"],"score":98,"play_id":"147b5088-2196-45b4-ae89-a267059ab545","local_time":"20181228154336","is_ascension_mode":false,"campfire_choices":[{"data":"Cloak And Dagger","floor":6,"key":"SMITH"},{"data":"Blur","floor":8,"key":"SMITH"},{"data":"Distraction","floor":11,"key":"SMITH"},{"data":"Survivor","floor":13,"key":"SMITH"},{"data":"Distraction","floor":15,"key":"SMITH"}],"neow_cost":"NONE","seed_source_timestamp":515800254965627,"circlet_count":0,"master_deck":["Defend_G","Defend_G","Defend_G","Defend_G","Defend_G","Strike_G","Strike_G","Strike_G","Strike_G","Strike_G","Survivor+1","Neutralize+1","Dodge and Roll","Cloak And Dagger+1","Flechettes","Blur+1","Distraction+1","Distraction+1"],"relics":["Ring of the Snake","The Courier","Bird Faced Urn","Smiling Mask","Anchor","Membership Card"],"potions_floor_usage":[16,16,16],"damage_taken":[{"damage":0,"enemies":"Cultist","floor":1,"turns":4},{"damage":7,"enemies":"Small Slimes","floor":3,"turns":8},{"damage":0,"enemies":"2 Louse","floor":5,"turns":3},{"damage":31,"enemies":"Gremlin Nob","floor":7,"turns":5},{"damage":0,"enemies":"Blue Slaver","floor":10,"turns":3},{"damage":27,"enemies":"Slime Boss","floor":16,"turns":14}],"seed_played":"5471975085002363648","potions_obtained":[{"floor":3,"key":"EssenceOfSteel"},{"floor":10,"key":"GhostInAJar"}],"is_trial":false,"path_per_floor":["M","T","M","?","M","R","E","R","T","M","R","?","R","$","R","B"],"character_chosen":"THE_SILENT","items_purchased":["Membership Card","Distraction","Block Potion"],"campfire_rested":0,"item_purchase_floors":[14,14,14],"current_hp_per_floor":[70,70,63,52,52,52,21,21,21,21,21,21,21,21,21,0],"gold":36,"neow_bonus":"UPGRADE_CARD","is_prod":false,"is_daily":false,"chose_seed":false,"campfire_upgraded":5,"win_rate":0,"timestamp":1546008216,"path_taken":["M","?","M","?","M","R","E","R","T","M","R","?","R","$","R","BOSS"],"build_version":"2018-12-20","purchased_purges":1,"victory":false,"max_hp_per_floor":[70,70,70,70,70,70,70,70,70,70,70,70,70,70,70,70],"card_choices":[{"not_picked":["Prepared","Crippling Poison"],"picked":"Dodge and Roll","floor":1},{"not_picked":["Choke","Masterful Stab"],"picked":"Cloak And Dagger","floor":3},{"not_picked":["Eviscerate","Dagger Throw"],"picked":"Flechettes","floor":5},{"not_picked":["Deflect","Flechettes"],"picked":"Blur","floor":7},{"not_picked":["Choke","Skewer"],"picked":"Distraction","floor":10}],"player_experience":141729,"relics_obtained":[{"floor":2,"key":"The Courier"},{"floor":7,"key":"Bird Faced Urn"},{"floor":9,"key":"Smiling Mask"}],"event_choices":[{"damage_healed":0,"gold_gain":75,"player_choice":"Gather Gold","damage_taken":11,"max_hp_gain":0,"max_hp_loss":0,"event_name":"World of Goop","floor":4,"gold_loss":0},{"damage_healed":0,"gold_gain":0,"player_choice":"Box","damage_taken":0,"relics_obtained":["Anchor"],"max_hp_gain":0,"max_hp_loss":0,"event_name":"Big Fish","floor":12,"gold_loss":0,"cards_obtained":["Regret"]}],"is_beta":false,"boss_relics":[],"items_purged_floors":[14],"is_endless":false,"potions_floor_spawned":[3,10],"killed_by":"Slime Boss","ascension_level":0}