{"gold_per_floor":[118,293,293,307,307,307,307,333,387,41,55,73,89,102,102,202,202,219,40,59,59,71,71,106,106,154,174,174,186,221,248,248,248],"floor_reached":33,"playtime":1935,"items_purged":["Doubt","Strike_G"],"score":292,"play_id":"8cdb88fd-84e9-4f36-ae8d-fd045a2466c0","local_time":"20181208121210","is_ascension_mode":false,"campfire_choices":[{"data":"Choke","floor":6,"key":"SMITH"},{"data":"Noxious Fumes","floor":15,"key":"SMITH"},{"data":"Neutralize","floor":23,"key":"SMITH"},{"floor":25,"key":"REST"},{"floor":32,"key":"REST"}],"neow_cost":"NONE","seed_source_timestamp":60791673339388,"circlet_count":0,"master_deck":["Defend_G","Defend_G","Defend_G","Defend_G","Defend_G","Strike_G","Strike_G","Strike_G","Survivor","Neutralize+1","Outmaneuver","Catalyst","Choke+1","Noxious Fumes+1","PiercingWail","All Out Attack","Cloak And Dagger","Dagger Throw","Blade Dance","Adrenaline","Accuracy","Flechettes","PiercingWail+1","Infinite Blades+1","Catalyst","Distraction+1","Accuracy+1"],"relics":["Ring of the Serpent","NeowsBlessing","Blood Vial","Happy Flower","Tiny Chest","Singing Bowl","Bird Faced Urn","Juzu Bracelet","Nloth\u0027s Gift","Red Mask","Ancient Tea Set"],"potions_floor_usage":[14,14,22,30,33,33],"damage_taken":[{"damage":0,"enemies":"Small Slimes","floor":1,"turns":1},{"damage":0,"enemies":"2 Louse","floor":4,"turns":1},{"damage":0,"enemies":"Lagavulin","floor":8,"turns":1},{"damage":0,"enemies":"Cultist","floor":11,"turns":5},{"damage":0,"enemies":"Exordium Wildlife","floor":12,"turns":2},{"damage":0,"enemies":"3 Louse","floor":13,"turns":2},{"damage":0,"enemies":"Gremlin Gang","floor":14,"turns":2},{"damage":1,"enemies":"Hexaghost","floor":16,"turns":9},{"damage":0,"enemies":"Chosen","floor":18,"turns":4},{"damage":4,"enemies":"3 Byrds","floor":20,"turns":4},{"damage":14,"enemies":"Colosseum Slavers","floor":21,"turns":4},{"damage":11,"enemies":"Centurion and Healer","floor":22,"turns":7},{"damage":39,"enemies":"Slavers","floor":24,"turns":5},{"damage":26,"enemies":"Snake Plant","floor":27,"turns":5},{"damage":5,"enemies":"Snecko","floor":29,"turns":5},{"damage":21,"enemies":"Masked Bandits","floor":30,"turns":5},{"damage":54,"enemies":"Champ","floor":33,"turns":9}],"seed_played":"-1722212622129929476","potions_obtained":[{"floor":8,"key":"Regen Potion"},{"floor":12,"key":"AttackPotion"},{"floor":13,"key":"SteroidPotion"},{"floor":24,"key":"Ancient Potion"},{"floor":27,"key":"Strength Potion"},{"floor":29,"key":"Poison Potion"}],"is_trial":false,"path_per_floor":["M","?","?","M","?","R","T","E","T","$","M","M","M","M","R","B",null,"M","$","M","?","M","R","E","R","T","M","?","M","?","T","R","B"],"character_chosen":"THE_SILENT","items_purchased":["Singing Bowl","PiercingWail","Accuracy"],"campfire_rested":2,"item_purchase_floors":[10,10,19],"current_hp_per_floor":[70,70,67,69,69,69,69,70,70,70,70,70,70,70,70,69,70,72,72,68,56,59,59,22,43,43,25,25,26,11,11,32,0],"gold":248,"neow_bonus":"THREE_ENEMY_KILL","is_prod":false,"is_daily":false,"chose_seed":false,"campfire_upgraded":3,"win_rate":0.0,"timestamp":1544224330,"path_taken":["M","?","?","M","?","R","?","E","T","$","M","M","M","M","R","BOSS","M","$","M","?","M","R","E","R","T","M","?","M","?","?","R","BOSS"],"build_version":"2018-12-06","purchased_purges":2,"victory":false,"max_hp_per_floor":[70,70,70,70,70,70,70,70,70,70,70,70,70,70,70,70,70,72,72,72,72,72,72,72,72,72,72,72,72,72,72,72,72],"card_choices":[{"not_picked":["Slice","Dagger Spray"],"picked":"Outmaneuver","floor":1},{"not_picked":["Heel Hook","Acrobatics"],"picked":"Catalyst","floor":4},{"not_picked":["Storm of Steel","Setup"],"picked":"Noxious Fumes","floor":8},{"not_picked":["PiercingWail","Prepared"],"picked":"All Out Attack","floor":11},{"not_picked":["Endless Agony","Flying Knee"],"picked":"Cloak And Dagger","floor":12},{"not_picked":["Riddle With Holes","Well Laid Plans"],"picked":"Dagger Throw","floor":13},{"not_picked":["Dagger Throw","Slice"],"picked":"Blade Dance","floor":14},{"not_picked":["Unload","Doppelganger"],"picked":"Adrenaline","floor":16},{"not_picked":["Reflex+1","Dodge and Roll","Riddle With Holes"],"picked":"Singing Bowl","floor":18},{"not_picked":["Flying Knee","Outmaneuver+1"],"picked":"Flechettes","floor":20},{"not_picked":["Sucker Punch","Flying Knee"],"picked":"PiercingWail+1","floor":22},{"not_picked":["Acrobatics","Deflect+1"],"picked":"Infinite Blades+1","floor":24},{"not_picked":["Backstab","Sucker Punch"],"picked":"Catalyst","floor":27},{"not_picked":["Caltrops","Backflip"],"picked":"Distraction+1","floor":29},{"not_picked":["A Thousand Cuts","Outmaneuver+1"],"picked":"Accuracy+1","floor":30}],"player_experience":436568,"relics_obtained":[{"floor":7,"key":"Happy Flower"},{"floor":8,"key":"Orichalcum"},{"floor":9,"key":"Tiny Chest"},{"floor":24,"key":"Bird Faced Urn"},{"floor":26,"key":"Juzu Bracelet"},{"floor":30,"key":"Red Mask"},{"floor":31,"key":"Ancient Tea Set"}],"event_choices":[{"damage_healed":0,"gold_gain":175,"player_choice":"AGREE","damage_taken":0,"max_hp_gain":0,"max_hp_loss":0,"event_name":"Liars Game","floor":2,"gold_loss":0,"cards_obtained":["Doubt"]},{"damage_healed":0,"gold_gain":0,"player_choice":"Success","damage_taken":3,"relics_obtained":["Blood Vial"],"max_hp_gain":0,"max_hp_loss":0,"event_name":"Scrap Ooze","floor":3,"gold_loss":0},{"damage_healed":0,"gold_gain":0,"cards_transformed":["Strike_G"],"player_choice":"Change","damage_taken":0,"max_hp_gain":0,"max_hp_loss":0,"event_name":"Living Wall","floor":5,"gold_loss":0,"cards_obtained":["Choke"]},{"damage_healed":0,"gold_gain":0,"player_choice":"Fight","damage_taken":0,"max_hp_gain":0,"max_hp_loss":0,"event_name":"Colosseum","floor":21,"gold_loss":0},{"damage_healed":0,"gold_gain":0,"player_choice":"Fled From Nobs","damage_taken":0,"max_hp_gain":0,"max_hp_loss":0,"event_name":"Colosseum","floor":21,"gold_loss":0},{"damage_healed":0,"gold_gain":0,"player_choice":"Traded Relic","damage_taken":0,"relics_obtained":["Nloth\u0027s Gift"],"max_hp_gain":0,"max_hp_loss":0,"event_name":"N\u0027loth","floor":28,"relics_lost":["Orichalcum"],"gold_loss":0},{"damage_healed":0,"gold_gain":0,"player_choice":"Fought Bandits","damage_taken":0,"max_hp_gain":0,"max_hp_loss":0,"event_name":"Masked Bandits","floor":30,"gold_loss":0}],"is_beta":false,"boss_relics":[{"not_picked":["Cursed Key","Eternal Feather"],"picked":"Ring of the Serpent"}],"items_purged_floors":[10,19],"is_endless":false,"potions_floor_spawned":[8,12,13,24,27,29],"killed_by":"Champ","ascension_level":0}