{"gold_per_floor":[111,36,36,54,64,93,93,108,108,108,183,203,266,279,279,382,382,396,226,236,236,256,256,268,278,278,298,298],"floor_reached":28,"playtime":380,"items_purged":["Defend_R","Defend_R"],"score":274,"play_id":"f4e4c960-0aad-46e2-a2b5-4f666023d861","local_time":"20181229035505","is_ascension_mode":false,"campfire_choices":[{"data":"Flex","floor":7,"key":"SMITH"},{"data":"Flex","floor":10,"key":"SMITH"},{"floor":15,"key":"REST"},{"floor":23,"key":"REST"}],"neow_cost":"NONE","seed_source_timestamp":114483761544639,"circlet_count":0,"master_deck":["Strike_R","Strike_R","Strike_R","Strike_R","Strike_R","Defend_R","Bash","Flex","Clash","Flex+1","Flex+1","Clash","Offering","Sword Boomerang+1","Whirlwind+1"],"relics":["Runic Cube","Paper Frog","Molten Egg 2","Shuriken","Lantern"],"potions_floor_usage":[13,16,16,27,28],"damage_taken":[{"damage":15,"enemies":"Cultist","floor":1,"turns":4},{"damage":0,"enemies":"Small Slimes","floor":4,"turns":2},{"damage":7,"enemies":"2 Louse","floor":5,"turns":3},{"damage":8,"enemies":"Gremlin Nob","floor":6,"turns":3},{"damage":10,"enemies":"Looter","floor":8,"turns":3},{"damage":13,"enemies":"Red Slaver","floor":12,"turns":2},{"damage":0,"enemies":"Gremlin Nob","floor":13,"turns":2},{"damage":1,"enemies":"Exordium Thugs","floor":14,"turns":3},{"damage":0,"enemies":"Slime Boss","floor":16,"turns":3},{"damage":16,"enemies":"Chosen","floor":18,"turns":2},{"damage":6,"enemies":"2 Thieves","floor":20,"turns":1},{"damage":20,"enemies":"Centurion and Healer","floor":22,"turns":3},{"damage":21,"enemies":"Snake Plant","floor":24,"turns":2},{"damage":21,"enemies":"Shelled Parasite and Fungi","floor":25,"turns":2},{"damage":0,"enemies":"3 Cultists","floor":27,"turns":2},{"damage":25,"enemies":"Slavers","floor":28,"turns":1}],"seed_played":"-9088024810632418734","potions_obtained":[{"floor":1,"key":"Strength Potion"},{"floor":8,"key":"Block Potion"},{"floor":12,"key":"GamblersBrew"},{"floor":13,"key":"SteroidPotion"},{"floor":20,"key":"Fire Potion"},{"floor":21,"key":"SteroidPotion"},{"floor":27,"key":"Dexterity Potion"}],"is_trial":false,"path_per_floor":["M","$","?","M","M","E","R","M","T","R","?","M","?","M","R","B",null,"M","$","M","?","M","R","M","M","T","M","E"],"character_chosen":"IRONCLAD","items_purchased":["Whirlwind+1"],"campfire_rested":2,"item_purchase_floors":[19],"current_hp_per_floor":[65,65,65,65,58,50,50,40,40,40,29,16,16,15,39,39,80,64,64,58,58,38,62,41,20,20,20,0],"gold":298,"neow_bonus":"BOSS_RELIC","is_prod":false,"is_daily":false,"chose_seed":false,"campfire_upgraded":2,"win_rate":1,"timestamp":1546073705,"path_taken":["M","$","?","M","?","E","R","M","T","R","?","M","?","M","R","BOSS","M","$","M","?","M","R","M","M","T","M","E"],"build_version":"2018-12-20","purchased_purges":2,"victory":false,"max_hp_per_floor":[80,80,80,80,80,80,80,80,80,80,80,80,80,80,80,80,80,80,80,80,80,80,80,80,80,80,80,80],"card_choices":[{"not_picked":["Rage","Warcry"],"picked":"Flex","floor":1},{"not_picked":["Headbutt","Thunderclap"],"picked":"Flex","floor":5},{"not_picked":["Fiend Fire","Double Tap"],"picked":"Flex","floor":6},{"not_picked":["Searing Blow","Armaments"],"picked":"Clash","floor":8},{"not_picked":["Cleave+1","Power Through","Warcry"],"picked":"SKIP","floor":14},{"not_picked":["Impervious","Barricade"],"picked":"Offering","floor":16},{"not_picked":["Anger+1","Pummel+1"],"picked":"Sword Boomerang+1","floor":18}],"player_experience":132954,"relics_obtained":[{"floor":6,"key":"Paper Frog"},{"floor":9,"key":"Molten Egg 2"},{"floor":13,"key":"Shuriken"},{"floor":26,"key":"Lantern"}],"event_choices":[{"damage_healed":0,"gold_gain":0,"cards_transformed":["Defend_R"],"player_choice":"Transformed","damage_taken":0,"max_hp_gain":0,"max_hp_loss":0,"event_name":"Transmorgrifier","floor":3,"gold_loss":0,"cards_obtained":["Clash"]},{"damage_healed":0,"gold_gain":75,"player_choice":"Gather Gold","damage_taken":11,"max_hp_gain":0,"max_hp_loss":0,"event_name":"World of Goop","floor":11,"gold_loss":0},{"damage_healed":0,"gold_gain":0,"player_choice":"Searched \u00271\u0027 times","damage_taken":0,"max_hp_gain":0,"max_hp_loss":0,"event_name":"Dead Adventurer","floor":13,"gold_loss":0},{"damage_healed":0,"gold_gain":0,"player_choice":"Got Potions","damage_taken":0,"max_hp_gain":0,"max_hp_loss":0,"event_name":"Lab","floor":21,"gold_loss":0}],"is_beta":false,"boss_relics":[{"not_picked":["Mark of Pain","Snecko Eye","Calling Bell"]}],"items_purged_floors":[2,19],"is_endless":false,"potions_floor_spawned":[1,8,12,13,20,25,27],"killed_by":"Slavers","ascension_level":0}