{"gold_per_floor":[111,122,122,141,141,173,98,98,98,117,29,29,29,49,49,49],"floor_reached":16,"playtime":451,"items_purged":["Strike_B"],"score":200,"play_id":"5c58efe9-b851-4be8-b988-29815dd0cbb8","local_time":"20181225221515","is_ascension_mode":true,"campfire_choices":[{"data":"Melter","floor":8,"key":"SMITH"},{"floor":13,"key":"REST"},{"data":"Coolheaded","floor":15,"key":"SMITH"}],"neow_cost":"TEN_PERCENT_HP_LOSS","seed_source_timestamp":31696626600159,"circlet_count":0,"master_deck":["AscendersBane","Strike_B","Defend_B","Defend_B","Defend_B","Zap","Dualcast","Melter+1","Ball Lightning","Meteor Strike","Coolheaded+1","Undo","Aggregate","Conserve Battery"],"special_seed":0,"relics":["Cracked Core","Question Card","Oddly Smooth Stone","Ancient Tea Set"],"potions_floor_usage":[14],"damage_taken":[{"damage":1.0,"enemies":"Small Slimes","floor":1.0,"turns":4.0},{"damage":1.0,"enemies":"Cultist","floor":2.0,"turns":3.0},{"damage":4.0,"enemies":"Jaw Worm","floor":4.0,"turns":3.0},{"damage":30,"enemies":"3 Sentries","floor":6,"turns":8},{"damage":24,"enemies":"Exordium Thugs","floor":10,"turns":5},{"damage":0,"enemies":"2 Fungi Beasts","floor":14,"turns":2},{"damage":24,"enemies":"Hexaghost","floor":16,"turns":9}],"seed_played":"-3802570499634169591","potions_obtained":[{"floor":4.0,"key":"SpeedPotion"},{"floor":6,"key":"Poison Potion"}],"is_trial":false,"path_per_floor":["M","M","?","M","?","E","$","R","T","M","$","?","R","M","R","B"],"character_chosen":"DEFECT","items_purchased":["Undo"],"campfire_rested":1,"item_purchase_floors":[11],"current_hp_per_floor":[63,62,62,58,58,28,28,28,28,4,4,4,23,23,23,0],"gold":49,"neow_bonus":"REMOVE_TWO","is_prod":false,"is_daily":false,"chose_seed":false,"campfire_upgraded":2,"win_rate":0,"timestamp":1545743715,"path_taken":["M","M","?","?","?","E","?","R","T","M","$","?","R","M","R","BOSS"],"build_version":"2018-12-20","purchased_purges":1,"victory":false,"max_hp_per_floor":[64,64,64,64,64,64,64,64,64,64,64,64,64,64,64,64],"card_choices":[{"not_picked":["Barrage","Storm"],"picked":"Melter","floor":1.0},{"not_picked":["Skim","Loop"],"picked":"Doom and Gloom","floor":2.0},{"not_picked":["Hologram","Turbo"],"picked":"Ball Lightning","floor":4.0},{"not_picked":["Cold Snap","Steam","BootSequence"],"picked":"Meteor Strike","floor":6},{"not_picked":["Go for the Eyes","Hologram","Meteor Strike"],"picked":"Coolheaded","floor":10},{"not_picked":["Coolheaded","Sweeping Beam","Compile Driver"],"picked":"Conserve Battery","floor":14}],"player_experience":849711,"relics_obtained":[{"floor":6,"key":"Oddly Smooth Stone"},{"floor":9,"key":"Ancient Tea Set"}],"event_choices":[{"damage_healed":0.0,"max_hp_gain":0.0,"max_hp_loss":0.0,"gold_gain":0.0,"event_name":"Match and Keep!","player_choice":"0 cards matched","floor":3.0,"gold_loss":0.0,"damage_taken":0.0,"cards_obtained":[]},{"cards_removed":["Doom and Gloom"],"damage_healed":0.0,"max_hp_gain":0.0,"max_hp_loss":0.0,"gold_gain":0.0,"event_name":"WeMeetAgain","player_choice":"Gave Card","floor":5.0,"gold_loss":0.0,"damage_taken":0.0,"relics_obtained":["Question Card"]},{"damage_healed":0,"gold_gain":0,"cards_transformed":["Strike_B"],"player_choice":"Transformed","damage_taken":0,"max_hp_gain":0,"max_hp_loss":0,"event_name":"Transmorgrifier","floor":12,"gold_loss":0,"cards_obtained":["Aggregate"]}],"is_beta":false,"boss_relics":[],"items_purged_floors":[7],"is_endless":false,"potions_floor_spawned":[4,6,10],"killed_by":"Hexaghost","ascension_level":20}