{"gold_per_floor":[119,132,132,144,106,153,165,194,231,263,275,303,341,369,381,496,508,536,532,544],"floor_reached":20,"playtime":925,"items_purged":[],"score":211,"play_id":"0da80740-cad8-49c8-969f-2843f81af3bd","local_time":"20181023172608","is_ascension_mode":false,"campfire_choices":[{"data":"Machine Learning","floor":7,"key":"SMITH"},{"data":"Tempest","floor":11,"key":"SMITH"},{"floor":15,"key":"REST"}],"neow_cost":"NONE","seed_source_timestamp":1036017096291327,"circlet_count":0,"master_deck":["Zap","Dualcast","White Noise+1","FTL","Machine Learning+1","Tempest+1","Lockon","Tempest","Ball Lightning","Buffer","Thunder Strike","Coolheaded","Loop","Compile Driver","Compile Driver","Storm","Cold Snap","Blizzard","Consume+1","FTL"],"relics":["Cracked Core","NeowsBlessing","MawBank","Question Card","PreservedInsect","Singing Bowl","Pandora\u0027s Box"],"potions_floor_usage":[10,13,16],"damage_taken":[{"damage":0,"enemies":"Jaw Worm","floor":1,"turns":1},{"damage":0,"enemies":"2 Louse","floor":2,"turns":1},{"damage":0,"enemies":"Gremlin Nob","floor":6,"turns":1},{"damage":1,"enemies":"Cultist","floor":8,"turns":3},{"damage":9,"enemies":"2 Fungi Beasts","floor":10,"turns":3},{"damage":10,"enemies":"Looter","floor":12,"turns":2},{"damage":13,"enemies":"3 Sentries","floor":13,"turns":3},{"damage":0,"enemies":"Large Slime","floor":14,"turns":3},{"damage":7,"enemies":"Slime Boss","floor":16,"turns":7},{"damage":17,"enemies":"Spheric Guardian","floor":18,"turns":4},{"damage":20,"enemies":"2 Thieves","floor":19,"turns":4},{"damage":31,"enemies":"Shelled Parasite and Fungi","floor":20,"turns":3}],"seed_played":"5361477617615158367","potions_obtained":[{"floor":6,"key":"Poison Potion"},{"floor":12,"key":"Energy Potion"},{"floor":13,"key":"Poison Potion"}],"is_trial":false,"path_per_floor":["M","M","?","?","?","E","R","M","T","M","R","M","E","M","R","B",null,"M","M"],"character_chosen":"DEFECT","items_purchased":[],"campfire_rested":1,"item_purchase_floors":[],"current_hp_per_floor":[75,75,72,72,72,72,72,71,71,62,62,52,39,39,61,54,75,58,38,7],"gold":544,"neow_bonus":"THREE_ENEMY_KILL","is_prod":false,"is_daily":false,"chose_seed":false,"campfire_upgraded":2,"win_rate":0.0,"timestamp":1540268768,"path_taken":["M","M","?","?","?","E","R","M","T","M","R","M","E","M","R","BOSS","M","?","M"],"build_version":"2018-10-18","purchased_purges":0,"victory":false,"max_hp_per_floor":[75,75,75,75,75,75,75,75,75,75,75,75,75,75,75,75,75,75,75,75],"card_choices":[{"not_picked":["Sweeping Beam","Static Discharge"],"picked":"White Noise","floor":1},{"not_picked":["Sweeping Beam","Redo"],"picked":"FTL","floor":2},{"not_picked":["Turbo","Leap"],"picked":"Machine Learning","floor":6},{"not_picked":["Coolheaded","Self Repair","Steam"],"picked":"Tempest","floor":8},{"not_picked":["Ball Lightning","Capacitor","Redo"],"picked":"Lockon","floor":10},{"not_picked":["Coolheaded","FTL","Go for the Eyes"],"picked":"Tempest","floor":12},{"not_picked":["Skim","Force Field","Chaos"],"picked":"Ball Lightning","floor":13},{"not_picked":["Steam","Cold Snap","Ball Lightning"],"picked":"Buffer","floor":14},{"not_picked":["Biased Cognition","All For One","Hyperbeam"],"picked":"Thunder Strike","floor":16},{"not_picked":["Reprogram+1","Steam","Turbo"],"picked":"Consume+1","floor":18},{"not_picked":["Stack","Hello World+1","Conserve Battery"],"picked":"FTL","floor":19}],"player_experience":191139,"relics_obtained":[{"floor":6,"key":"Question Card"},{"floor":9,"key":"PreservedInsect"},{"floor":13,"key":"Singing Bowl"}],"event_choices":[{"damage_healed":0,"gold_gain":0,"player_choice":"Success","damage_taken":3,"relics_obtained":["MawBank"],"max_hp_gain":0,"max_hp_loss":0,"event_name":"Scrap Ooze","floor":3,"gold_loss":0},{"damage_healed":0,"gold_gain":0,"player_choice":"Upgraded","damage_taken":0,"max_hp_gain":0,"max_hp_loss":0,"event_name":"Upgrade Shrine","floor":4,"gold_loss":0,"cards_upgraded":["White Noise"]},{"cards_removed":["Strike_B"],"damage_healed":0,"gold_gain":0,"player_choice":"Card Removal","damage_taken":0,"max_hp_gain":0,"max_hp_loss":0,"event_name":"The Cleric","floor":5,"gold_loss":50}],"is_beta":false,"boss_relics":[{"not_picked":["Philosopher\u0027s Stone","Sozu"],"picked":"Pandora\u0027s Box"}],"items_purged_floors":[],"is_endless":false,"potions_floor_spawned":[6,12,13],"killed_by":"Shelled Parasite and Fungi","ascension_level":0}