{"gold_per_floor":[116,127,138,17,117,151,151,151,151,5,5,16,16,32,32,135,135,147,165,183,183,195,195,205,205,231,231,29,55,33,45,45,147,147,157,168,168,168,24,24,42,42,90,90,90],"floor_reached":45,"playtime":2623,"items_purged":["Strike_B"],"score":433,"play_id":"d2e2af33-b37d-4945-8eb5-c8b99052541e","local_time":"20181014035134","is_ascension_mode":false,"campfire_choices":[{"data":"Fission","floor":7,"key":"SMITH"},{"data":"Go for the Eyes","floor":11,"key":"SMITH"},{"data":"Chill","floor":13,"key":"SMITH"},{"data":"Go for the Eyes","floor":15,"key":"SMITH"},{"floor":23,"key":"REST"},{"data":"Chill","floor":25,"key":"SMITH"},{"data":"Redo","floor":32,"key":"SMITH"},{"floor":40,"key":"REST"},{"floor":42,"key":"REST"}],"neow_cost":"NONE","seed_source_timestamp":207805082243360,"circlet_count":0,"master_deck":["Strike_B","Strike_B","Strike_B","Defend_B","Defend_B+1","Defend_B+1","Zap","Dualcast+1","Go for the Eyes+1","Fission+1","Go for the Eyes+1","Gash","Chill+1","Gash","Rip and Tear","Electrodynamics","Streamline","Gash","Chill+1","Beam Cell","Glacier","Self Repair","Barrage","Redo+1","Amplify","Ball Lightning","Barrage","Finesse","PanicButton","Secret Technique"],"relics":["FrozenCore","Letter Opener","Dodecahedron","Orichalcum","Lizard Tail","War Paint","Lee\u0027s Waffle","Kunai","Juzu Bracelet","Boot"],"potions_floor_usage":[6,6,16,24,33,33,35,41,41],"damage_taken":[{"damage":0,"enemies":"Cultist","floor":1,"turns":3},{"damage":2,"enemies":"Small Slimes","floor":2,"turns":3},{"damage":3,"enemies":"Jaw Worm","floor":3,"turns":4},{"damage":20,"enemies":"Gremlin Nob","floor":6,"turns":5},{"damage":2,"enemies":"Blue Slaver","floor":12,"turns":2},{"damage":0,"enemies":"Large Slime","floor":14,"turns":4},{"damage":34,"enemies":"Hexaghost","floor":16,"turns":10},{"damage":4,"enemies":"Shell Parasite","floor":18,"turns":4},{"damage":10,"enemies":"2 Thieves","floor":19,"turns":3},{"damage":17,"enemies":"Snecko","floor":20,"turns":6},{"damage":15,"enemies":"Cultist and Chosen","floor":22,"turns":5},{"damage":0,"enemies":"3 Cultists","floor":24,"turns":4},{"damage":5,"enemies":"Colosseum Slavers","floor":27,"turns":4},{"damage":3,"enemies":"Slavers","floor":29,"turns":4},{"damage":23,"enemies":"Snake Plant","floor":31,"turns":4},{"damage":54,"enemies":"Collector","floor":33,"turns":9},{"damage":28,"enemies":"3 Darklings","floor":35,"turns":4},{"damage":43,"enemies":"3 Shapes","floor":36,"turns":4},{"damage":55,"enemies":"Reptomancer","floor":41,"turns":6},{"damage":58,"enemies":"Mysterious Sphere","floor":45,"turns":5}],"seed_played":"4791328185593554002","potions_obtained":[{"floor":1,"key":"Poison Potion"},{"floor":2,"key":"LiquidBronze"},{"floor":6,"key":"Dexterity Potion"},{"floor":18,"key":"Block Potion"},{"floor":21,"key":"Explosive Potion"},{"floor":21,"key":"FocusPotion"},{"floor":24,"key":"Strength Potion"},{"floor":33,"key":"AttackPotion"},{"floor":35,"key":"SteroidPotion"}],"is_trial":false,"path_per_floor":["M","M","M","$","?","E","R","?","T","$","R","M","R","M","R","B",null,"M","M","M","?","M","R","M","R","T","?","$","E","$","M","R","B",null,"M","M","?","?","$","R","M","R","T","?"],"character_chosen":"DEFECT","items_purchased":["Go for the Eyes","Orichalcum","Lee\u0027s Waffle","Barrage","Juzu Bracelet"],"campfire_rested":3,"item_purchase_floors":[4,10,28,30,39],"current_hp_per_floor":[75,73,70,70,70,50,50,50,50,50,50,48,48,48,48,14,75,71,61,44,44,29,51,51,51,51,46,82,79,79,63,63,16,82,61,18,18,18,18,41,37,60,60,50,0],"gold":90,"neow_bonus":"UPGRADE_CARD","is_prod":false,"is_daily":false,"chose_seed":false,"campfire_upgraded":6,"win_rate":0.0,"timestamp":1539442294,"path_taken":["M","M","M","$","?","E","R","?","T","$","R","M","R","M","R","BOSS","M","M","M","?","M","R","?","R","T","?","$","E","$","M","R","BOSS","M","M","?","?","$","R","M","R","T","?","?"],"build_version":"2018-10-11","purchased_purges":1,"victory":false,"max_hp_per_floor":[75,75,75,75,75,75,75,75,75,75,75,75,75,75,75,75,75,75,75,75,75,75,75,75,75,75,75,82,82,82,82,82,82,82,82,82,78,78,78,78,78,78,78,78,78],"card_choices":[{"not_picked":["Melter","Hologram"],"picked":"Go for the Eyes","floor":1},{"not_picked":["Barrage","Ball Lightning"],"picked":"Fission","floor":2},{"not_picked":["Blizzard","Storm","Hologram"],"picked":"SKIP","floor":3},{"not_picked":["Beam Cell","Hologram"],"picked":"Gash","floor":6},{"not_picked":["Scrape","Cold Snap"],"picked":"Gash","floor":12},{"not_picked":["BootSequence","Reinforced Body"],"picked":"Rip and Tear","floor":14},{"not_picked":["Seek","Reboot"],"picked":"Electrodynamics","floor":16},{"not_picked":["Coolheaded","Beam Cell"],"picked":"Streamline","floor":18},{"not_picked":["BootSequence","Barrage"],"picked":"Gash","floor":19},{"not_picked":["Streamline","Auto Shields"],"picked":"Chill","floor":20},{"not_picked":["Sweeping Beam","Streamline"],"picked":"Beam Cell","floor":22},{"not_picked":["Chill","Skim"],"picked":"Glacier","floor":24},{"not_picked":["Stack+1","Aggregate"],"picked":"Self Repair","floor":29},{"not_picked":["Cold Snap","Consume"],"picked":"Redo","floor":31},{"not_picked":["All For One","Seek"],"picked":"Amplify","floor":33},{"not_picked":["Go for the Eyes+1","Hello World"],"picked":"Ball Lightning","floor":35},{"not_picked":["Leap","Go for the Eyes+1"],"picked":"Self Repair","floor":36},{"not_picked":["Capacitor","Leap"],"picked":"Barrage","floor":41},{"not_picked":["Enlightenment","Purity"],"picked":"Finesse","floor":44},{"not_picked":["Mind Blast","Impatience"],"picked":"PanicButton","floor":44},{"not_picked":["Forethought","Good Instincts"],"picked":"Secret Technique","floor":44}],"player_experience":20177,"relics_obtained":[{"floor":6,"key":"Letter Opener"},{"floor":9,"key":"Dodecahedron"},{"floor":26,"key":"War Paint"},{"floor":29,"key":"Kunai"},{"floor":43,"key":"Boot"}],"event_choices":[{"event_name":"Golden Shrine","player_choice":"Pray","floor":5,"damage_taken":0},{"event_name":"Living Wall","player_choice":"Change","floor":8,"damage_taken":0},{"event_name":"The Lab","player_choice":"Got Potions","floor":21,"damage_taken":0},{"event_name":"Colosseum","player_choice":"Fight","floor":27,"damage_taken":0},{"event_name":"Colosseum","player_choice":"Fled From Nobs","floor":27,"damage_taken":0},{"event_name":"Winding Halls","player_choice":"Max HP","floor":37,"damage_taken":0},{"event_name":"Falling","player_choice":"Removed Power","floor":38,"damage_taken":0},{"event_name":"SensoryStone","player_choice":"Memory 3","floor":44,"damage_taken":0},{"event_name":"Mysterious Sphere","player_choice":"Fight","floor":45,"damage_taken":0}],"is_beta":false,"boss_relics":[{"not_picked":["Fusion Hammer","Orrery"],"picked":"Lizard Tail"},{"not_picked":["Nuclear Battery","Sozu"],"picked":"FrozenCore"}],"items_purged_floors":[4],"is_endless":false,"potions_floor_spawned":[1,2,6,18,24,27,31,33,35],"killed_by":"Mysterious Sphere","ascension_level":0}