{"gold_per_floor":[119,119,137,152,152,181,181,212,239,284,296,324,364,395,407,495,507,531,270,224,224],"floor_reached":21,"playtime":1242,"items_purged":["Strike_R"],"score":418,"play_id":"057e2c01-13e2-4adc-b828-909cd59f32a0","local_time":"20181231224135","is_ascension_mode":true,"campfire_choices":[{"data":"Uppercut","floor":7.0,"key":"SMITH"},{"data":"Clash","floor":11.0,"key":"SMITH"},{"data":"Feel No Pain","floor":15.0,"key":"SMITH"}],"neow_cost":"NONE","seed_source_timestamp":32820702583765,"circlet_count":0,"master_deck":["AscendersBane","Strike_R","Strike_R","Strike_R","Defend_R+1","Defend_R","Defend_R","Defend_R","Bash","Shrug It Off","Uppercut+1","Shrug It Off+1","Second Wind","Clash+1","Feel No Pain+1","Shockwave","Barricade","Seeing Red","Armaments","True Grit"],"special_seed":0,"relics":["Burning Blood","Centennial Puzzle","War Paint","MawBank","Ancient Tea Set","The Courier","Runic Cube","PreservedInsect"],"potions_floor_usage":[],"damage_taken":[{"damage":5.0,"enemies":"2 Louse","floor":1.0,"turns":4.0},{"damage":6.0,"enemies":"Jaw Worm","floor":3.0,"turns":6.0},{"damage":3.0,"enemies":"Cultist","floor":4.0,"turns":4.0},{"damage":6.0,"enemies":"Gremlin Nob","floor":6.0,"turns":3.0},{"damage":34.0,"enemies":"3 Sentries","floor":8.0,"turns":13.0},{"damage":12.0,"enemies":"Gremlin Nob","floor":10.0,"turns":4.0},{"damage":0.0,"enemies":"Blue Slaver","floor":12.0,"turns":2.0},{"damage":20.0,"enemies":"3 Sentries","floor":13.0,"turns":19.0},{"damage":2.0,"enemies":"2 Fungi Beasts","floor":14.0,"turns":4.0},{"damage":11.0,"enemies":"The Guardian","floor":16.0,"turns":15.0},{"damage":21.0,"enemies":"Shell Parasite","floor":18.0,"turns":9.0},{"damage":20,"enemies":"2 Thieves","floor":20,"turns":5},{"damage":62,"enemies":"3 Cultists","floor":21,"turns":6}],"seed_played":"4023359341481379054","potions_obtained":[{"floor":1.0,"key":"Strength Potion"},{"floor":6.0,"key":"FearPotion"},{"floor":8.0,"key":"FearPotion"},{"floor":12.0,"key":"SkillPotion"}],"is_trial":false,"path_per_floor":["M","?","M","M","?","E","R","E","T","E","R","M","E","M","R","B",null,"M","$","M","M"],"character_chosen":"IRONCLAD","items_purchased":["PreservedInsect","Armaments","True Grit"],"campfire_rested":0,"item_purchase_floors":[19,19,19],"current_hp_per_floor":[76,69,69,72,82,82,82,54,54,48,48,54,40,44,44,39,71,56,56,42,0],"gold":224,"neow_bonus":"TEN_PERCENT_HP_BONUS","is_prod":false,"is_daily":false,"chose_seed":false,"campfire_upgraded":3,"win_rate":0,"timestamp":1546263695,"path_taken":["M","?","M","M","?","E","R","E","T","E","R","?","E","M","R","BOSS","M","$","M","M"],"build_version":"2018-12-20","purchased_purges":1,"victory":false,"max_hp_per_floor":[82,82,82,82,82,82,82,82,82,82,82,82,82,82,82,82,82,82,82,82,82],"card_choices":[{"not_picked":["Body Slam","Heavy Blade"],"picked":"Shrug It Off","floor":1.0},{"not_picked":["Body Slam","Thunderclap"],"picked":"Uppercut","floor":3.0},{"not_picked":["Thunderclap","Sentinel"],"picked":"Shrug It Off","floor":4.0},{"not_picked":["Pummel","Metallicize"],"picked":"Second Wind","floor":6.0},{"not_picked":["Brutality","Heavy Blade"],"picked":"Clash","floor":8.0},{"not_picked":["Flex","Ghostly Armor","Clash"],"picked":"SKIP","floor":10.0},{"not_picked":["Clash","Thunderclap"],"picked":"Feel No Pain","floor":12.0},{"not_picked":["Limit Break","Havoc","Thunderclap"],"picked":"SKIP","floor":13.0},{"not_picked":["Thunderclap","Wild Strike"],"picked":"Shockwave","floor":14.0},{"not_picked":["Berserk","Juggernaut"],"picked":"Barricade","floor":16.0},{"not_picked":["Clash","Thunderclap+1"],"picked":"Seeing Red","floor":18.0},{"not_picked":["Havoc","Warcry","Pummel"],"picked":"SKIP","floor":20}],"player_experience":894584,"relics_obtained":[{"floor":6.0,"key":"Centennial Puzzle"},{"floor":8.0,"key":"War Paint"},{"floor":9.0,"key":"MawBank"},{"floor":10.0,"key":"Ancient Tea Set"},{"floor":13.0,"key":"The Courier"}],"event_choices":[{"cards_removed":["Strike_R"],"damage_healed":0.0,"max_hp_gain":0.0,"max_hp_loss":0.0,"gold_gain":0.0,"event_name":"Golden Wing","player_choice":"Card Removal","floor":2.0,"gold_loss":0.0,"damage_taken":7.0},{"damage_healed":10.0,"max_hp_gain":0.0,"max_hp_loss":0.0,"gold_gain":0.0,"event_name":"Wheel of Change","player_choice":"Full Heal","floor":5.0,"gold_loss":0.0,"damage_taken":0.0}],"is_beta":false,"boss_relics":[{"not_picked":["Busted Crown","Fusion Hammer"],"picked":"Runic Cube"}],"items_purged_floors":[19],"is_endless":false,"potions_floor_spawned":[1,6,8,12],"killed_by":"3 Cultists","ascension_level":20}