{"path_per_floor":["M","?","?","?","?","R","E","R","T","$","M","M","M","M","R","B",null,"M","M","?","?","M","E","M","R","T","R","M","M"],"character_chosen":"THE_SILENT","items_purchased":["Infinite Blades"],"gold_per_floor":[113,113,113,113,113,113,147,147,147,73,85,102,114,132,132,233,263,249,266,266,266,276,304,317,317,317,317,336,346],"floor_reached":30,"campfire_rested":0,"playtime":7442,"current_hp_per_floor":[70,70,63,63,49,49,49,49,49,49,49,49,48,46,46,23,75,69,68,54,54,45,30,30,30,30,30,29,12],"items_purged":[],"gold":346,"score":277,"play_id":"7cf77c60-2926-49e6-94b4-c41fc76e4d14","local_time":"20180318125545","is_prod":false,"is_daily":false,"is_ascension_mode":false,"campfire_upgraded":3,"timestamp":1521374145,"path_taken":["M","?","?","?","?","R","E","R","T","$","M","?","?","M","R","BOSS","M","M","?","?","?","E","M","R","T","R","M","M","E"],"build_version":"2018-03-15v3","purchased_purges":0,"victory":false,"master_deck":["Defend_G+1","Defend_G+1","Defend_G+1","Defend_G+1","Strike_G+1","Strike_G+1","Strike_G+1","Strike_G+1","Strike_G+1","Survivor","Neutralize+1","Flying Knee","Neutralize","After Image+1","Cloak And Dagger+1","Infinite Blades+1","Cloak And Dagger","Outmaneuver","Dagger Throw","Flying Knee","Adrenaline","Deflect","Dodge and Roll+1","Sucker Punch","Heel Hook+1","Sucker Punch","Backflip+1","Leg Sweep","Cloak And Dagger"],"max_hp_per_floor":[70,70,70,70,70,70,70,70,70,70,70,70,70,70,70,70,75,75,75,80,80,80,80,80,80,80,80,80,80],"relics":["Ring of the Snake","Regal Pillow","Torii","Tiny House","Girya","Blue Candle"],"card_choices":[{"not_picked":["Heel Hook","Predator"],"picked":"Flying Knee"},{"not_picked":["Heel Hook","Underhanded Strike"],"picked":"Cloak And Dagger"},{"not_picked":["Accuracy","Slice"],"picked":"Cloak And Dagger"},{"not_picked":["Glass Knife","PiercingWail"],"picked":"Outmaneuver"},{"not_picked":["PiercingWail","Flechettes"],"picked":"Dagger Throw"},{"not_picked":["Deflect","Poisoned Stab"],"picked":"Flying Knee"},{"not_picked":["Grand Finale","Corpse Explosion"],"picked":"Adrenaline"},{"not_picked":["Deadly Poison","Sucker Punch"],"picked":"Deflect"},{"not_picked":["Dagger Spray","Dash"],"picked":"Dodge and Roll"},{"not_picked":["Dodge and Roll","Slice"],"picked":"Sucker Punch"},{"not_picked":["Setup","Dagger Throw"],"picked":"Heel Hook"},{"not_picked":["Unload","Backflip"],"picked":"Sucker Punch"},{"not_picked":["Flying Knee","Acrobatics"],"picked":"Backflip"},{"not_picked":["Poisoned Stab","Flechettes"],"picked":"Leg Sweep"},{"not_picked":["Quick Slash","Reflex"],"picked":"Cloak And Dagger"}],"player_experience":136719,"potions_floor_usage":[7,7,16,16,23,29,30,30],"damage_taken":[{"damage":0,"enemies":"Cultist","floor":1,"turns":4},{"damage":0,"enemies":"Lagavulin","floor":7,"turns":5},{"damage":0,"enemies":"2 Louse","floor":11,"turns":2},{"damage":0,"enemies":"Small Slimes","floor":12,"turns":3},{"damage":1,"enemies":"Blue Slaver","floor":13,"turns":3},{"damage":2,"enemies":"Looter","floor":14,"turns":3},{"damage":23,"enemies":"Slime Boss","floor":16,"turns":10},{"damage":6,"enemies":"2 Thieves","floor":18,"turns":4},{"damage":1,"enemies":"Shell Parasite","floor":19,"turns":6},{"damage":9,"enemies":"Sentry and Sphere","floor":22,"turns":6},{"damage":15,"enemies":"Slavers","floor":23,"turns":9},{"damage":0,"enemies":"Snecko","floor":24,"turns":5},{"damage":1,"enemies":"Centurion and Healer","floor":28,"turns":6},{"damage":17,"enemies":"Chosen and Byrds","floor":29,"turns":7},{"damage":13,"enemies":"Gremlin Leader","floor":30,"turns":8}],"event_choices":[{"event_name":"The Lab","player_choice":"Got Potions","floor":2,"damage_taken":0},{"event_name":"Golden Wing","player_choice":"Card Removal","floor":3,"damage_taken":0},{"event_name":"Match and Keep!","player_choice":"2 cards matched","floor":4,"damage_taken":0},{"event_name":"Shining Light","player_choice":"Entered Light","floor":5,"damage_taken":0},{"event_name":"Forgotten Altar","player_choice":"Shed Blood","floor":20,"damage_taken":0},{"event_name":"Back to Basics","player_choice":"Simplicity","floor":21,"damage_taken":0}],"boss_relics":[{"not_picked":["Question Card","The Specimen"],"picked":"Tiny House"}],"potions_floor_spawned":[1,7,12,14,22,23,28],"seed_played":"483963081241932537","killed_by":"Gremlin Leader","ascension_level":0,"is_trial":false}