{"gold_per_floor":[109,120,195,71,89,101,101,101,169,169,183,183,210,224,224,328,328,339,359,359,377,44,44,54,71,71,101,101,101,101,28,28,28],"floor_reached":33,"playtime":1341,"items_purged":["Strike_G"],"score":414,"play_id":"e914a0e5-730c-4cf4-82f8-b7c36466436d","local_time":"20180925154650","is_ascension_mode":true,"campfire_choices":[{"floor":8,"key":"REST"},{"data":"Blade Dance","floor":10,"key":"SMITH"},{"floor":15,"key":"REST"},{"floor":23,"key":"REST"},{"floor":28,"key":"REST"},{"data":"Accuracy","floor":30,"key":"SMITH"},{"data":"Cloak And Dagger","floor":32,"key":"SMITH"}],"neow_cost":"NONE","seed_source_timestamp":6778043942820,"circlet_count":0,"master_deck":["Defend_G","Defend_G+1","Defend_G","Defend_G","Defend_G","Strike_G","Strike_G","Strike_G","Survivor+1","Neutralize","AscendersBane","Blade Dance+1","Deflect","Infinite Blades","Flying Knee","Cloak And Dagger+1","Finisher","Backflip+1","Adrenaline","Accuracy+1","Prepared+1","Backflip+1","Noxious Fumes","Blur+1","Finisher","Injury","Cloak And Dagger+1","Corpse Explosion","Caltrops"],"relics":["Ring of the Snake","Bottled Tornado","Pen Nib","Cursed Key","Gremlin Horn","Dodecahedron","War Paint"],"potions_floor_usage":[13,13,19,21,27,27],"damage_taken":[{"damage":7,"enemies":"Cultist","floor":1,"turns":6},{"damage":0,"enemies":"Jaw Worm","floor":2,"turns":5},{"damage":0,"enemies":"2 Louse","floor":5,"turns":3},{"damage":0,"enemies":"Blue Slaver","floor":6,"turns":5},{"damage":1,"enemies":"Looter","floor":11,"turns":3},{"damage":25,"enemies":"Gremlin Nob","floor":13,"turns":5},{"damage":9,"enemies":"Gremlin Gang","floor":14,"turns":4},{"damage":28,"enemies":"Slime Boss","floor":16,"turns":10},{"damage":4,"enemies":"3 Byrds","floor":18,"turns":4},{"damage":0,"enemies":"Shell Parasite","floor":19,"turns":3},{"damage":9,"enemies":"3 Cultists","floor":21,"turns":4},{"damage":13,"enemies":"Shelled Parasite and Fungi","floor":24,"turns":5},{"damage":0,"enemies":"Centurion and Healer","floor":25,"turns":6},{"damage":19,"enemies":"Book of Stabbing","floor":27,"turns":4},{"damage":53,"enemies":"Collector","floor":33,"turns":6}],"seed_played":"5231066285716087081","potions_obtained":[{"floor":6,"key":"SkillPotion"},{"floor":13,"key":"Swift Potion"},{"floor":18,"key":"SteroidPotion"},{"floor":24,"key":"Explosive Potion"},{"floor":25,"key":"Strength Potion"}],"is_trial":false,"path_per_floor":["M","M","?","$","M","M","?","R","T","R","M","?","E","M","R","B",null,"M","M","?","M","$","R","M","M","T","E","R","?","R","$","R"],"character_chosen":"THE_SILENT","items_purchased":["Flying Knee","Gremlin Horn","Noxious Fumes","Caltrops"],"campfire_rested":4,"item_purchase_floors":[4,22,22,31],"current_hp_per_floor":[56,56,45,45,45,45,31,52,52,52,51,51,26,17,38,10,55,51,51,51,42,42,63,50,50,50,31,52,52,52,52,52,0],"gold":28,"neow_bonus":"THREE_CARDS","is_prod":false,"is_daily":false,"chose_seed":false,"campfire_upgraded":3,"win_rate":0,"timestamp":1537883210,"path_taken":["M","?","?","$","M","M","?","R","T","R","M","?","E","?","R","BOSS","M","M","?","M","$","R","M","M","T","E","R","?","R","$","R","BOSS"],"build_version":"2018-09-20","purchased_purges":1,"victory":false,"max_hp_per_floor":[70,70,70,70,70,70,70,70,70,70,70,70,70,70,70,70,70,70,70,70,70,70,70,70,70,70,70,70,70,70,70,70,70],"card_choices":[{"not_picked":["Dagger Throw","Underhanded Strike"],"picked":"Blade Dance","floor":0},{"not_picked":["Underhanded Strike","Slice"],"picked":"Deflect","floor":1},{"not_picked":["Underhanded Strike","Dodge and Roll"],"picked":"Infinite Blades","floor":2},{"not_picked":["Sucker Punch","Dagger Throw"],"picked":"Cloak And Dagger","floor":5},{"not_picked":["Dagger Throw","Concentrate","Tools of the Trade"],"picked":"SKIP","floor":6},{"not_picked":["Deadly Poison","Endless Agony"],"picked":"Finisher","floor":11},{"not_picked":["Riddle With Holes","Underhanded Strike","Catalyst"],"picked":"SKIP","floor":13},{"not_picked":["Choke","Caltrops"],"picked":"Backflip","floor":14},{"not_picked":["Wraith Form v2","Doppelganger"],"picked":"Adrenaline","floor":16},{"not_picked":["Cloak And Dagger","Blade Dance+1"],"picked":"Accuracy","floor":18},{"not_picked":["Deadly Poison+1","Backflip"],"picked":"Prepared+1","floor":19},{"not_picked":["Well Laid Plans","Reflex"],"picked":"Backflip+1","floor":21},{"not_picked":["Catalyst+1","Tactician"],"picked":"Blur","floor":24},{"not_picked":["Prepared+1","Phantasmal Killer"],"picked":"Finisher","floor":25},{"not_picked":["Slice","Quick Slash+1"],"picked":"Cloak And Dagger","floor":27}],"player_experience":685534,"relics_obtained":[{"floor":9,"key":"Bottled Tornado"},{"floor":13,"key":"Pen Nib"},{"floor":26,"key":"Dodecahedron"},{"floor":27,"key":"War Paint"}],"event_choices":[{"event_name":"World of Goop","player_choice":"Gather Gold","floor":3,"damage_taken":0},{"event_name":"Shining Light","player_choice":"Entered Light","floor":7,"damage_taken":0},{"event_name":"Living Wall","player_choice":"Grow","floor":12,"damage_taken":0},{"event_name":"Cursed Tome","player_choice":"Ignored","floor":20,"damage_taken":0},{"event_name":"Transmorgrifier","player_choice":"Transform","floor":29,"damage_taken":0}],"is_beta":false,"boss_relics":[{"not_picked":["Coffee Dripper","Velvet Choker"],"picked":"Cursed Key"}],"items_purged_floors":[4],"is_endless":false,"potions_floor_spawned":[6,13,18,24,25],"killed_by":"Collector","ascension_level":11}