{"gold_per_floor":[116,127,52,17,17,45,45,45,45,60,94,107,136,147,147,147],"floor_reached":16,"playtime":1056,"items_purged":["Defend_G"],"score":222,"play_id":"f9e5776a-a180-4e75-b2a1-1b0d08efe971","local_time":"20190131082009","is_ascension_mode":true,"campfire_choices":[{"floor":8,"key":"REST"},{"floor":15,"key":"REST"}],"neow_cost":"NONE","seed_source_timestamp":173119982837769,"circlet_count":0,"master_deck":["AscendersBane","Defend_G","Defend_G","Defend_G","Defend_G+1","Strike_G","Strike_G","Strike_G","Strike_G","Survivor","Neutralize","Leg Sweep+1","Riddle With Holes","Corpse Explosion","Calculated Gamble","Catalyst","Doppelganger","Deadly Poison","Backflip"],"relics":["Ring of the Snake","Art of War","The Specimen","Ginger","Bird Faced Urn"],"potions_floor_usage":[16,16],"damage_taken":[{"damage":4,"enemies":"Small Slimes","floor":1,"turns":7},{"damage":3,"enemies":"2 Louse","floor":2,"turns":6},{"damage":32,"enemies":"3 Sentries","floor":6,"turns":12},{"damage":0,"enemies":"Cultist","floor":10,"turns":3},{"damage":16,"enemies":"Lagavulin","floor":11,"turns":8},{"damage":6,"enemies":"Exordium Thugs","floor":12,"turns":4},{"damage":20,"enemies":"3 Sentries","floor":13,"turns":3},{"damage":0,"enemies":"Exordium Wildlife","floor":14,"turns":3},{"damage":33,"enemies":"Slime Boss","floor":16,"turns":7}],"seed_played":"-7296803419860436680","potions_obtained":[{"floor":2,"key":"SpeedPotion"},{"floor":6,"key":"SpeedPotion"},{"floor":12,"key":"Fire Potion"}],"is_trial":false,"path_per_floor":["M","M","$","?","?","E","?","R","T","M","E","M","E","M","R","B"],"character_chosen":"THE_SILENT","items_purchased":[],"campfire_rested":2,"item_purchase_floors":[],"current_hp_per_floor":[55,52,52,66,46,14,36,55,55,55,39,33,13,13,32,0],"gold":147,"neow_bonus":"REMOVE_CARD","is_prod":false,"is_daily":false,"chose_seed":false,"campfire_upgraded":0,"win_rate":0,"timestamp":1548919209,"path_taken":["M","M","$","?","?","E","?","R","T","M","E","M","E","M","R","BOSS"],"build_version":"2019-01-23","purchased_purges":1,"victory":false,"max_hp_per_floor":[66,66,66,66,66,66,66,66,66,66,66,66,66,66,66,66],"card_choices":[{"not_picked":["Deflect","Bane"],"picked":"Leg Sweep","floor":1},{"not_picked":["Underhanded Strike","Blur"],"picked":"Riddle With Holes","floor":2},{"not_picked":["Blade Dance","Dodge and Roll"],"picked":"Corpse Explosion","floor":6},{"not_picked":["Blade Dance","Flying Knee"],"picked":"Calculated Gamble","floor":10},{"not_picked":["Quick Slash","Dash"],"picked":"Catalyst","floor":11},{"not_picked":["Flying Knee","Slice"],"picked":"Doppelganger","floor":12},{"not_picked":["Infinite Blades","Predator"],"picked":"Deadly Poison","floor":13},{"not_picked":["Cloak And Dagger","Dagger Throw"],"picked":"Backflip","floor":14}],"player_experience":459726,"relics_obtained":[{"floor":6,"key":"Art of War"},{"floor":9,"key":"The Specimen"},{"floor":11,"key":"Ginger"},{"floor":13,"key":"Bird Faced Urn"}],"event_choices":[{"damage_healed":16,"gold_gain":0,"player_choice":"Healed","damage_taken":0,"max_hp_gain":0,"max_hp_loss":0,"event_name":"The Cleric","floor":4,"gold_loss":35},{"damage_healed":0,"gold_gain":0,"player_choice":"Entered Light","damage_taken":20,"max_hp_gain":0,"max_hp_loss":0,"event_name":"Shining Light","floor":5,"gold_loss":0,"cards_upgraded":["Leg Sweep","Defend_G"]},{"damage_healed":22,"gold_gain":0,"player_choice":"Banana","damage_taken":0,"max_hp_gain":0,"max_hp_loss":0,"event_name":"Big Fish","floor":7,"gold_loss":0}],"is_beta":false,"boss_relics":[],"items_purged_floors":[3],"is_endless":false,"potions_floor_spawned":[2,6,12,14],"killed_by":"Slime Boss","ascension_level":17}