{"path_per_floor":["M","$","M","M","?","M","R","M","T","M","$","?","E","M","R","B",null,"M","$","M","M","?","R","M","R","T","?","R","M","?","?","R"],"character_chosen":"IRONCLAD","items_purchased":["Anger","Armaments","Intimidate","Pen Nib","Inflame","Pummel"],"gold_per_floor":[216,67,87,101,101,120,120,136,189,205,51,51,84,101,101,196,196,214,32,46,66,66,66,81,81,105,30,30,48,48,48,48],"floor_reached":33,"campfire_rested":4,"playtime":2192,"current_hp_per_floor":[80,80,80,79,79,80,80,80,80,80,80,80,53,58,80,66,80,78,78,47,38,38,62,51,75,75,75,75,49,49,34,59],"items_purged":["Strike_R"],"gold":48,"score":249,"play_id":"8f106682-529d-43ae-9194-e33f944468f5","local_time":"20180306105036","is_prod":false,"is_daily":false,"is_ascension_mode":false,"campfire_upgraded":2,"timestamp":1520329836,"path_taken":["M","$","M","M","?","M","R","M","T","M","$","?","E","M","R","BOSS","M","$","M","M","?","R","M","R","T","?","R","?","?","?","R","BOSS"],"build_version":"2018-03-01-PROD1","purchased_purges":1,"victory":false,"master_deck":["Strike_R+1","Strike_R+1","Strike_R+1","Strike_R+1","Defend_R+1","Defend_R+1","Defend_R+1","Defend_R+1","Bash","Thunderclap","Anger+1","Armaments+1","Intimidate","Battle Trance","Pommel Strike+1","Thunderclap","Flex","Anger","Shrug It Off","Fire Breathing","Offering","Dual Wield","Anger","Metallicize","Infernal Blade","Clash","Cleave","Inflame+1","Pummel","Demon Form","Metallicize+1","Flex"],"max_hp_per_floor":[80,80,80,80,80,80,80,80,80,80,80,80,80,80,80,80,80,80,80,80,80,80,80,80,80,80,80,80,80,80,85,85],"relics":["Burning Blood","Whetstone","Pen Nib","Shuriken","Orrery","Nloth\u0027s Gift","Prayer Wheel"],"card_choices":[{"not_picked":["Dual Wield","Fire Breathing"],"picked":"Thunderclap"},{"not_picked":["Whirlwind","Clash"],"picked":"Battle Trance"},{"not_picked":["Thunderclap","Feed"],"picked":"Pommel Strike"},{"not_picked":["Body Slam","Carnage"],"picked":"Thunderclap"},{"not_picked":["Clothesline","Reckless Charge"],"picked":"Flex"},{"not_picked":["Sever Soul","Rage"],"picked":"Anger"},{"not_picked":["Searing Blow","Evolve"],"picked":"Shrug It Off"},{"not_picked":["Burning Pact","Clothesline"],"picked":"Fire Breathing"},{"not_picked":["Brutality","Bludgeon"],"picked":"Offering"},{"not_picked":["Rage","Havoc"],"picked":"Dual Wield"},{"not_picked":["Dual Wield","Clothesline"],"picked":"Anger"},{"not_picked":["Corruption","Twin Strike"],"picked":"Metallicize"},{"not_picked":["Flame Barrier","Disarm"],"picked":"Infernal Blade"},{"not_picked":["Evolve","Whirlwind"],"picked":"Clash"},{"not_picked":["Anger","Sword Boomerang"],"picked":"Cleave"},{"not_picked":["Searing Blow","Body Slam"],"picked":"Demon Form"},{"not_picked":["Cleave","Bloodletting"],"picked":"Metallicize"},{"not_picked":["True Grit","Sever Soul"],"picked":"Flex"}],"player_experience":67354,"potions_floor_usage":[10,16,20,24,29,29,33],"damage_taken":[{"damage":6,"enemies":"Jaw Worm","floor":1,"turns":4},{"damage":2,"enemies":"Cultist","floor":3,"turns":4},{"damage":7,"enemies":"2 Louse","floor":4,"turns":3},{"damage":2,"enemies":"Looter","floor":6,"turns":3},{"damage":5,"enemies":"Exordium Wildlife","floor":8,"turns":3},{"damage":0,"enemies":"Gremlin Gang","floor":10,"turns":3},{"damage":33,"enemies":"Gremlin Nob","floor":13,"turns":4},{"damage":1,"enemies":"Blue Slaver","floor":14,"turns":3},{"damage":35,"enemies":"Slime Boss","floor":16,"turns":8},{"damage":8,"enemies":"3 Byrds","floor":18,"turns":4},{"damage":37,"enemies":"Spheric Guardian","floor":20,"turns":4},{"damage":15,"enemies":"Snake Plant","floor":21,"turns":3},{"damage":17,"enemies":"Slaver and Parasite","floor":24,"turns":6},{"damage":32,"enemies":"Cultist and Chosen","floor":29,"turns":7},{"damage":63,"enemies":"Automaton","floor":33,"turns":6}],"event_choices":[{"event_name":"Accursed Blacksmith","player_choice":"Forge","floor":5,"damage_taken":0},{"event_name":"Big Fish","player_choice":"Box","floor":12,"damage_taken":0},{"event_name":"N\u0027loth","player_choice":"Traded a Ginger","floor":22,"damage_taken":0},{"event_name":"Beggar","player_choice":"Gave Gold","floor":27,"damage_taken":0},{"event_name":"Back to Basics","player_choice":"Simplicity","floor":30,"damage_taken":0},{"event_name":"Forgotten Altar","player_choice":"Shed Blood","floor":31,"damage_taken":0}],"boss_relics":[{"not_picked":["Runic Cube","Eternal Feather"],"picked":"Orrery"}],"potions_floor_spawned":[3,8,13,16,20,24,29],"seed_played":"-1569675365923043136","killed_by":"Automaton","ascension_level":0,"is_trial":false}