{"gold_per_floor":[118,129,141,216,216,216,246,246,272,272,272,272,272,291,291,291],"floor_reached":16,"playtime":812,"items_purged":[],"score":196,"play_id":"fdc1b094-0246-4b9b-9c5a-b31edefa2bab","local_time":"20181014212758","is_ascension_mode":true,"campfire_choices":[{"data":"All Out Attack","floor":6.0,"key":"SMITH"},{"data":"Neutralize","floor":8.0,"key":"SMITH"},{"data":"Cloak And Dagger","floor":10.0,"key":"SMITH"},{"data":"Cloak And Dagger","floor":15,"key":"SMITH"}],"neow_cost":"","seed_source_timestamp":131906170137126,"circlet_count":0,"master_deck":["Defend_G","Defend_G+1","Defend_G+1","Defend_G","Defend_G","Strike_G","Strike_G","Strike_G","Strike_G","Survivor","Neutralize+1","AscendersBane","Slice","All Out Attack+1","Cloak And Dagger+1","Infinite Blades","Cloak And Dagger+1"],"special_seed":0,"relics":["Ring of the Snake","War Paint","Art of War"],"potions_floor_usage":[16,16],"damage_taken":[{"damage":4.0,"enemies":"Jaw Worm","floor":1.0,"turns":6.0},{"damage":0.0,"enemies":"2 Louse","floor":2.0,"turns":3.0},{"damage":0.0,"enemies":"Small Slimes","floor":3.0,"turns":5.0},{"damage":16.0,"enemies":"3 Sentries","floor":7.0,"turns":6.0},{"damage":0,"enemies":"2 Fungi Beasts","floor":14,"turns":3},{"damage":19,"enemies":"Hexaghost","floor":16,"turns":11}],"seed_played":"-3086480022325013161","potions_obtained":[{"floor":5.0,"key":"SkillPotion"},{"floor":5.0,"key":"GhostInAJar"},{"floor":7.0,"key":"EssenceOfSteel"}],"is_trial":false,"path_per_floor":["M","M","M","?","?","R","E","R","T","R","?","?","?","M","R"],"character_chosen":"THE_SILENT","items_purchased":[],"campfire_rested":0,"item_purchase_floors":[],"current_hp_per_floor":[55,55,55,44,44,44,28,28,28,28,28,19,19,19,19,0],"gold":291,"neow_bonus":"","is_prod":false,"is_daily":false,"chose_seed":false,"campfire_upgraded":4,"win_rate":0,"timestamp":1539545278,"path_taken":["M","M","M","?","?","R","E","R","T","R","?","?","?","?","R","BOSS"],"build_version":"2018-10-11","purchased_purges":0,"victory":false,"max_hp_per_floor":[66,66,66,66,66,66,66,66,66,66,66,66,66,66,66,66],"card_choices":[{"not_picked":["Deadly Poison","Caltrops"],"picked":"Slice","floor":1.0},{"not_picked":["Bane","Deadly Poison"],"picked":"All Out Attack","floor":2.0},{"not_picked":["Acrobatics","All Out Attack"],"picked":"Cloak And Dagger","floor":3.0},{"not_picked":["Calculated Gamble","Blade Dance"],"picked":"Infinite Blades","floor":7.0},{"not_picked":["Bane","Catalyst"],"picked":"Cloak And Dagger","floor":14}],"player_experience":1441208,"relics_obtained":[{"floor":7.0,"key":"War Paint"},{"floor":9.0,"key":"Art of War"}],"event_choices":[{"event_name":"World of Goop","player_choice":"Gather Gold","floor":4.0,"damage_taken":0.0},{"event_name":"The Lab","player_choice":"Got Potions","floor":5.0,"damage_taken":0.0},{"event_name":"Liars Game","player_choice":"disagreed","floor":11.0,"damage_taken":0.0},{"event_name":"Wheel of Change","player_choice":"Damage","floor":12.0,"damage_taken":0.0},{"event_name":"Bonfire Elementals","player_choice":"BASIC","floor":13.0,"damage_taken":0.0}],"is_beta":false,"boss_relics":[],"items_purged_floors":[],"is_endless":false,"potions_floor_spawned":[7,14],"killed_by":"Hexaghost","ascension_level":20}