{"gold_per_floor":[116,127,206,206,220,264,264,308,308,308,329,353,53,77,77,167,167,187,202,218,232,157,157,188,188,213,229,279,293,293,317,317,410,410,430,430,453,40,0,0],"floor_reached":40,"playtime":1833,"items_purged":["Iron Wave"],"score":823,"play_id":"319038be-1cee-41e6-9be9-bc51dc5ab781","local_time":"20181018180854","daily_mods":["SealedDeck","Heirloom"],"is_ascension_mode":true,"campfire_choices":[{"data":"Rampage","floor":7.0,"key":"SMITH"},{"data":"Armaments","floor":10.0,"key":"SMITH"},{"data":"True Grit","floor":15.0,"key":"SMITH"},{"floor":23.0,"key":"DIG"},{"data":"Limit Break","floor":25.0,"key":"SMITH"},{"floor":30,"key":"REST"},{"data":"Whirlwind","floor":32,"key":"SMITH"}],"neow_cost":"","seed_source_timestamp":0,"circlet_count":0,"master_deck":["AscendersBane","Pommel Strike","Wild Strike","Evolve","Armaments+1","Rampage+1","Disarm","Ghostly Armor","Shockwave","Spot Weakness","True Grit+1","Flame Barrier","Limit Break+1","Power Through+1","Heavy Blade+1","Dark Embrace+1","Clothesline","Inflame","Shrug It Off","Whirlwind+1","True Grit+1"],"special_seed":0,"relics":["Burning Blood","Shovel","Golden Idol","Singing Bowl","Dream Catcher","Meat on the Bone","Gremlin Horn","Astrolabe","Art of War","Mercury Hourglass","Blood Vial","Eternal Feather","Happy Flower","Sling","Red Mask"],"potions_floor_usage":[33],"damage_taken":[{"damage":7.0,"enemies":"2 Louse","floor":1.0,"turns":2.0},{"damage":7.0,"enemies":"Small Slimes","floor":2.0,"turns":4.0},{"damage":0.0,"enemies":"Jaw Worm","floor":5.0,"turns":2.0},{"damage":20.0,"enemies":"3 Sentries","floor":6.0,"turns":7.0},{"damage":20.0,"enemies":"Gremlin Nob","floor":8.0,"turns":5.0},{"damage":0.0,"enemies":"Exordium Wildlife","floor":11.0,"turns":3.0},{"damage":0.0,"enemies":"Looter","floor":12.0,"turns":4.0},{"damage":0.0,"enemies":"Red Slaver","floor":14.0,"turns":4.0},{"damage":32.0,"enemies":"Slime Boss","floor":16.0,"turns":10.0},{"damage":9.0,"enemies":"Shell Parasite","floor":18.0,"turns":9.0},{"damage":17.0,"enemies":"Spheric Guardian","floor":19.0,"turns":5.0},{"damage":25.0,"enemies":"Centurion and Healer","floor":20.0,"turns":7.0},{"damage":48.0,"enemies":"Cultist and Chosen","floor":21.0,"turns":8.0},{"damage":26.0,"enemies":"Book of Stabbing","floor":24.0,"turns":7.0},{"damage":15.0,"enemies":"Snake Plant","floor":27.0,"turns":5.0},{"damage":35,"enemies":"Shelled Parasite and Fungi","floor":29,"turns":3},{"damage":0,"enemies":"Centurion and Healer","floor":31,"turns":6},{"damage":16,"enemies":"Automaton","floor":33,"turns":6},{"damage":28,"enemies":"3 Darklings","floor":35,"turns":4},{"damage":16,"enemies":"Orb Walker","floor":37,"turns":5},{"damage":76,"enemies":"2 Orb Walkers","floor":40,"turns":4}],"seed_played":"-3940454884506578003","potions_obtained":[{"floor":1.0,"key":"EssenceOfSteel"},{"floor":2.0,"key":"EssenceOfSteel"},{"floor":12.0,"key":"AttackPotion"},{"floor":14.0,"key":"Strength Potion"},{"floor":19.0,"key":"Regen Potion"},{"floor":21.0,"key":"BloodPotion"},{"floor":24.0,"key":"FairyPotion"},{"floor":27.0,"key":"PowerPotion"},{"floor":33,"key":"Strength Potion"}],"is_trial":true,"path_per_floor":["M","M","?","?","M","E","R","E","T","R","M","M","$","M","R","B",null,"M","M","M","M","$","R","E","R","T","M","?","M","R","M","R","B",null,"M","?","M","$","?"],"character_chosen":"IRONCLAD","items_purchased":["Gremlin Horn","Happy Flower","Sling"],"campfire_rested":1,"item_purchase_floors":[13,38,38],"current_hp_per_floor":[67,66,66,66,68,54,54,40,40,40,48,56,56,64,64,50,68,67,58,51,21,21,21,35,35,35,40,40,27,53,61,61,55,77,57,57,51,51,51,0],"gold":0,"neow_bonus":"","is_prod":false,"is_daily":false,"chose_seed":false,"campfire_upgraded":5,"win_rate":0,"timestamp":1539878934,"path_taken":["M","M","?","?","M","E","R","E","T","R","M","?","$","M","R","BOSS","M","M","M","M","$","R","E","R","T","M","?","M","R","M","R","BOSS","M","?","M","$","?","E"],"build_version":"2018-10-11","purchased_purges":1,"victory":false,"max_hp_per_floor":[75,75,75,68,68,68,68,68,68,68,70,72,72,74,74,74,74,76,78,78,78,78,78,78,78,78,78,78,80,82,82,82,84,84,84,84,86,86,86,86],"card_choices":[{"not_picked":["Carnage","Clothesline"],"picked":"Ghostly Armor","floor":1.0},{"not_picked":["Wild Strike","Twin Strike"],"picked":"Shockwave","floor":2.0},{"not_picked":["Heavy Blade","Iron Wave"],"picked":"Spot Weakness","floor":5.0},{"not_picked":["Thunderclap","Perfected Strike"],"picked":"True Grit","floor":6.0},{"not_picked":["Flex","Feed"],"picked":"Flame Barrier","floor":8.0},{"not_picked":["Flex","Blood for Blood","Cleave"],"picked":"Singing Bowl","floor":11.0},{"not_picked":["Reckless Charge","Rampage","Body Slam"],"picked":"Singing Bowl","floor":12.0},{"not_picked":["Armaments","Cleave","Warcry"],"picked":"Singing Bowl","floor":14.0},{"not_picked":["Bludgeon","Demon Form"],"picked":"Limit Break","floor":16.0},{"not_picked":["Carnage","Warcry","Heavy Blade"],"picked":"Singing Bowl","floor":18.0},{"not_picked":["Carnage","Wild Strike","Anger"],"picked":"Singing Bowl","floor":19.0},{"not_picked":["Shockwave","Iron Wave"],"picked":"Twin Strike","floor":20.0},{"not_picked":["Havoc","Blood for Blood"],"picked":"Clothesline","floor":21.0},{"not_picked":["Carnage","Evolve+1"],"picked":"Inflame","floor":24.0},{"not_picked":["Twin Strike","Warcry"],"picked":"Shrug It Off","floor":27.0},{"not_picked":["Flex","Intimidate","Warcry"],"picked":"Singing Bowl","floor":29},{"not_picked":["Fire Breathing","Sentinel","Armaments"],"picked":"Singing Bowl","floor":30},{"not_picked":["Sword Boomerang","Evolve"],"picked":"Whirlwind","floor":31},{"not_picked":["Dark Embrace","Barricade","Feed"],"picked":"Singing Bowl","floor":33},{"not_picked":["Sword Boomerang","Cleave"],"picked":"True Grit+1","floor":35},{"not_picked":["Iron Wave+1","Hemokinesis","Thunderclap+1"],"picked":"Singing Bowl","floor":37}],"player_experience":1003384,"relics_obtained":[{"floor":6.0,"key":"Singing Bowl"},{"floor":8.0,"key":"Dream Catcher"},{"floor":9.0,"key":"Meat on the Bone"},{"floor":23.0,"key":"Art of War"},{"floor":24.0,"key":"Mercury Hourglass"},{"floor":26.0,"key":"Blood Vial"}],"event_choices":[{"event_name":"Golden Wing","player_choice":"Gained Gold","floor":3.0,"damage_taken":0.0},{"event_name":"Golden Idol","player_choice":"Lose Max HP","floor":4.0,"damage_taken":0.0},{"event_name":"Nest","player_choice":"Stole From Cult","floor":28.0,"damage_taken":0.0},{"event_name":"Falling","player_choice":"Removed Attack","floor":36,"damage_taken":0},{"event_name":"Tomb of Lord Red Mask","player_choice":"Paid","floor":39,"damage_taken":0}],"is_beta":false,"boss_relics":[{"not_picked":["Runic Cube","Orrery"],"picked":"Astrolabe"},{"not_picked":["Coffee Dripper","Empty Cage"],"picked":"Eternal Feather"}],"items_purged_floors":[22],"is_endless":false,"potions_floor_spawned":[1,2,12,14,16,19,21,24,27,29,33,35],"killed_by":"2 Orb Walkers","ascension_level":17}