{"gold_per_floor":[112,124,140,90,110,110,35,65,137,137,148,175,175,175,175,274,274,289,289,289,289,301,301,226,245,271,96,96,113,113,131,131,232,232,245,262,262,278,288,288,288],"floor_reached":41,"playtime":2233,"items_purged":["Strike_G","Decay"],"score":509,"play_id":"9200a4d4-fcda-43e4-a63e-e0868817c74f","local_time":"20190116033217","is_ascension_mode":true,"campfire_choices":[{"data":"Doppelganger","floor":6,"key":"SMITH"},{"data":"Neutralize","floor":15,"key":"SMITH"},{"data":"Flechettes","floor":23,"key":"SMITH"},{"data":"Bouncing Flask","floor":28,"key":"SMITH"},{"data":"Survivor","floor":32,"key":"SMITH"},{"floor":40,"key":"REST"}],"neow_cost":"CURSE","seed_source_timestamp":128864851807707,"circlet_count":0,"master_deck":["Defend_G","Defend_G","Defend_G","Defend_G","Defend_G","Survivor+1","Neutralize+1","Flechettes+1","Doppelganger+1","Poisoned Stab","Bouncing Flask+1","PiercingWail","Dagger Throw","Crippling Poison","Dodge and Roll+1","Acrobatics+1","Corpse Explosion+1","Envenom+1","Writhe","Cloak And Dagger+1","Bite","Bite","Bite","Bite","Bite","Heel Hook+1","Terror+1","Bullet Time+1","Dash+1","Corpse Explosion+1","Dash+1","Apotheosis+1","Dash+1","PiercingWail+1"],"relics":["Ring of the Snake","WingedGreaves","Bottled Lightning","Toxic Egg 2","Oddly Smooth Stone","Calling Bell","Juzu Bracelet","Sundial","Tingsha","Centennial Puzzle","Ancient Tea Set","Eternal Feather"],"potions_floor_usage":[16,16,25,25,39],"damage_taken":[{"damage":0,"enemies":"Small Slimes","floor":1,"turns":4},{"damage":0,"enemies":"Jaw Worm","floor":2,"turns":3},{"damage":0,"enemies":"Cultist","floor":3,"turns":4},{"damage":7,"enemies":"Exordium Thugs","floor":5,"turns":5},{"damage":33,"enemies":"3 Sentries","floor":8,"turns":9},{"damage":11,"enemies":"3 Louse","floor":11,"turns":3},{"damage":2,"enemies":"Lagavulin","floor":12,"turns":5},{"damage":9,"enemies":"Slime Boss","floor":16,"turns":8},{"damage":34,"enemies":"Chosen","floor":18,"turns":6},{"damage":29,"enemies":"Spheric Guardian","floor":22,"turns":8},{"damage":1,"enemies":"Snake Plant","floor":25,"turns":3},{"damage":0,"enemies":"Snecko","floor":29,"turns":4},{"damage":6,"enemies":"Cultist and Chosen","floor":31,"turns":6},{"damage":35,"enemies":"Collector","floor":33,"turns":6},{"damage":0,"enemies":"3 Shapes","floor":35,"turns":1},{"damage":17,"enemies":"Orb Walker","floor":36,"turns":5},{"damage":31,"enemies":"Jaw Worm Horde","floor":38,"turns":2},{"damage":15,"enemies":"Spire Growth","floor":39,"turns":7},{"damage":89,"enemies":"Giant Head","floor":41,"turns":7}],"seed_played":"1612879778472885886","potions_obtained":[{"floor":3,"key":"FairyPotion"},{"floor":8,"key":"Fire Potion"},{"floor":11,"key":"Energy Potion"},{"floor":18,"key":"GamblersBrew"},{"floor":22,"key":"GamblersBrew"},{"floor":33,"key":"Poison Potion"},{"floor":36,"key":"GhostInAJar"},{"floor":38,"key":"PowerPotion"}],"is_trial":false,"path_per_floor":["M","M","M","?","M","R","$","E","T","T","M","E","T","?","R","B",null,"M","?","?","?","M","R","?","M","T","$","R","M","$","M","R","B",null,"M","M","?","M","M","R","E"],"character_chosen":"THE_SILENT","items_purchased":["Bullet Time+1"],"campfire_rested":1,"item_purchase_floors":[27],"current_hp_per_floor":[70,70,70,70,63,63,63,30,30,30,19,17,17,17,17,8,70,36,36,36,36,21,21,21,24,24,24,24,34,34,36,36,13,49,49,32,32,5,7,39,0],"gold":288,"neow_bonus":"TRANSFORM_TWO_CARDS","is_prod":false,"is_daily":false,"chose_seed":false,"campfire_upgraded":5,"win_rate":0,"timestamp":1547605937,"path_taken":["M","M","M","?","M","R","?","E","T","?","?","E","?","?","R","BOSS","M","?","?","?","M","R","?","M","T","$","R","M","$","M","R","BOSS","M","M","?","M","M","R","E"],"build_version":"2019-01-10","purchased_purges":2,"victory":false,"max_hp_per_floor":[70,70,70,70,70,70,70,70,70,70,70,70,70,70,70,70,70,70,49,49,49,49,49,49,49,49,49,49,49,49,49,49,49,49,49,49,49,49,49,49,49],"card_choices":[{"not_picked":["Sucker Punch","Bane"],"picked":"Poisoned Stab","floor":1},{"not_picked":["Underhanded Strike","Dagger Throw"],"picked":"Bouncing Flask","floor":2},{"not_picked":["Concentrate","Heel Hook"],"picked":"PiercingWail","floor":3},{"not_picked":["Blade Dance","Reflex"],"picked":"Dagger Throw","floor":5},{"not_picked":["Heel Hook","A Thousand Cuts"],"picked":"Crippling Poison","floor":8},{"not_picked":["Eviscerate","Concentrate+1"],"picked":"Dodge and Roll+1","floor":11},{"not_picked":["Endless Agony","Heel Hook"],"picked":"Acrobatics+1","floor":12},{"not_picked":["Storm of Steel+1","Bullet Time+1"],"picked":"Envenom","floor":16},{"not_picked":["Distraction+1","Backstab"],"picked":"Cloak And Dagger+1","floor":18},{"not_picked":["Masterful Stab","Slice+1"],"picked":"Heel Hook+1","floor":22},{"not_picked":["Dagger Spray+1","Dagger Throw"],"picked":"Terror+1","floor":25},{"not_picked":["Concentrate+1","Flechettes"],"picked":"Dash+1","floor":29},{"not_picked":["Dagger Spray","Dagger Throw","Quick Slash"],"picked":"SKIP","floor":31},{"not_picked":["Envenom","Die Die Die"],"picked":"Corpse Explosion+1","floor":33},{"not_picked":["Cloak And Dagger+1","Poisoned Stab+1"],"picked":"Dash+1","floor":35},{"not_picked":["Dagger Throw+1","Acrobatics+1","Flying Knee"],"picked":"SKIP","floor":36},{"not_picked":["Secret Weapon+1","Panacea+1"],"picked":"Apotheosis+1","floor":37},{"not_picked":["Flying Knee","Sucker Punch"],"picked":"Dash+1","floor":38},{"not_picked":["Cloak And Dagger+1","All Out Attack+1"],"picked":"PiercingWail+1","floor":39}],"player_experience":185684,"relics_obtained":[{"floor":8,"key":"WingedGreaves"},{"floor":9,"key":"Bottled Lightning"},{"floor":10,"key":"Toxic Egg 2"},{"floor":12,"key":"Oddly Smooth Stone"},{"floor":17,"key":"Juzu Bracelet"},{"floor":17,"key":"Sundial"},{"floor":17,"key":"Tingsha"},{"floor":26,"key":"Ancient Tea Set"}],"event_choices":[{"cards_removed":["Doubt"],"damage_healed":0,"gold_gain":0,"player_choice":"Card Removal","damage_taken":0,"max_hp_gain":0,"max_hp_loss":0,"event_name":"The Cleric","floor":4,"gold_loss":50},{"damage_healed":0,"gold_gain":0,"cards_transformed":["Strike_G"],"player_choice":"Change","damage_taken":0,"max_hp_gain":0,"max_hp_loss":0,"event_name":"Living Wall","floor":14,"gold_loss":0,"cards_obtained":["Corpse Explosion"]},{"damage_healed":0,"gold_gain":0,"player_choice":"Became a vampire","damage_taken":0,"max_hp_gain":0,"max_hp_loss":21,"event_name":"Vampires","floor":19,"gold_loss":0,"cards_obtained":["Bite","Bite","Bite","Bite","Bite"]},{"damage_healed":0,"gold_gain":0,"player_choice":"Upgraded","damage_taken":0,"max_hp_gain":0,"max_hp_loss":0,"event_name":"Upgrade Shrine","floor":20,"gold_loss":0,"cards_upgraded":["Envenom"]},{"damage_healed":0,"gold_gain":0,"player_choice":"Opened","damage_taken":0,"relics_obtained":["Centennial Puzzle"],"max_hp_gain":0,"max_hp_loss":0,"event_name":"The Mausoleum","floor":21,"gold_loss":0},{"cards_removed":["Decay"],"damage_healed":0,"gold_gain":0,"player_choice":"Gave Gold","damage_taken":0,"max_hp_gain":0,"max_hp_loss":0,"event_name":"Beggar","floor":24,"gold_loss":75},{"damage_healed":0,"gold_gain":0,"player_choice":"Memory 1","damage_taken":0,"max_hp_gain":0,"max_hp_loss":0,"event_name":"SensoryStone","floor":37,"gold_loss":0}],"is_beta":false,"boss_relics":[{"not_picked":["WristBlade","White Beast Statue"],"picked":"Calling Bell"},{"not_picked":["Black Star","Velvet Choker"],"picked":"Eternal Feather"}],"items_purged_floors":[7,27],"is_endless":false,"potions_floor_spawned":[3,8,11,18,22,33,36,38],"killed_by":"Giant Head","ascension_level":4}