{"gold_per_floor":[112,35,50,64,14,14,44,44,44,44,44,44,60,60,60,133,133,99,24,24,38,38,38,48,48,72,72,122,147,147,159,159,234,234,249,249,52,62,62,90,90,116,142,142,159,459,459,470,470,470],"floor_reached":51,"playtime":3131,"items_purged":["Parasite"],"score":1721,"play_id":"eae7d7ea-8abc-460b-b46d-a90ce267eef7","local_time":"20180709100908","is_ascension_mode":true,"campfire_choices":[{"data":"True Grit","floor":6.0,"key":"SMITH"},{"floor":8.0,"key":"REST"},{"data":"Metallicize","floor":11.0,"key":"SMITH"},{"floor":15.0,"key":"REST"},{"floor":23.0,"key":"REST"},{"data":"Disarm","floor":25.0,"key":"SMITH"},{"data":"Feel No Pain","floor":30.0,"key":"SMITH"},{"floor":32.0,"key":"REST"},{"data":"Pommel Strike","floor":41,"key":"SMITH"},{"floor":49,"key":"REST"}],"neow_cost":"","seed_source_timestamp":0,"circlet_count":0,"master_deck":["Strike_R","Strike_R","Strike_R","Defend_R+1","Defend_R","Defend_R","Bash+1","AscendersBane","True Grit+1","Metallicize+1","Feel No Pain","Disarm+1","Shrug It Off","Infernal Blade","Dropkick","Dropkick","Shrug It Off","Ghostly Armor+1","Feel No Pain+1","Dual Wield+1","Barricade","Body Slam+1","Headbutt","Feel No Pain+1","Pommel Strike+1","Dropkick","Headbutt+1","Battle Trance+1","True Grit+1"],"special_seed":0,"relics":["White Beast Statue","Gremlin Horn","Pear","Runic Dome","Nilry\u0027s Codex","Happy Flower","Bottled Flame","Sozu","Juzu Bracelet","Prayer Wheel","Bird Faced Urn","Strawberry","Ice Cream"],"potions_floor_usage":[35,35],"damage_taken":[{"damage":6.0,"enemies":"Cultist","floor":1.0,"turns":4.0},{"damage":0.0,"enemies":"Small Slimes","floor":3.0,"turns":4.0},{"damage":4.0,"enemies":"2 Louse","floor":4.0,"turns":4.0},{"damage":49.0,"enemies":"Gremlin Nob","floor":7.0,"turns":6.0},{"damage":0.0,"enemies":"Large Slime","floor":13.0,"turns":4.0},{"damage":30.0,"enemies":"The Guardian","floor":16.0,"turns":18.0},{"damage":17.0,"enemies":"2 Thieves","floor":18.0,"turns":5.0},{"damage":7.0,"enemies":"Shell Parasite","floor":21.0,"turns":6.0},{"damage":14.0,"enemies":"Cultist and Chosen","floor":24.0,"turns":8.0},{"damage":8.0,"enemies":"Book of Stabbing","floor":29.0,"turns":12.0},{"damage":6.0,"enemies":"Centurion and Healer","floor":31.0,"turns":6.0},{"damage":3.0,"enemies":"Champ","floor":33.0,"turns":28.0},{"damage":22,"enemies":"Flame Bruiser 1 Orb","floor":35,"turns":9},{"damage":18,"enemies":"3 Darklings","floor":38,"turns":7},{"damage":0,"enemies":"Giant Head","floor":40,"turns":7},{"damage":36,"enemies":"Nemesis","floor":42,"turns":53},{"damage":14,"enemies":"Sphere and 2 Shapes","floor":45,"turns":6},{"damage":31,"floor":47,"turns":6},{"damage":6,"enemies":"Spire Growth","floor":48,"turns":4},{"damage":42,"enemies":"Time Eater","floor":50,"turns":16}],"seed_played":"-4793910884469812624","potions_obtained":[{"floor":1.0,"key":"GamblersBrew"},{"floor":3.0,"key":"GamblersBrew"},{"floor":4.0,"key":"Swift Potion"},{"floor":7.0,"key":"Explosive Potion"},{"floor":13.0,"key":"Weak Potion"},{"floor":18.0,"key":"Swift Potion"},{"floor":29.0,"key":"AttackPotion"}],"is_trial":false,"path_per_floor":["M","$","M","M","$","R","E","R","T","?","R","?","M","?","R","B",null,"M","$","?","M","?","R","M","R","T","?","?","E","R","M","R","B",null,"M","?","$","M","?","E","R","E","T","$","M","?","?","M","R","B"],"character_chosen":"IRONCLAD","items_purchased":["Metallicize","Shrug It Off","Juzu Bracelet","Headbutt"],"campfire_rested":5,"item_purchase_floors":[],"current_hp_per_floor":[62,62,62,58,58,58,9,31,41,34,34,8,8,29,54,24,70,53,53,32,25,25,49,35,35,35,35,35,50,50,44,68,65,78,56,56,56,38,38,41,41,63,70,70,66,66,45,49,75,47],"gold":470,"neow_bonus":"","is_prod":false,"is_daily":false,"chose_seed":false,"campfire_upgraded":5,"win_rate":0,"timestamp":1531156148,"path_taken":["M","$","?","M","?","R","E","R","T","?","R","?","M","?","R","BOSS","M","$","?","M","?","R","M","R","T","?","?","E","R","M","R","BOSS","M","?","$","M","?","E","R","E","T","$","M","?","?","M","R","BOSS"],"build_version":"2018-07-05","purchased_purges":1,"victory":true,"max_hp_per_floor":[75,75,75,75,75,75,75,75,85,85,85,85,85,85,85,85,85,85,82,82,82,82,82,82,82,82,82,82,82,82,82,82,82,82,82,82,82,82,82,82,82,82,89,89,89,89,89,89,89,89],"card_choices":[{"not_picked":["Warcry","Sword Boomerang"],"picked":"True Grit","floor":1.0},{"not_picked":["True Grit","Warcry"],"picked":"Feel No Pain","floor":3.0},{"not_picked":["Inflame","Twin Strike"],"picked":"Disarm","floor":4.0},{"not_picked":["Perfected Strike","Shrug It Off"],"picked":"Infernal Blade","floor":7.0},{"not_picked":["Thunderclap","Anger"],"picked":"Dropkick","floor":13.0},{"not_picked":["Twin Strike","Sword Boomerang+1"],"picked":"Dropkick","floor":18.0},{"not_picked":["Dual Wield","Flex"],"picked":"Shrug It Off","floor":21.0},{"not_picked":["Twin Strike","Headbutt"],"picked":"Ghostly Armor+1","floor":24.0},{"not_picked":["Iron Wave","Burning Pact"],"picked":"Feel No Pain","floor":29.0},{"not_picked":["Carnage","Heavy Blade"],"picked":"Dual Wield+1","floor":31.0},{"not_picked":["Demon Form","Dark Embrace"],"picked":"Barricade","floor":33.0},{"not_picked":["Shrug It Off","Cleave"],"picked":"Body Slam+1","floor":35},{"not_picked":["Twin Strike+1","Carnage"],"picked":"Feel No Pain+1","floor":38},{"not_picked":["Fiend Fire","Bloodletting+1"],"picked":"Pommel Strike","floor":40},{"not_picked":["Wild Strike","Pommel Strike"],"picked":"Dropkick","floor":45},{"not_picked":["Cleave","Flex"],"picked":"Headbutt+1","floor":45},{"not_picked":["Dark Embrace","Thunderclap"],"picked":"Battle Trance+1","floor":48},{"not_picked":["Reckless Charge","Cleave"],"picked":"True Grit+1","floor":48}],"player_experience":536165,"relics_obtained":[{"floor":7.0,"key":"Gremlin Horn"},{"floor":9.0,"key":"Pear"},{"floor":20.0,"key":"Nilry\u0027s Codex"},{"floor":26.0,"key":"Happy Flower"},{"floor":29.0,"key":"Bottled Flame"},{"floor":40,"key":"Prayer Wheel"},{"floor":42,"key":"Bird Faced Urn"},{"floor":43,"key":"Strawberry"},{"floor":47,"key":"Ice Cream"}],"event_choices":[{"event_name":"Golden Wing","player_choice":"Card Removal","floor":10.0,"damage_taken":0.0},{"event_name":"Shining Light","player_choice":"Entered Light","floor":12.0,"damage_taken":0.0},{"event_name":"Mushrooms","player_choice":"Healed and dodged fight","floor":14.0,"damage_taken":0.0},{"event_name":"Cursed Tome","player_choice":"Obtained Book","floor":20.0,"damage_taken":0.0},{"event_name":"Drug Dealer","player_choice":"Ignored","floor":22.0,"damage_taken":0.0},{"event_name":"Bonfire Elementals","player_choice":"BASIC","floor":27.0,"damage_taken":0.0},{"event_name":"Nest","player_choice":"Stole From Cult","floor":28.0,"damage_taken":0.0},{"event_name":"Tomb of Lord Red Mask","player_choice":"Ignored","floor":36,"damage_taken":0},{"event_name":"Purifier","player_choice":"One Purge","floor":39,"damage_taken":0},{"event_name":"Wheel of Change","player_choice":"Gold","floor":46,"damage_taken":0},{"event_name":"MindBloom","player_choice":"Fight","floor":47,"damage_taken":0}],"boss_relics":[{"not_picked":["Philosopher\u0027s Stone","Ectoplasm"],"picked":"Runic Dome"},{"not_picked":["Astrolabe","Eternal Feather"],"picked":"Sozu"}],"items_purged_floors":[],"is_endless":false,"potions_floor_spawned":[1,3,4,7,13,16,18,21,24,29,31,33,35,38,40,42,45,47,48],"ascension_level":15}