{"gold_per_floor":[113,113,124,140,140,140,172,188,188,219,234,68,68,68,68,144,144,158,158,145,157,157,157,157],"floor_reached":24,"playtime":860,"items_purged":[],"score":361,"play_id":"6147873c-d81e-4c1c-ac67-3e8e90c98c60","local_time":"20180805135946","is_ascension_mode":true,"campfire_choices":[{"data":"Uppercut","floor":6,"key":"SMITH"},{"data":"Discovery","floor":13,"key":"SMITH"},{"data":"Bash","floor":15,"key":"SMITH"},{"floor":23,"key":"REST"}],"neow_cost":"NONE","seed_source_timestamp":684063047228907,"circlet_count":0,"master_deck":["Strike_R+1","Strike_R+1","Strike_R+1","Defend_R+1","Defend_R+1","Defend_R+1","Bash+1","AscendersBane","Iron Wave","True Grit+1","Uppercut+1","Anger","Disarm","Anger","Power Through","Shrug It Off","Cleave","Dropkick","Evolve","Discovery+1","Demon Form","Armaments","True Grit+1","Wild Strike"],"relics":["Orrery","Juzu Bracelet","Blue Candle","Mango","Sozu"],"potions_floor_usage":[7,7,11],"damage_taken":[{"damage":8,"enemies":"Small Slimes","floor":1,"turns":4},{"damage":0,"enemies":"Cultist","floor":3,"turns":3},{"damage":0,"enemies":"2 Louse","floor":4,"turns":3},{"damage":1,"enemies":"Gremlin Nob","floor":7,"turns":3},{"damage":10,"enemies":"Gremlin Gang","floor":8,"turns":7},{"damage":16,"enemies":"3 Sentries","floor":10,"turns":8},{"damage":0,"enemies":"Large Slime","floor":11,"turns":4},{"damage":38,"enemies":"Slime Boss","floor":16,"turns":8},{"damage":17,"enemies":"3 Byrds","floor":18,"turns":8},{"damage":20,"enemies":"2 Thieves","floor":20,"turns":4},{"damage":18,"enemies":"3 Cultists","floor":21,"turns":6},{"damage":40,"enemies":"Snake Plant","floor":24,"turns":4}],"seed_played":"5069732603061832193","potions_obtained":[{"floor":3,"key":"Fire Potion"},{"floor":4,"key":"Fire Potion"},{"floor":7,"key":"Fire Potion"}],"is_trial":false,"path_per_floor":["M","?","M","M","?","R","E","M","T","E","M","$","R","?","R","B",null,"M","?","M","M","?","R"],"character_chosen":"IRONCLAD","items_purchased":["Evolve","Discovery"],"campfire_rested":1,"item_purchase_floors":[12,12],"current_hp_per_floor":[60,60,60,60,60,60,59,49,49,47,47,47,47,47,47,9,69,52,52,32,14,14,40,0],"gold":157,"neow_bonus":"BOSS_RELIC","is_prod":false,"is_daily":false,"chose_seed":false,"campfire_upgraded":3,"win_rate":0,"timestamp":1533502786,"path_taken":["M","?","M","?","?","R","E","M","T","E","M","?","R","?","R","BOSS","M","?","M","M","?","R","M"],"build_version":"2018-08-01","purchased_purges":0,"victory":false,"max_hp_per_floor":[75,75,75,75,75,75,75,75,75,89,89,89,89,89,89,89,89,89,89,89,89,89,89,89],"card_choices":[{"not_picked":["Dark Embrace","Thunderclap"],"picked":"Iron Wave","floor":0},{"not_picked":["Feel No Pain","Pummel"],"picked":"True Grit","floor":0},{"not_picked":["Sever Soul","Sword Boomerang"],"picked":"Uppercut","floor":0},{"not_picked":["Shockwave","Corruption"],"picked":"Anger","floor":0},{"not_picked":["Havoc","Power Through"],"picked":"Disarm","floor":1},{"not_picked":["Clothesline","Iron Wave"],"picked":"Anger","floor":3},{"not_picked":["Anger","Rage"],"picked":"Power Through","floor":7},{"not_picked":["Entrench","Combust"],"picked":"Shrug It Off","floor":8},{"not_picked":["Heavy Blade","Corruption"],"picked":"Cleave","floor":10},{"not_picked":["Heavy Blade","Brutality"],"picked":"Dropkick","floor":11},{"not_picked":["Brutality","Feed"],"picked":"Demon Form","floor":16},{"not_picked":["Body Slam","Twin Strike"],"picked":"Armaments","floor":18},{"not_picked":["Havoc","Anger"],"picked":"True Grit+1","floor":20},{"not_picked":["Thunderclap","Flex"],"picked":"Wild Strike","floor":21}],"player_experience":740165,"relics_obtained":[{"floor":7,"key":"Juzu Bracelet"},{"floor":9,"key":"Blue Candle"},{"floor":10,"key":"Mango"}],"event_choices":[{"event_name":"Bonfire Elementals","player_choice":"BASIC","floor":2,"damage_taken":0},{"event_name":"Purifier","player_choice":"One Purge","floor":5,"damage_taken":0},{"event_name":"Living Wall","player_choice":"Grow","floor":14,"damage_taken":0},{"event_name":"Back to Basics","player_choice":"Simplicity","floor":19,"damage_taken":0},{"event_name":"Wheel of Change","player_choice":"Card Removal","floor":22,"damage_taken":0}],"is_beta":true,"boss_relics":[{"not_picked":["Philosopher\u0027s Stone","White Beast Statue"],"picked":"Sozu"}],"items_purged_floors":[],"is_endless":false,"potions_floor_spawned":[3,4,7,20,21],"killed_by":"Snake Plant","ascension_level":15}