{"gold_per_floor":[116,116,116,126,32,43,43,59,82,125,137,165,137,149,161,272,284,316,58,58,58,75,107,107,121,121,121,121],"floor_reached":28,"playtime":1930,"items_purged":["Tools of the Trade"],"score":299,"play_id":"02ec70ad-162f-488d-bdcb-961d2d724f31","local_time":"20190131153912","is_ascension_mode":true,"campfire_choices":[{"data":"Escape Plan","floor":7,"key":"SMITH"},{"floor":11,"key":"REST"},{"floor":15,"key":"REST"},{"floor":24,"key":"REST"},{"floor":27,"key":"REST"}],"neow_cost":"NONE","seed_source_timestamp":1195636085271032,"circlet_count":0,"master_deck":["Survivor","Neutralize+1","Bane","Expertise","Footwork","Dagger Throw","Escape Plan+1","Cloak And Dagger","Dodge and Roll","Outmaneuver","Tools of the Trade","Die Die Die","Dagger Throw","Dagger Throw","Bullet Time","Dagger Throw","Adrenaline","A Thousand Cuts","Crippling Poison","Blade Dance","Tactician","Blade Dance","Accuracy","Cloak And Dagger","Dodge and Roll+1","Backflip"],"relics":["Ring of the Snake","NeowsBlessing","MawBank","Vajra","Pandora\u0027s Box","Frozen Egg 2","Unceasing Top"],"potions_floor_usage":[14],"damage_taken":[{"damage":0,"enemies":"2 Louse","floor":1,"turns":1},{"damage":0,"enemies":"Cultist","floor":4,"turns":1},{"damage":0,"enemies":"Jaw Worm","floor":6,"turns":1},{"damage":1,"enemies":"Red Slaver","floor":8,"turns":6},{"damage":68,"enemies":"Gremlin Nob","floor":10,"turns":6},{"damage":0,"enemies":"Looter","floor":12,"turns":3},{"damage":0,"enemies":"3 Louse","floor":14,"turns":1},{"damage":24,"enemies":"The Guardian","floor":16,"turns":19},{"damage":19,"enemies":"Spheric Guardian","floor":18,"turns":5},{"damage":8,"enemies":"Shell Parasite","floor":22,"turns":4},{"damage":39,"enemies":"Gremlin Leader","floor":23,"turns":7},{"damage":18,"enemies":"Chosen and Byrds","floor":25,"turns":6},{"damage":49,"enemies":"Slavers","floor":28,"turns":3}],"seed_played":"4652476896760531005","potions_obtained":[{"floor":1,"key":"SneckoOil"},{"floor":12,"key":"Poison Potion"},{"floor":13,"key":"LiquidBronze"},{"floor":13,"key":"SteroidPotion"},{"floor":13,"key":"SmokeBomb"},{"floor":16,"key":"LiquidBronze"},{"floor":21,"key":"FairyPotion"},{"floor":25,"key":"SkillPotion"}],"is_trial":false,"path_per_floor":["M","?","?","M","$","M","R","M","T","E","R","M","?","M","R","B",null,"M","$","?","?","M","E","R","M","T","R","E"],"character_chosen":"THE_SILENT","items_purchased":["Footwork","Dagger Throw","Tactician","Blade Dance","Accuracy"],"campfire_rested":4,"item_purchase_floors":[5,5,19,19,19],"current_hp_per_floor":[70,70,70,70,70,70,70,69,69,1,22,22,22,22,43,19,70,51,51,51,51,43,4,25,7,7,28,0],"gold":121,"neow_bonus":"THREE_ENEMY_KILL","is_prod":false,"is_daily":false,"chose_seed":false,"campfire_upgraded":1,"win_rate":0,"timestamp":1548945552,"path_taken":["M","?","?","M","$","?","R","M","T","E","R","M","?","M","R","BOSS","M","$","?","?","M","E","R","?","T","R","E"],"build_version":"2019-01-23","purchased_purges":1,"victory":false,"max_hp_per_floor":[70,70,70,70,70,70,70,70,70,70,70,70,70,70,70,70,70,70,70,70,70,70,70,70,70,70,70,70],"card_choices":[{"not_picked":["Accuracy","Riddle With Holes"],"picked":"Bane","floor":1},{"not_picked":["Riddle With Holes","Deadly Poison"],"picked":"Expertise","floor":4},{"not_picked":["Quick Slash","Flechettes"],"picked":"Escape Plan","floor":6},{"not_picked":["Deflect","Flying Knee"],"picked":"Cloak And Dagger","floor":8},{"not_picked":["Accuracy","Underhanded Strike"],"picked":"Dodge and Roll","floor":10},{"not_picked":["Flying Knee","Slice"],"picked":"Outmaneuver","floor":12},{"not_picked":["Venomology","Doppelganger"],"picked":"Tools of the Trade","floor":16},{"not_picked":["Sucker Punch+1","Catalyst"],"picked":"Blade Dance","floor":18},{"not_picked":["Heel Hook","Flying Knee"],"picked":"Cloak And Dagger","floor":22},{"not_picked":["Quick Slash","Flying Knee+1"],"picked":"Dodge and Roll+1","floor":23},{"not_picked":["Poisoned Stab","Deflect"],"picked":"Backflip","floor":25}],"player_experience":463668,"relics_obtained":[{"floor":9,"key":"MawBank"},{"floor":10,"key":"Vajra"},{"floor":23,"key":"Frozen Egg 2"},{"floor":26,"key":"Unceasing Top"}],"event_choices":[{"cards_removed":["Strike_G"],"damage_healed":0,"gold_gain":0,"player_choice":"Forget","damage_taken":0,"max_hp_gain":0,"max_hp_loss":0,"event_name":"Living Wall","floor":2,"gold_loss":0},{"damage_healed":0,"gold_gain":0,"player_choice":"Upgraded","damage_taken":0,"max_hp_gain":0,"max_hp_loss":0,"event_name":"Upgrade Shrine","floor":3,"gold_loss":0,"cards_upgraded":["Neutralize"]},{"damage_healed":0,"gold_gain":0,"player_choice":"Bought 3 Potions","damage_taken":0,"max_hp_gain":0,"max_hp_loss":0,"event_name":"The Woman in Blue","floor":13,"gold_loss":0},{"damage_healed":0,"gold_gain":0,"player_choice":"Ignored","damage_taken":0,"max_hp_gain":0,"max_hp_loss":0,"event_name":"Vampires","floor":20,"gold_loss":0},{"damage_healed":0,"gold_gain":0,"player_choice":"Got Potions","damage_taken":0,"max_hp_gain":0,"max_hp_loss":0,"event_name":"Lab","floor":21,"gold_loss":0}],"is_beta":false,"boss_relics":[{"not_picked":["Orrery","HoveringKite"],"picked":"Pandora\u0027s Box"}],"items_purged_floors":[19],"is_endless":false,"potions_floor_spawned":[1,12,14,16,22,23,25],"killed_by":"Slavers","ascension_level":3}