{"gold_per_floor":[115,132,207,207,207,207,219,234,283,311,341,353,377,402,414,527,539,565,144,144,144],"floor_reached":21,"playtime":2356,"items_purged":["Strike_G"],"score":172,"play_id":"802ad9b7-0c57-4200-b8b6-2136543f07f8","local_time":"20181206160315","is_ascension_mode":false,"campfire_choices":[{"data":"After Image","floor":6,"key":"SMITH"},{"data":"Crippling Poison","floor":12,"key":"SMITH"},{"floor":15,"key":"REST"}],"neow_cost":"NONE","seed_source_timestamp":864413337558646,"circlet_count":0,"master_deck":["Defend_G","Defend_G","Defend_G","Defend_G","Defend_G","Strike_G","Strike_G","Strike_G","Strike_G","Survivor","Neutralize","After Image+1","Terror","Deadly Poison","Acrobatics","Crippling Poison+1","Dagger Throw","Backflip","Blur","Acrobatics","Malaise","Catalyst","Bouncing Flask"],"relics":["Ring of the Snake","Ancient Tea Set","Spirit Poop","MawBank","Mummified Hand","Nloth\u0027s Gift"],"potions_floor_usage":[10,13,13,21,21],"damage_taken":[{"damage":0,"enemies":"Small Slimes","floor":1,"turns":5},{"damage":0,"enemies":"2 Louse","floor":2,"turns":4},{"damage":0,"enemies":"Cultist","floor":7,"turns":3},{"damage":1,"enemies":"Blue Slaver","floor":8,"turns":5},{"damage":12,"enemies":"Exordium Thugs","floor":10,"turns":6},{"damage":5,"enemies":"Exordium Wildlife","floor":11,"turns":7},{"damage":0,"enemies":"Gremlin Gang","floor":13,"turns":2},{"damage":0,"enemies":"Exordium Thugs","floor":14,"turns":4},{"damage":29,"enemies":"The Guardian","floor":16,"turns":14},{"damage":19,"enemies":"2 Thieves","floor":18,"turns":5},{"damage":45,"enemies":"3 Byrds","floor":21,"turns":11}],"seed_played":"8310046957180919797","potions_obtained":[{"floor":2,"key":"Energy Potion"},{"floor":7,"key":"LiquidBronze"},{"floor":10,"key":"EssenceOfSteel"},{"floor":16,"key":"Dexterity Potion"},{"floor":18,"key":"Swift Potion"}],"is_trial":false,"path_per_floor":["M","M","?","?","?","R","M","M","T","M","M","R","M","M","R","B",null,"M","$","?","M"],"character_chosen":"THE_SILENT","items_purchased":["Mummified Hand","Catalyst","Bouncing Flask"],"campfire_rested":1,"item_purchase_floors":[19,19,19],"current_hp_per_floor":[70,70,59,59,59,59,59,58,58,46,41,41,41,41,62,33,70,51,51,51,6],"gold":144,"neow_bonus":"ONE_RANDOM_RARE_CARD","is_prod":false,"is_daily":false,"chose_seed":false,"campfire_upgraded":2,"win_rate":0.0,"timestamp":1544065395,"path_taken":["M","M","?","?","?","R","?","M","T","M","M","R","M","M","R","BOSS","M","$","?","M"],"build_version":"2018-11-15","purchased_purges":1,"victory":false,"max_hp_per_floor":[70,70,70,70,70,70,70,70,70,70,70,70,70,70,70,70,70,70,70,70,70],"card_choices":[{"not_picked":["Sucker Punch","Blade Dance"],"picked":"Terror","floor":1},{"not_picked":["Outmaneuver","PiercingWail"],"picked":"Deadly Poison","floor":2},{"not_picked":["Flying Knee","Phantasmal Killer"],"picked":"Acrobatics","floor":7},{"not_picked":["Dodge and Roll","Reflex"],"picked":"Crippling Poison","floor":8},{"not_picked":["Caltrops","Reflex"],"picked":"Dagger Throw","floor":10},{"not_picked":["Deflect","Reflex"],"picked":"Backflip","floor":11},{"not_picked":["Acrobatics","Eviscerate"],"picked":"Blur","floor":13},{"not_picked":["Well Laid Plans","Phantasmal Killer"],"picked":"Acrobatics","floor":14},{"not_picked":["Phantasmal Killer","Doppelganger"],"picked":"Malaise","floor":16},{"not_picked":["Footwork","Flechettes","Endless Agony"],"picked":"SKIP","floor":18}],"player_experience":395148,"relics_obtained":[{"floor":9,"key":"MawBank"}],"event_choices":[{"damage_healed":0,"gold_gain":75,"player_choice":"Gather Gold","damage_taken":11,"max_hp_gain":0,"max_hp_loss":0,"event_name":"World of Goop","floor":3,"gold_loss":0},{"damage_healed":0,"gold_gain":0,"player_choice":"Box","damage_taken":0,"relics_obtained":["Ancient Tea Set"],"max_hp_gain":0,"max_hp_loss":0,"event_name":"Big Fish","floor":4,"gold_loss":0,"cards_obtained":["Regret"]},{"cards_removed":["Regret"],"damage_healed":0,"gold_gain":0,"player_choice":"Offered Curse","damage_taken":0,"relics_obtained":["Spirit Poop"],"max_hp_gain":0,"max_hp_loss":0,"event_name":"Bonfire Elementals","floor":5,"gold_loss":0},{"damage_healed":0,"gold_gain":0,"player_choice":"Traded Relic","damage_taken":0,"relics_obtained":["Nloth\u0027s Gift"],"max_hp_gain":0,"max_hp_loss":0,"event_name":"N\u0027loth","floor":20,"relics_lost":["Runic Pyramid"],"gold_loss":0}],"is_beta":false,"boss_relics":[{"not_picked":["Velvet Choker","Sozu"],"picked":"Runic Pyramid"}],"items_purged_floors":[19],"is_endless":false,"potions_floor_spawned":[2,7,10,16,18],"killed_by":"3 Byrds","ascension_level":0}