{"gold_per_floor":[10,10,24,38,57,57,76,76,103,103,119,119,150,200,200,298,298,314,314,335,360,360],"floor_reached":22,"playtime":904,"items_purged":[],"score":338,"play_id":"4a74bee4-c5a6-4626-9a8d-b139e911716f","local_time":"20190130174642","is_ascension_mode":true,"campfire_choices":[{"data":"Predator","floor":6.0,"key":"SMITH"},{"data":"Neutralize","floor":8.0,"key":"SMITH"},{"data":"Cloak And Dagger","floor":10.0,"key":"SMITH"},{"data":"Footwork","floor":12.0,"key":"SMITH"},{"data":"Poisoned Stab","floor":15,"key":"SMITH"}],"neow_cost":"NO_GOLD","seed_source_timestamp":498037189109265,"circlet_count":0,"master_deck":["AscendersBane","Defend_G","Defend_G","Defend_G","Defend_G","Defend_G","Strike_G","Strike_G","Strike_G","Strike_G","Strike_G","Survivor","Neutralize+1","Poisoned Stab+1","Predator+1","Flying Knee","Footwork+1","Cloak And Dagger+1","Slice","Dodge and Roll","Glass Knife","Underhanded Strike","Escape Plan","Dodge and Roll","PiercingWail","Acrobatics"],"special_seed":0,"relics":["Ring of the Snake","Ice Cream","Golden Idol","Orichalcum","Smiling Mask","Snecko Eye"],"potions_floor_usage":[13],"damage_taken":[{"damage":1.0,"enemies":"Jaw Worm","floor":1.0,"turns":5.0},{"damage":4.0,"enemies":"Small Slimes","floor":3.0,"turns":3.0},{"damage":0.0,"enemies":"Cultist","floor":4.0,"turns":3.0},{"damage":0.0,"enemies":"Lots of Slimes","floor":5.0,"turns":4.0},{"damage":0.0,"enemies":"2 Fungi Beasts","floor":7.0,"turns":4.0},{"damage":0.0,"enemies":"3 Louse","floor":11.0,"turns":5.0},{"damage":7,"enemies":"Gremlin Nob","floor":13,"turns":3},{"damage":30,"enemies":"Slime Boss","floor":16,"turns":10},{"damage":16,"enemies":"Spheric Guardian","floor":18,"turns":5},{"damage":0,"enemies":"Shell Parasite","floor":20,"turns":5},{"damage":29,"enemies":"Centurion and Healer","floor":21,"turns":9},{"damage":6,"enemies":"Snake Plant","floor":22,"turns":4}],"seed_played":"3144430829963480315","potions_obtained":[{"floor":4.0,"key":"AttackPotion"},{"floor":5.0,"key":"AttackPotion"},{"floor":7.0,"key":"GamblersBrew"},{"floor":11.0,"key":"Dexterity Potion"},{"floor":16,"key":"FearPotion"}],"is_trial":false,"path_per_floor":["M","?","M","M","M","R","M","R","T","R","M","R","E","?","R","B",null,"M","?","M","M","M"],"character_chosen":"THE_SILENT","items_purchased":[],"campfire_rested":0,"item_purchase_floors":[],"current_hp_per_floor":[58,58,54,54,54,54,54,54,54,54,54,54,47,47,47,17,49,33,33,33,4,0],"gold":360,"neow_bonus":"ONE_RARE_RELIC","is_prod":false,"is_daily":false,"chose_seed":false,"campfire_upgraded":5,"win_rate":0,"timestamp":1548866802,"path_taken":["M","?","M","M","M","R","M","R","T","R","M","R","E","?","R","BOSS","M","?","?","M","M"],"build_version":"2019-01-23","purchased_purges":0,"victory":false,"max_hp_per_floor":[66,60,60,60,60,60,60,60,60,60,60,60,60,60,60,60,60,60,60,60,60,60],"card_choices":[{"not_picked":["Prepared","Acrobatics"],"picked":"Poisoned Stab","floor":1.0},{"not_picked":["Prepared","Cloak And Dagger"],"picked":"Predator","floor":3.0},{"not_picked":["Masterful Stab","Heel Hook"],"picked":"Flying Knee","floor":4.0},{"not_picked":["Flechettes","Catalyst"],"picked":"Footwork","floor":5.0},{"not_picked":["Dagger Spray","Distraction"],"picked":"Cloak And Dagger","floor":7.0},{"not_picked":["Predator","Outmaneuver"],"picked":"Slice","floor":11.0},{"not_picked":["PiercingWail","Cloak And Dagger"],"picked":"Dodge and Roll","floor":13},{"not_picked":["Die Die Die","After Image"],"picked":"Glass Knife","floor":16},{"not_picked":["Outmaneuver","Quick Slash"],"picked":"Underhanded Strike","floor":18},{"not_picked":["Caltrops","Calculated Gamble"],"picked":"PiercingWail","floor":20},{"not_picked":["Quick Slash","Outmaneuver"],"picked":"Acrobatics","floor":21}],"player_experience":1141426,"relics_obtained":[{"floor":9.0,"key":"Orichalcum"},{"floor":13,"key":"Smiling Mask"}],"event_choices":[{"damage_healed":0.0,"max_hp_gain":0.0,"max_hp_loss":6.0,"gold_gain":0.0,"event_name":"Golden Idol","player_choice":"Lose Max HP","floor":2.0,"gold_loss":0.0,"damage_taken":0.0,"relics_obtained":["Golden Idol"]},{"damage_healed":0,"gold_gain":50,"player_choice":"Pray","damage_taken":0,"max_hp_gain":0,"max_hp_loss":0,"event_name":"Golden Shrine","floor":14,"gold_loss":0},{"damage_healed":0,"gold_gain":0,"player_choice":"2 cards matched","damage_taken":0,"max_hp_gain":0,"max_hp_loss":0,"event_name":"Match and Keep!","floor":19,"gold_loss":0,"cards_obtained":["Escape Plan","Dodge and Roll"]}],"is_beta":false,"boss_relics":[{"not_picked":["Calling Bell","Lizard Tail"],"picked":"Snecko Eye"}],"items_purged_floors":[],"is_endless":false,"potions_floor_spawned":[4,5,7,11,16,20],"killed_by":"Snake Plant","ascension_level":16}