{"gold_per_floor":[117,67,81,94,94,94,128,147,174,174],"floor_reached":10,"playtime":2276,"items_purged":[],"score":68,"play_id":"8e827bea-b1d4-4d31-9008-e09ae3cf5159","local_time":"20181016211949","is_ascension_mode":false,"campfire_choices":[{"floor":6,"key":"DIG"}],"neow_cost":"CURSE","seed_source_timestamp":443860804952561,"circlet_count":0,"master_deck":["Strike_B","Strike_B+1","Strike_B+1","Defend_B+1","Defend_B","Defend_B","Defend_B","Zap","Dualcast","Regret","Genetic Algorithm+1","Redo","Doom and Gloom","Thunder Strike","Coolheaded"],"relics":["Cracked Core","Shovel","Smiling Mask","Whetstone","Boot"],"potions_floor_usage":[7],"damage_taken":[{"damage":3,"enemies":"Small Slimes","floor":1,"turns":4},{"damage":16,"enemies":"2 Louse","floor":3,"turns":3},{"damage":9,"enemies":"Jaw Worm","floor":4,"turns":5},{"damage":17,"enemies":"Lagavulin","floor":7,"turns":5},{"damage":7,"enemies":"Looter","floor":8,"turns":3},{"damage":8,"enemies":"3 Louse","floor":10,"turns":2}],"seed_played":"4969656391903040995","potions_obtained":[{"floor":1,"key":"EssenceOfSteel"},{"floor":7,"key":"SkillPotion"},{"floor":8,"key":"Dexterity Potion"}],"is_trial":false,"path_per_floor":["M","?","M","M","?","R","E","M","T"],"character_chosen":"DEFECT","items_purchased":[],"campfire_rested":0,"item_purchase_floors":[],"current_hp_per_floor":[72,72,56,47,32,32,15,8,8,0],"gold":174,"neow_bonus":"ONE_RARE_RELIC","is_prod":false,"is_daily":false,"chose_seed":false,"campfire_upgraded":0,"win_rate":0.0,"timestamp":1539677989,"path_taken":["M","?","M","M","?","R","E","M","T","M"],"build_version":"2018-10-11","purchased_purges":0,"victory":false,"max_hp_per_floor":[75,75,75,75,75,75,75,75,75,75],"card_choices":[{"not_picked":["Steam","Scrape"],"picked":"Genetic Algorithm","floor":1},{"not_picked":["Beam Cell","Lockon"],"picked":"Redo","floor":3},{"not_picked":["Reinforced Body","Redo"],"picked":"Doom and Gloom","floor":4},{"not_picked":["Rip and Tear","Leap"],"picked":"Thunder Strike","floor":7},{"not_picked":["BootSequence","Cold Snap"],"picked":"Coolheaded","floor":8}],"player_experience":91575,"relics_obtained":[{"floor":6,"key":"Smiling Mask"},{"floor":7,"key":"Whetstone"},{"floor":9,"key":"Boot"}],"event_choices":[{"event_name":"The Cleric","player_choice":"Card Removal","floor":2,"damage_taken":0},{"event_name":"Shining Light","player_choice":"Entered Light","floor":5,"damage_taken":0}],"is_beta":false,"boss_relics":[],"items_purged_floors":[],"is_endless":false,"potions_floor_spawned":[1,7,8],"killed_by":"3 Louse","ascension_level":0}