{"gold_per_floor":[114,114,133,147,117,130,165,165,165,184,195,195,211,240,240,313,313,333,333,333,30,46,46,46,63,86,118,135,160,160,173,173,249,249,267,267,287,187,202,202,219,219,270,287,287,0,32,107,107,107],"floor_reached":50,"playtime":2092,"items_purged":["Strike_B","Defend_B"],"score":1248,"play_id":"3d83ad90-fe99-4e49-b744-3f32190d42b1","local_time":"20190126000944","is_ascension_mode":true,"campfire_choices":[{"floor":8.0,"key":"REST"},{"data":"Fission","floor":12.0,"key":"SMITH"},{"data":"Buffer","floor":15.0,"key":"SMITH"},{"data":"Machine Learning","floor":23.0,"key":"SMITH"},{"floor":30.0,"key":"REST"},{"data":"Defragment","floor":32.0,"key":"SMITH"},{"data":"Fission","floor":40.0,"key":"SMITH"},{"data":"Aggregate","floor":42,"key":"SMITH"},{"floor":45,"key":"RECALL"},{"floor":49,"key":"REST"}],"neow_cost":"PERCENT_DAMAGE","seed_source_timestamp":0,"circlet_count":0,"master_deck":["AscendersBane","Defend_B","Defend_B","Zap","Dualcast","Core Surge","Cold Snap","Sunder","Sweeping Beam","Steam","Fission+1","Ball Lightning","Buffer+1","Machine Learning+1","Aggregate+1","Buffer+1","Conserve Battery","Conserve Battery","Defragment+1","Fission+1","Echo Form","Stack","Steam","Steam+1","Static Discharge+1","Stack","FTL"],"special_seed":0,"relics":["Cracked Core","Letter Opener","Mercury Hourglass","Symbiotic Virus","Nuclear Battery","DollysMirror","Dodecahedron","Omamori","Torii","PreservedInsect","Empty Cage","Red Mask","Blue Candle","Darkstone Periapt"],"potions_floor_usage":[50],"damage_taken":[{"damage":0.0,"enemies":"2 Louse","floor":1.0,"turns":2.0},{"damage":0.0,"enemies":"Cultist","floor":3.0,"turns":3.0},{"damage":5.0,"enemies":"Jaw Worm","floor":4.0,"turns":3.0},{"damage":6.0,"enemies":"3 Louse","floor":6.0,"turns":2.0},{"damage":25.0,"enemies":"3 Sentries","floor":7.0,"turns":6.0},{"damage":6.0,"enemies":"Red Slaver","floor":10.0,"turns":3.0},{"damage":2.0,"enemies":"Blue Slaver","floor":11.0,"turns":2.0},{"damage":8.0,"enemies":"Exordium Wildlife","floor":13.0,"turns":3.0},{"damage":0.0,"enemies":"Lagavulin","floor":14.0,"turns":8.0},{"damage":0.0,"enemies":"Slime Boss","floor":16.0,"turns":6.0},{"damage":0.0,"enemies":"Spheric Guardian","floor":18.0,"turns":3.0},{"damage":7.0,"enemies":"3 Byrds","floor":22.0,"turns":3.0},{"damage":7.0,"enemies":"Centurion and Healer","floor":25.0,"turns":3.0},{"damage":15.0,"enemies":"Slavers","floor":27.0,"turns":7.0},{"damage":1.0,"enemies":"Chosen and Byrds","floor":28.0,"turns":5.0},{"damage":24.0,"enemies":"Book of Stabbing","floor":29.0,"turns":4.0},{"damage":0.0,"enemies":"Cultist and Chosen","floor":31.0,"turns":4.0},{"damage":24.0,"enemies":"Automaton","floor":33.0,"turns":12.0},{"damage":18.0,"enemies":"3 Darklings","floor":35.0,"turns":6.0},{"damage":1.0,"enemies":"3 Shapes","floor":37.0,"turns":5.0},{"damage":11.0,"enemies":"Writhing Mass","floor":39.0,"turns":8.0},{"damage":15,"enemies":"Transient","floor":41,"turns":6},{"damage":0,"enemies":"Maw","floor":44,"turns":8},{"damage":0,"enemies":"Giant Head","floor":47,"turns":9},{"damage":58,"enemies":"Donu and Deca","floor":50,"turns":8}],"seed_played":"4982240915618695694","potions_obtained":[{"floor":5.0,"key":"SmokeBomb"},{"floor":5.0,"key":"PowerPotion"},{"floor":7.0,"key":"SkillPotion"},{"floor":11.0,"key":"Poison Potion"},{"floor":16.0,"key":"Weak Potion"},{"floor":22.0,"key":"Poison Potion"},{"floor":27.0,"key":"SteroidPotion"},{"floor":28.0,"key":"Poison Potion"},{"floor":31.0,"key":"Weak Potion"},{"floor":33.0,"key":"Regen Potion"},{"floor":35.0,"key":"SmokeBomb"},{"floor":44,"key":"LiquidBronze"},{"floor":47,"key":"Strength Potion"}],"is_trial":false,"path_per_floor":["M","?","M","M","?","M","E","R","T","M","M","R","M","E","R","B",null,"M","?","?","$","M","R","?","M","T","E","M","E","R","M","R","B",null,"M","?","M","$","M","R","M","R","T","M","R","?","E","T","R","B"],"character_chosen":"DEFECT","items_purchased":["DollysMirror"],"campfire_rested":3,"item_purchase_floors":[21],"current_hp_per_floor":[46,46,46,41,41,35,10,31,31,25,23,23,15,15,15,15,57,57,57,71,71,64,64,64,57,57,42,41,17,38,38,38,14,57,54,54,53,53,42,42,27,27,27,27,27,27,27,27,48,0],"gold":107,"neow_bonus":"THREE_RARE_CARDS","is_prod":false,"is_daily":false,"chose_seed":false,"campfire_upgraded":6,"win_rate":0,"timestamp":1548428984,"path_taken":["M","?","M","?","?","M","E","R","T","?","M","R","?","E","R","BOSS","M","?","?","$","M","R","?","?","T","E","M","E","R","M","R","BOSS","M","?","M","$","M","R","M","R","T","M","R","?","E","?","R","BOSS"],"build_version":"2019-01-23","purchased_purges":2,"victory":false,"max_hp_per_floor":[71,71,71,71,71,71,71,71,71,71,71,71,71,71,71,71,71,71,71,71,71,71,71,71,71,71,71,71,71,71,71,71,71,71,71,71,71,71,71,71,71,71,71,71,71,71,71,71,71,71],"card_choices":[{"not_picked":["Rainbow","Biased Cognition"],"picked":"Core Surge","floor":0.0},{"not_picked":["Stack","Beam Cell"],"picked":"Cold Snap","floor":1.0},{"not_picked":["Gash","Heatsinks"],"picked":"Sunder","floor":3.0},{"not_picked":["Sunder","Redo"],"picked":"Sweeping Beam","floor":4.0},{"not_picked":["Sweeping Beam","Redo"],"picked":"Steam","floor":6.0},{"not_picked":["Rebound","Chaos"],"picked":"Fission","floor":7.0},{"not_picked":["Rebound","Turbo","Double Energy"],"picked":"SKIP","floor":10.0},{"not_picked":["Go for the Eyes","Darkness","Reprogram"],"picked":"SKIP","floor":11.0},{"not_picked":["Steam","Stack"],"picked":"Ball Lightning","floor":13.0},{"not_picked":["Streamline","FTL"],"picked":"Buffer","floor":14.0},{"not_picked":["Reboot","All For One"],"picked":"Machine Learning","floor":16.0},{"not_picked":["Go for the Eyes","Gash"],"picked":"Aggregate","floor":18.0},{"not_picked":["Chaos","Capacitor"],"picked":"Conserve Battery","floor":22.0},{"not_picked":["Turbo","Sweeping Beam"],"picked":"Conserve Battery","floor":25.0},{"not_picked":["Barrage","Beam Cell","Hello World"],"picked":"SKIP","floor":27.0},{"not_picked":["Hello World","Barrage"],"picked":"Defragment","floor":28.0},{"not_picked":["Stack","Heatsinks"],"picked":"Fission","floor":29.0},{"not_picked":["Sweeping Beam","Recycle+1","Gash"],"picked":"SKIP","floor":31.0},{"not_picked":["Thunder Strike","Hyperbeam"],"picked":"Echo Form","floor":33.0},{"not_picked":["Hologram","Redo"],"picked":"Stack","floor":35.0},{"not_picked":["All For One","Rebound"],"picked":"Steam","floor":37.0},{"not_picked":["Capacitor","Barrage"],"picked":"Steam+1","floor":39.0},{"not_picked":["Defragment","Melter+1"],"picked":"Static Discharge+1","floor":41},{"not_picked":["Cold Snap","Undo"],"picked":"Stack","floor":44},{"not_picked":["Coolheaded","Static Discharge"],"picked":"FTL","floor":47}],"player_experience":1073255,"relics_obtained":[{"floor":7.0,"key":"Letter Opener"},{"floor":9.0,"key":"Mercury Hourglass"},{"floor":14.0,"key":"Symbiotic Virus"},{"floor":26.0,"key":"Omamori"},{"floor":27.0,"key":"Torii"},{"floor":29.0,"key":"PreservedInsect"},{"floor":47,"key":"Blue Candle"},{"floor":48,"key":"Darkstone Periapt"}],"event_choices":[{"cards_removed":["Strike_B"],"damage_healed":0.0,"max_hp_gain":0.0,"max_hp_loss":0.0,"gold_gain":0.0,"event_name":"Purifier","player_choice":"Purged","floor":2.0,"gold_loss":0.0,"damage_taken":0.0},{"damage_healed":0.0,"max_hp_gain":0.0,"max_hp_loss":0.0,"gold_gain":0.0,"event_name":"The Woman in Blue","player_choice":"Bought 2 Potions","floor":5.0,"gold_loss":0.0,"damage_taken":0.0},{"cards_removed":["Strike_B"],"damage_healed":0.0,"max_hp_gain":0.0,"max_hp_loss":0.0,"gold_gain":0.0,"event_name":"Back to Basics","player_choice":"Elegance","floor":19.0,"gold_loss":0.0,"damage_taken":0.0},{"damage_healed":14.0,"max_hp_gain":0.0,"max_hp_loss":0.0,"gold_gain":0.0,"event_name":"The Library","player_choice":"Heal","floor":20.0,"gold_loss":0.0,"damage_taken":0.0},{"damage_healed":0.0,"max_hp_gain":0.0,"max_hp_loss":0.0,"gold_gain":0.0,"event_name":"WeMeetAgain","player_choice":"Gave Potion","floor":24.0,"gold_loss":0.0,"damage_taken":0.0,"relics_obtained":["Dodecahedron"]},{"damage_healed":0.0,"max_hp_gain":0.0,"max_hp_loss":0.0,"gold_gain":0.0,"event_name":"Mysterious Sphere","player_choice":"Ignored","floor":36.0,"gold_loss":0.0,"damage_taken":0.0},{"damage_healed":0,"gold_gain":0,"player_choice":"Paid","damage_taken":0,"relics_obtained":["Red Mask"],"max_hp_gain":0,"max_hp_loss":0,"event_name":"Tomb of Lord Red Mask","floor":46,"gold_loss":287}],"is_beta":false,"boss_relics":[{"not_picked":["Sozu","Coffee Dripper"],"picked":"Nuclear Battery"},{"not_picked":["Orrery","Snecko Eye"],"picked":"Empty Cage"}],"items_purged_floors":[21,38],"is_endless":false,"potions_floor_spawned":[7,11,13,16,22,27,28,31,33,35,44,47],"killed_by":"Donu and Deca","ascension_level":20}