{"gold_per_floor":[112,127,141,18,37,37,63,76,146,156,156,169,185,4,4,108,108,128,128,144,144,144,144,163,38,38,52,52,52,52,64,64,64],"floor_reached":33,"playtime":3699,"items_purged":["Bash","Strike_R","Bite"],"score":301,"play_id":"317c21bb-a474-4579-a10a-a4c824e717d7","local_time":"20190127231732","is_ascension_mode":false,"campfire_choices":[{"data":"Heavy Blade","floor":6,"key":"SMITH"},{"data":"Spot Weakness","floor":11,"key":"SMITH"},{"data":"Limit Break","floor":15,"key":"SMITH"},{"floor":23,"key":"REST"},{"data":"Flex","floor":30,"key":"SMITH"},{"floor":32,"key":"REST"}],"neow_cost":"NONE","seed_source_timestamp":100916039950200,"circlet_count":0,"master_deck":["Defend_R","Defend_R","Defend_R","Defend_R","Spot Weakness+1","Heavy Blade+1","Shrug It Off","Battle Trance","Limit Break+1","Cleave","Bite","Bite","Bite","Bite","Flex+1"],"relics":["Black Blood","Darkstone Periapt","Gremlin Horn","Pen Nib","MutagenicStrength"],"potions_floor_usage":[7,7,8,12,27,33],"damage_taken":[{"damage":5,"enemies":"Cultist","floor":1,"turns":4},{"damage":1,"enemies":"Jaw Worm","floor":2,"turns":4},{"damage":0,"enemies":"2 Louse","floor":3,"turns":3},{"damage":5,"enemies":"2 Fungi Beasts","floor":5,"turns":4},{"damage":21,"enemies":"3 Sentries","floor":7,"turns":9},{"damage":8,"enemies":"3 Louse","floor":8,"turns":4},{"damage":9,"enemies":"Blue Slaver","floor":10,"turns":4},{"damage":13,"enemies":"Exordium Thugs","floor":12,"turns":3},{"damage":0,"enemies":"2 Fungi Beasts","floor":13,"turns":2},{"damage":37,"enemies":"Hexaghost","floor":16,"turns":6},{"damage":17,"enemies":"Shell Parasite","floor":18,"turns":3},{"damage":55,"enemies":"Spheric Guardian","floor":20,"turns":8},{"damage":51,"enemies":"Colosseum Slavers","floor":22,"turns":5},{"damage":33,"enemies":"Shelled Parasite and Fungi","floor":24,"turns":6},{"damage":7,"enemies":"Chosen and Byrds","floor":27,"turns":4},{"damage":5,"enemies":"Cultist and Chosen","floor":31,"turns":3},{"damage":98,"enemies":"Collector","floor":33,"turns":7}],"seed_played":"7504503961537010284","potions_obtained":[{"floor":1,"key":"Swift Potion"},{"floor":5,"key":"Dexterity Potion"},{"floor":7,"key":"SteroidPotion"},{"floor":8,"key":"Energy Potion"},{"floor":20,"key":"Explosive Potion"},{"floor":31,"key":"Dexterity Potion"}],"is_trial":false,"path_per_floor":["M","M","M","$","M","R","E","M","T","M","R","M","M","$","R","B",null,"M","?","M","?","?","R","M","$","T","M","?","$","R","M","R","B"],"character_chosen":"IRONCLAD","items_purchased":["Heavy Blade","Limit Break"],"campfire_rested":2,"item_purchase_floors":[4,14],"current_hp_per_floor":[80,80,80,80,80,80,65,65,65,64,64,59,67,67,67,38,80,73,73,49,49,20,44,35,35,35,48,48,48,48,55,79,0],"gold":64,"neow_bonus":"RANDOM_COMMON_RELIC","is_prod":false,"is_daily":false,"chose_seed":false,"campfire_upgraded":4,"win_rate":0,"timestamp":1548649052,"path_taken":["M","M","M","$","M","R","E","M","T","M","R","M","M","?","R","BOSS","M","?","M","?","?","R","M","$","T","M","?","$","R","M","R","BOSS"],"build_version":"2019-01-23","purchased_purges":3,"victory":false,"max_hp_per_floor":[80,80,80,80,80,80,80,80,80,80,80,80,80,80,80,80,80,80,80,80,80,80,80,80,80,80,80,80,80,80,80,80,80],"card_choices":[{"not_picked":["Headbutt","Armaments"],"picked":"Spot Weakness","floor":1},{"not_picked":["Iron Wave","Sword Boomerang","Uppercut"],"picked":"SKIP","floor":2},{"not_picked":["Rage","Feel No Pain","Anger"],"picked":"SKIP","floor":3},{"not_picked":["Warcry","Corruption","Sword Boomerang"],"picked":"SKIP","floor":5},{"not_picked":["Twin Strike","Carnage","Searing Blow"],"picked":"SKIP","floor":7},{"not_picked":["Spot Weakness","Clash","Headbutt"],"picked":"SKIP","floor":8},{"not_picked":["Combust","Clash"],"picked":"Shrug It Off","floor":10},{"not_picked":["Warcry","Spot Weakness"],"picked":"Battle Trance","floor":12},{"not_picked":["Entrench","Thunderclap","True Grit"],"picked":"SKIP","floor":13},{"not_picked":["Armaments","Infernal Blade+1"],"picked":"Cleave","floor":18},{"not_picked":["Rage+1","Thunderclap","Sever Soul"],"picked":"SKIP","floor":20},{"not_picked":["Cleave+1","Wild Strike","Pommel Strike"],"picked":"SKIP","floor":24},{"not_picked":["Rupture+1","Thunderclap","Uppercut+1"],"picked":"SKIP","floor":27},{"not_picked":["Spot Weakness","Uppercut","Shockwave+1"],"picked":"SKIP","floor":31}],"player_experience":117235,"relics_obtained":[{"floor":7,"key":"Darkstone Periapt"},{"floor":9,"key":"Gremlin Horn"},{"floor":26,"key":"Pen Nib"}],"event_choices":[{"damage_healed":0,"gold_gain":0,"player_choice":"Became a vampire (Vial)","damage_taken":0,"max_hp_gain":0,"max_hp_loss":0,"event_name":"Vampires","floor":19,"relics_lost":["Blood Vial"],"gold_loss":0,"cards_obtained":["Bite","Bite","Bite","Bite","Bite"]},{"damage_healed":0,"gold_gain":0,"player_choice":"Read","damage_taken":0,"max_hp_gain":0,"max_hp_loss":0,"event_name":"The Library","floor":21,"gold_loss":0,"cards_obtained":["Flex"]},{"damage_healed":0,"gold_gain":0,"player_choice":"Fight","damage_taken":0,"max_hp_gain":0,"max_hp_loss":0,"event_name":"Colosseum","floor":22,"gold_loss":0},{"damage_healed":0,"gold_gain":0,"player_choice":"Fled From Nobs","damage_taken":0,"max_hp_gain":0,"max_hp_loss":0,"event_name":"Colosseum","floor":22,"gold_loss":0},{"damage_healed":0,"gold_gain":0,"player_choice":"Inject Mutagens","damage_taken":0,"relics_obtained":["MutagenicStrength"],"max_hp_gain":0,"max_hp_loss":0,"event_name":"Drug Dealer","floor":28,"gold_loss":0}],"is_beta":false,"boss_relics":[{"not_picked":["Orrery","Astrolabe"],"picked":"Black Blood"}],"items_purged_floors":[4,14,25],"is_endless":false,"potions_floor_spawned":[1,5,7,8,20,31],"killed_by":"Collector","ascension_level":0}