{"gold_per_floor":[117,130,150,150,150,183,193,224,295,307,307,318,318,330,330,404,404,419,419,438,453,453,453,470,482,482,492,515,515,550,563,563,642,642,659,670,719,719,7,34,47,47,119,134,134,134,144,162,162,162,162,162,4,36,36],"floor_reached":55,"playtime":2524,"items_purged":[],"score":1409,"play_id":"a097c96d-508c-481a-8aa0-82dfc078d17f","local_time":"20181213023741","is_ascension_mode":true,"campfire_choices":[{"data":"Fusion","floor":11.0,"key":"SMITH"},{"data":"Rainbow","floor":13.0,"key":"SMITH"},{"data":"Zap","floor":15.0,"key":"SMITH"},{"data":"Creative AI","floor":23.0,"key":"SMITH"},{"floor":29.0,"key":"REST"},{"floor":32.0,"key":"REST"},{"floor":42.0,"key":"RECALL"},{"floor":45,"key":"REST"},{"floor":49,"key":"REST"},{"data":"Rainbow","floor":52,"key":"SMITH"}],"neow_cost":"NONE","seed_source_timestamp":0,"circlet_count":0,"master_deck":["AscendersBane","Strike_B","Strike_B","Strike_B","Defend_B","Defend_B+1","Defend_B","Defend_B","Zap+1","Dualcast","Ball Lightning","Undo","Lockon","Auto Shields","Rainbow+1","Streamline","Chill","Machine Learning","Fusion+1","Barrage","Cold Snap","Creative AI+1","Beam Cell","Lockon","Undo","Biased Cognition","Hologram","Thunder Strike","Redo+1","Static Discharge","Ball Lightning","Echo Form","Steam+1","Multi-Cast","Turbo+1","Recycle+1","Electrodynamics","Rainbow+1","Conserve Battery","Double Energy","Hologram+1","White Noise","White Noise","Stack","Creative AI"],"special_seed":0,"relics":["Cracked Core","Lantern","Incense Burner","Bag of Preparation","Matryoshka","Nuclear Battery","DataDisk","Bronze Scales","Dream Catcher","Prayer Wheel","Snecko Eye","Unceasing Top","Pear","Lee\u0027s Waffle","Mercury Hourglass","Bottled Tornado","Vajra","War Paint"],"potions_floor_usage":[50,55,55],"damage_taken":[{"damage":0.0,"enemies":"2 Louse","floor":1.0,"turns":2.0},{"damage":6.0,"enemies":"Cultist","floor":2.0,"turns":3.0},{"damage":0.0,"enemies":"Jaw Worm","floor":3.0,"turns":3.0},{"damage":25.0,"enemies":"Gremlin Nob","floor":6.0,"turns":4.0},{"damage":8.0,"enemies":"Gremlin Gang","floor":7.0,"turns":4.0},{"damage":9.0,"enemies":"3 Sentries","floor":8.0,"turns":8.0},{"damage":3.0,"enemies":"Exordium Thugs","floor":10.0,"turns":4.0},{"damage":3.0,"enemies":"Blue Slaver","floor":12.0,"turns":4.0},{"damage":2.0,"enemies":"Large Slime","floor":14.0,"turns":5.0},{"damage":21.0,"enemies":"Hexaghost","floor":16.0,"turns":10.0},{"damage":4.0,"enemies":"Shell Parasite","floor":18.0,"turns":4.0},{"damage":0.0,"enemies":"Spheric Guardian","floor":20.0,"turns":4.0},{"damage":5.0,"enemies":"Snecko","floor":21.0,"turns":4.0},{"damage":17.0,"enemies":"Chosen and Byrds","floor":24.0,"turns":9.0},{"damage":20.0,"enemies":"Snake Plant","floor":25.0,"turns":5.0},{"damage":14.0,"enemies":"Shelled Parasite and Fungi","floor":27.0,"turns":4.0},{"damage":18.0,"enemies":"Slavers","floor":30.0,"turns":4.0},{"damage":8.0,"enemies":"Centurion and Healer","floor":31.0,"turns":6.0},{"damage":31.0,"enemies":"Automaton","floor":33.0,"turns":8.0},{"damage":0.0,"enemies":"Orb Walker","floor":35.0,"turns":2.0},{"damage":0.0,"enemies":"3 Shapes","floor":36.0,"turns":4.0},{"damage":8.0,"enemies":"2 Orb Walkers","floor":37.0,"turns":6.0},{"damage":40.0,"enemies":"Reptomancer","floor":40.0,"turns":8.0},{"damage":25.0,"enemies":"Transient","floor":41.0,"turns":6.0},{"damage":23,"enemies":"Writhing Mass","floor":44,"turns":5},{"damage":0,"enemies":"4 Shapes","floor":47,"turns":2},{"damage":0,"enemies":"Maw","floor":48,"turns":6},{"damage":20,"enemies":"Time Eater","floor":50,"turns":9},{"damage":69,"enemies":"Shield and Spear","floor":54,"turns":5},{"damage":13,"enemies":"The Heart","floor":55,"turns":3}],"seed_played":"-8605930045062050282","potions_obtained":[{"floor":2.0,"key":"SteroidPotion"},{"floor":6.0,"key":"FearPotion"},{"floor":8.0,"key":"SkillPotion"},{"floor":10.0,"key":"Regen Potion"},{"floor":12.0,"key":"Fire Potion"},{"floor":20.0,"key":"Dexterity Potion"},{"floor":25.0,"key":"Dexterity Potion"},{"floor":27.0,"key":"SteroidPotion"},{"floor":30.0,"key":"Energy Potion"},{"floor":31.0,"key":"Energy Potion"},{"floor":35.0,"key":"FocusPotion"},{"floor":36.0,"key":"Strength Potion"},{"floor":44,"key":"GamblersBrew"},{"floor":47,"key":"Fire Potion"},{"floor":54,"key":"Fire Potion"}],"is_trial":false,"path_per_floor":["M","M","M","?","?","E","M","E","T","M","R","M","R","M","R","B",null,"M","?","M","M","?","R","M","M","T","M","T","R","E","M","R","B",null,"M","M","?","?","$","E","M","R","T","M","R","?","M","M","R","B",null,"R","$","E","B"],"character_chosen":"DEFECT","items_purchased":["Pear","Lee\u0027s Waffle","Rainbow","Conserve Battery","Vajra"],"campfire_rested":4,"item_purchase_floors":[39,39,39,39,53],"current_hp_per_floor":[71,65,65,60,60,35,27,18,18,15,15,12,12,10,10,4,60,56,72,72,67,67,67,50,30,30,16,16,39,21,13,36,5,60,60,60,52,52,95,55,30,30,30,7,35,35,35,35,63,43,82,82,82,13,0],"gold":36,"neow_bonus":"TEN_PERCENT_HP_BONUS","is_prod":false,"is_daily":false,"chose_seed":false,"campfire_upgraded":5,"win_rate":0,"timestamp":1544636261,"path_taken":["M","M","M","?","?","E","M","E","T","M","R","M","R","M","R","BOSS","M","?","M","M","?","R","M","?","T","M","?","R","E","M","R","BOSS","M","M","?","?","$","E","?","R","T","M","R","?","M","M","R","BOSS","R","$","E","BOSS"],"build_version":"2018-12-06","purchased_purges":0,"victory":false,"max_hp_per_floor":[78,78,78,78,78,78,78,78,78,78,78,78,78,78,78,78,78,78,78,78,78,78,78,78,78,78,78,78,78,78,78,78,78,78,78,78,78,78,95,95,95,95,95,95,95,95,95,95,95,95,95,95,95,95,95],"card_choices":[{"not_picked":["Streamline","Go for the Eyes"],"picked":"Ball Lightning","floor":1.0},{"not_picked":["Reinforced Body","Rebound"],"picked":"Undo","floor":2.0},{"not_picked":["Tempest","Beam Cell"],"picked":"Lockon","floor":3.0},{"not_picked":["Cold Snap","Steam"],"picked":"Streamline","floor":6.0},{"not_picked":["Steam","Heatsinks"],"picked":"Chill","floor":7.0},{"not_picked":["Glacier","Doom and Gloom"],"picked":"Machine Learning","floor":8.0},{"not_picked":["Coolheaded","Sweeping Beam"],"picked":"Fusion","floor":10.0},{"not_picked":["Streamline","Gash"],"picked":"Barrage","floor":12.0},{"not_picked":["Skim","Steam Power"],"picked":"Cold Snap","floor":14.0},{"not_picked":["Amplify","All For One"],"picked":"Creative AI","floor":16.0},{"not_picked":["Recycle","Streamline"],"picked":"Beam Cell","floor":18.0},{"not_picked":["Rebound","Go for the Eyes"],"picked":"Lockon","floor":20.0},{"not_picked":["Cold Snap","Skim"],"picked":"Undo","floor":21.0},{"not_picked":["Streamline","Darkness"],"picked":"Thunder Strike","floor":24.0},{"not_picked":["Stack","Reinforced Body+1"],"picked":"Redo+1","floor":25.0},{"not_picked":["Lockon","Streamline"],"picked":"Static Discharge","floor":27.0},{"not_picked":["Compile Driver","Streamline"],"picked":"Ball Lightning","floor":30.0},{"not_picked":["Genetic Algorithm","Hologram"],"picked":"Echo Form","floor":31.0},{"not_picked":["Coolheaded","Rip and Tear+1"],"picked":"Steam","floor":31.0},{"not_picked":["Creative AI","Echo Form"],"picked":"Multi-Cast","floor":33.0},{"not_picked":["Chaos","Hologram"],"picked":"Turbo+1","floor":35.0},{"not_picked":["Gash+1","Self Repair"],"picked":"Recycle+1","floor":35.0},{"not_picked":["Consume","Streamline+1"],"picked":"Electrodynamics","floor":36.0},{"not_picked":["Gash","Leap","Compile Driver"],"picked":"SKIP","floor":36.0},{"not_picked":["Beam Cell","Compile Driver","Hello World"],"picked":"SKIP","floor":40.0},{"not_picked":["Beam Cell","Compile Driver"],"picked":"Double Energy","floor":41.0},{"not_picked":["Darkness","Turbo","Sweeping Beam"],"picked":"SKIP","floor":41.0},{"not_picked":["Go for the Eyes","Melter"],"picked":"Hologram+1","floor":44},{"not_picked":["Leap","Barrage","Blizzard"],"picked":"SKIP","floor":44},{"not_picked":["Conserve Battery","Beam Cell"],"picked":"White Noise","floor":47},{"not_picked":["Stack+1","Machine Learning"],"picked":"White Noise","floor":47},{"not_picked":["Beam Cell","Streamline+1","Cold Snap"],"picked":"SKIP","floor":48},{"not_picked":["Cold Snap","Sweeping Beam+1","Heatsinks"],"picked":"SKIP","floor":48},{"not_picked":["Leap","Hello World+1"],"picked":"Stack","floor":49},{"not_picked":["Hello World","Stack"],"picked":"Creative AI","floor":54}],"player_experience":985736,"relics_obtained":[{"floor":6.0,"key":"Incense Burner"},{"floor":8.0,"key":"Bag of Preparation"},{"floor":9.0,"key":"Matryoshka"},{"floor":26.0,"key":"DataDisk"},{"floor":28.0,"key":"Bronze Scales"},{"floor":28.0,"key":"Dream Catcher"},{"floor":30.0,"key":"Prayer Wheel"},{"floor":37.0,"key":"Unceasing Top"},{"floor":40.0,"key":"Mercury Hourglass"},{"floor":43.0,"key":"Bottled Tornado"},{"floor":54,"key":"War Paint"}],"event_choices":[{"damage_healed":0.0,"max_hp_gain":0.0,"max_hp_loss":0.0,"gold_gain":0.0,"event_name":"Scrap Ooze","player_choice":"Success","floor":4.0,"gold_loss":0.0,"damage_taken":5.0,"relics_obtained":["Lantern"]},{"damage_healed":0.0,"max_hp_gain":0.0,"max_hp_loss":0.0,"gold_gain":0.0,"event_name":"Match and Keep!","player_choice":"2 cards matched","floor":5.0,"gold_loss":0.0,"damage_taken":0.0,"cards_obtained":["Auto Shields","Rainbow"]},{"damage_healed":16.0,"max_hp_gain":0.0,"max_hp_loss":0.0,"gold_gain":0.0,"event_name":"The Library","player_choice":"Heal","floor":19.0,"gold_loss":0.0,"damage_taken":0.0},{"damage_healed":0.0,"max_hp_gain":0.0,"max_hp_loss":0.0,"gold_gain":0.0,"event_name":"Match and Keep!","player_choice":"2 cards matched","floor":22.0,"gold_loss":0.0,"damage_taken":0.0,"cards_obtained":["Biased Cognition","Hologram"]},{"damage_healed":0.0,"max_hp_gain":0.0,"max_hp_loss":0.0,"gold_gain":0.0,"event_name":"Mysterious Sphere","player_choice":"Fight","floor":37.0,"gold_loss":0.0,"damage_taken":0.0},{"damage_healed":0.0,"max_hp_gain":0.0,"max_hp_loss":0.0,"gold_gain":0.0,"event_name":"Match and Keep!","player_choice":"0 cards matched","floor":38.0,"gold_loss":0.0,"damage_taken":0.0,"cards_obtained":[]},{"cards_removed":["Strike_B"],"damage_healed":0,"gold_gain":0,"player_choice":"Removed Attack","damage_taken":0,"max_hp_gain":0,"max_hp_loss":0,"event_name":"Falling","floor":46,"gold_loss":0}],"is_beta":false,"boss_relics":[{"not_picked":["Inserter","Pandora\u0027s Box"],"picked":"Nuclear Battery"},{"not_picked":["Black Star","Philosopher\u0027s Stone"],"picked":"Snecko Eye"}],"items_purged_floors":[],"is_endless":false,"potions_floor_spawned":[2,6,8,10,12,20,25,27,30,31,35,36,44,47,54],"killed_by":"The Heart","ascension_level":18}