{"gold_per_floor":[115,115,40,40,40,65,65,83,106,106,119,137,137,169,169,169],"floor_reached":16,"playtime":336,"items_purged":["Strike_R"],"score":189,"play_id":"3e21cdd2-7e19-44da-9b18-ebd9d56f5f58","local_time":"20180702231419","is_ascension_mode":true,"campfire_choices":[{"data":"Iron Wave","floor":7,"key":"SMITH"},{"data":"Bash","floor":10,"key":"SMITH"},{"data":"Whirlwind","floor":13,"key":"SMITH"},{"data":"Pommel Strike","floor":15,"key":"SMITH"}],"neow_cost":"FIFTY_PERCENT_DAMAGE","seed_source_timestamp":13492291105340,"circlet_count":0,"master_deck":["Strike_R","Strike_R","Strike_R","Defend_R","Defend_R","Bash+1","AscendersBane","Iron Wave+1","Pommel Strike+1","Whirlwind+1"],"relics":["Burning Blood","Bag of Marbles","Dream Catcher","Happy Flower"],"potions_floor_usage":[14,14,16],"damage_taken":[{"damage":18,"enemies":"Jaw Worm","floor":1,"turns":4},{"damage":37,"enemies":"Gremlin Nob","floor":6,"turns":5},{"damage":3,"enemies":"2 Louse","floor":8,"turns":3},{"damage":12,"enemies":"Small Slimes","floor":11,"turns":3},{"damage":2,"enemies":"Red Slaver","floor":12,"turns":3},{"damage":19,"enemies":"Lagavulin","floor":14,"turns":4},{"damage":32,"enemies":"Hexaghost","floor":16,"turns":9}],"seed_played":"6152782814471963803","potions_obtained":[{"floor":6,"key":"PowerPotion"},{"floor":11,"key":"EssenceOfSteel"},{"floor":14,"key":"SkillPotion"}],"is_trial":false,"path_per_floor":["M","?","$","?","?","E","R","M","T","R","M","M","R","E","R"],"character_chosen":"IRONCLAD","items_purchased":[],"campfire_rested":0,"item_purchase_floors":[],"current_hp_per_floor":[22,15,15,75,75,44,44,47,47,47,41,45,45,32,32,0],"gold":169,"neow_bonus":"REMOVE_TWO","is_prod":false,"is_daily":false,"chose_seed":false,"campfire_upgraded":4,"win_rate":0,"timestamp":1530598459,"path_taken":["M","?","$","?","?","E","R","?","T","R","?","?","R","E","R","BOSS"],"build_version":"2018-06-29","purchased_purges":1,"victory":false,"max_hp_per_floor":[75,75,75,75,75,75,75,75,75,75,75,75,75,75,75,75],"card_choices":[{"not_picked":["Havoc","Infernal Blade"],"picked":"Iron Wave","floor":1},{"not_picked":["Armaments","Warcry"],"picked":"Pommel Strike","floor":8},{"not_picked":["Wild Strike","Reaper"],"picked":"Whirlwind","floor":12},{"not_picked":["Sword Boomerang","Pommel Strike","Feed"],"picked":"SKIP","floor":14}],"player_experience":458884,"relics_obtained":[{"floor":6,"key":"Bag of Marbles"},{"floor":9,"key":"Dream Catcher"},{"floor":14,"key":"Happy Flower"}],"event_choices":[{"event_name":"Golden Wing","player_choice":"Card Removal","floor":2,"damage_taken":0},{"event_name":"Wheel of Change","player_choice":"Full Heal","floor":4,"damage_taken":0},{"event_name":"The Cleric","player_choice":"Leave","floor":5,"damage_taken":0}],"boss_relics":[],"items_purged_floors":[3],"is_endless":false,"potions_floor_spawned":[6,11,12,14],"killed_by":"Hexaghost","ascension_level":15}