{"path_per_floor":["M","M","?","?","$","R","E","R","T","R","M","R","?","M","R","B",null,"M","?","$","?","M","R","M","R","T","?","R","E","R","$","R","B",null,"M","$","?","?","M","R","$","R","T","?","M","M"],"character_chosen":"IRONCLAD","items_purchased":["Deep Breath","Orichalcum","Combust","Shrug It Off"],"gold_per_floor":[109,121,121,121,23,23,49,49,49,49,59,59,33,51,51,146,146,164,164,10,10,26,26,41,41,41,41,41,73,73,5,5,105,105,123,48,48,48,66,66,42,42,68,120,135,150],"floor_reached":47,"campfire_rested":4,"playtime":3073,"current_hp_per_floor":[80,80,73,73,73,73,46,70,70,70,76,76,76,72,72,24,80,80,65,65,65,49,74,69,69,69,61,85,48,73,73,73,22,85,85,85,74,74,70,70,70,70,70,42,19,7],"items_purged":["Bash"],"gold":150,"score":453,"play_id":"71a3ec0b-8ff5-4cb5-8bb3-3211caea78ef","local_time":"20180308220719","is_prod":false,"is_daily":false,"is_ascension_mode":true,"campfire_upgraded":5,"timestamp":1520543239,"path_taken":["M","M","?","?","$","R","E","R","T","R","M","R","?","M","R","BOSS","M","?","$","?","M","R","M","R","T","?","R","E","R","?","R","BOSS","M","$","?","?","M","R","?","R","T","?","?","M","E"],"build_version":"2018-03-01-PROD1","purchased_purges":1,"victory":false,"master_deck":["Strike_R+1","Strike_R+1","Strike_R+1","Defend_R+1","Defend_R+1","Defend_R+1","Defend_R+1","Impervious","Flex","Inflame+1","Deep Breath+1","Rupture","Shrug It Off","Thunderclap+1","Flex","Heavy Blade+1","Flex+1","Demon Form+1","Combust","Inflame+1","Madness","Madness","Pommel Strike+1","Shrug It Off","Twin Strike","Ghostly Armor+1"],"max_hp_per_floor":[80,80,80,80,80,80,80,80,80,80,80,80,80,80,80,80,80,80,85,85,85,85,85,85,85,85,85,85,85,85,85,85,85,85,85,85,85,85,85,85,85,85,85,85,85,85],"relics":["Burning Blood","Bronze Scales","Bottled Tornado","Girya","Runic Pyramid","Orichalcum","Red Skull","Gremlin Horn","Lizard Tail","Whetstone","Torii"],"card_choices":[{"not_picked":["Sword Boomerang","Power Through"],"picked":"Flex"},{"not_picked":["Wild Strike","Clothesline"],"picked":"Inflame"},{"not_picked":["Cleave","Juggernaut"],"picked":"Rupture"},{"not_picked":["Feel No Pain","Pommel Strike"],"picked":"Shrug It Off"},{"not_picked":["Wild Strike","Reckless Charge"],"picked":"Thunderclap"},{"not_picked":["Rampage","Disarm"],"picked":"Flex"},{"not_picked":["Rampage","Spot Weakness"],"picked":"Heavy Blade"},{"not_picked":["Clash","Havoc"],"picked":"Flex"},{"not_picked":["Iron Wave","Shockwave"],"picked":"Demon Form"},{"not_picked":["Cleave","Thunderclap"],"picked":"Inflame"},{"not_picked":["Disarm","Blood for Blood"],"picked":"Pommel Strike"},{"not_picked":["Pommel Strike","Fire Breathing"],"picked":"Twin Strike"},{"not_picked":["True Grit","Shrug It Off"],"picked":"Ghostly Armor"}],"player_experience":152799,"potions_floor_usage":[46,47],"damage_taken":[{"damage":6.0,"enemies":"Jaw Worm","floor":1.0,"turns":4.0},{"damage":1.0,"enemies":"Cultist","floor":2.0,"turns":3.0},{"damage":33.0,"enemies":"3 Sentries","floor":7.0,"turns":9.0},{"damage":0.0,"enemies":"Small Slimes","floor":11.0,"turns":3.0},{"damage":10.0,"enemies":"Gremlin Gang","floor":14.0,"turns":5.0},{"damage":54.0,"enemies":"The Guardian","floor":16.0,"turns":8.0},{"damage":0.0,"enemies":"Chosen","floor":18.0,"turns":4.0},{"damage":22.0,"enemies":"2 Thieves","floor":22.0,"turns":4.0},{"damage":11.0,"enemies":"Snecko","floor":24.0,"turns":5.0},{"damage":43.0,"enemies":"Slavers","floor":29.0,"turns":5.0},{"damage":57.0,"enemies":"Automaton","floor":33.0,"turns":7.0},{"damage":3,"enemies":"Orb Walker","floor":35,"turns":2},{"damage":10,"enemies":"3 Shapes","floor":39,"turns":6},{"damage":87,"enemies":"Sphère mystérieuse","floor":44,"turns":7},{"damage":29,"enemies":"Sphere and 2 Shapes","floor":45,"turns":5},{"damage":18,"enemies":"4 Shapes","floor":46,"turns":5},{"damage":14,"enemies":"Giant Head","floor":47,"turns":6}],"event_choices":[{"event_name":"Scrap Ooze","player_choice":"success","floor":3.0,"damage_taken":7.0},{"event_name":"Bonfire Elementals","player_choice":"BASIC","floor":4.0,"damage_taken":0.0},{"event_name":"World of Goop","player_choice":"Left","floor":13.0,"damage_taken":0.0},{"event_name":"Forgotten Altar","player_choice":"Shed Blood","floor":19.0,"damage_taken":0.0},{"event_name":"Back to Basics","player_choice":"Simplicity","floor":21.0,"damage_taken":0.0},{"event_name":"Wheel of Change","player_choice":"Damage","floor":27.0,"damage_taken":0.0},{"event_name":"Winding Halls","player_choice":"Embrace Madness","floor":37,"damage_taken":0},{"event_name":"Mysterious Sphere","player_choice":"Fight","floor":44,"damage_taken":0}],"boss_relics":[{"not_picked":["Runic Dome","Black Blood"],"picked":"Lizard Tail"}],"potions_floor_spawned":[7,14,24,29,45,46],"seed_played":"4769170819520073350","killed_by":"Giant Head","ascension_level":2,"is_trial":false}