{"gold_per_floor":[215,215,233,244,262,262,23,23,23,42,70,90,125,200,200,279,279,292,311,361,286,297,297,297,297,323,323],"floor_reached":27,"playtime":1044,"items_purged":["Strike_G"],"score":383,"play_id":"4b484d2d-a59a-4d97-aeab-58b3861ab32d","local_time":"20190130173105","is_ascension_mode":true,"campfire_choices":[{"data":"Neutralize","floor":6,"key":"SMITH"},{"data":"Sucker Punch","floor":8,"key":"SMITH"},{"floor":15,"key":"REST"},{"floor":23,"key":"REST"}],"neow_cost":"NONE","seed_source_timestamp":496976228936803,"circlet_count":0,"master_deck":["AscendersBane","Defend_G","Defend_G","Defend_G","Defend_G","Defend_G","Strike_G","Strike_G","Strike_G","Survivor","Neutralize+1","Dagger Throw","Sucker Punch+1","Dagger Spray","Backstab","Deflect","PiercingWail","Corpse Explosion","Calculated Gamble","Dagger Throw+1","Noxious Fumes+1"],"relics":["Ring of the Snake","Pantograph","Juzu Bracelet","The Specimen","Odd Mushroom","Turnip","Runic Dome","Omamori"],"potions_floor_usage":[13,16,19],"damage_taken":[{"damage":2,"enemies":"Cultist","floor":1,"turns":4},{"damage":1,"enemies":"Small Slimes","floor":3,"turns":4},{"damage":1,"enemies":"2 Louse","floor":4,"turns":3},{"damage":9,"enemies":"Lots of Slimes","floor":5,"turns":7},{"damage":1,"enemies":"3 Louse","floor":10,"turns":3},{"damage":3,"enemies":"The Mushroom Lair","floor":11,"turns":4},{"damage":4,"enemies":"Red Slaver","floor":12,"turns":5},{"damage":5,"enemies":"3 Sentries","floor":13,"turns":7},{"damage":60,"enemies":"Slime Boss","floor":16,"turns":18},{"damage":11,"enemies":"Shell Parasite","floor":18,"turns":9},{"damage":2,"enemies":"Chosen","floor":19,"turns":6},{"damage":26,"enemies":"Shelled Parasite and Fungi","floor":22,"turns":7},{"damage":32,"enemies":"Book of Stabbing","floor":27,"turns":5}],"seed_played":"7014044998023856481","potions_obtained":[{"floor":5,"key":"Strength Potion"},{"floor":10,"key":"Swift Potion"},{"floor":18,"key":"Swift Potion"},{"floor":22,"key":"Swift Potion"}],"is_trial":false,"path_per_floor":["M","T","M","M","M","R","$","R","T","M","?","M","E","?","R","B",null,"M","M","?","?","M","R","?","?","T","E"],"character_chosen":"THE_SILENT","items_purchased":["Juzu Bracelet"],"campfire_rested":2,"item_purchase_floors":[7],"current_hp_per_floor":[57,57,56,55,46,46,46,46,46,45,42,38,33,22,41,6,51,40,38,38,38,12,31,31,31,31,0],"gold":323,"neow_bonus":"HUNDRED_GOLD","is_prod":false,"is_daily":false,"chose_seed":false,"campfire_upgraded":2,"win_rate":0,"timestamp":1548865865,"path_taken":["M","?","M","M","M","R","$","R","T","M","?","M","E","?","R","BOSS","M","M","?","?","M","R","?","?","T","E"],"build_version":"2019-01-23","purchased_purges":1,"victory":false,"max_hp_per_floor":[66,66,66,66,66,66,66,66,66,66,66,66,66,66,66,66,66,66,66,66,66,66,66,66,66,66,66],"card_choices":[{"not_picked":["Backflip","Setup"],"picked":"Dagger Throw","floor":1},{"not_picked":["Riddle With Holes","Prepared"],"picked":"Sucker Punch","floor":3},{"not_picked":["Blade Dance","Setup","Dagger Throw"],"picked":"SKIP","floor":4},{"not_picked":["Crippling Poison","Calculated Gamble"],"picked":"Dagger Spray","floor":5},{"not_picked":["Sucker Punch","Endless Agony","Catalyst"],"picked":"SKIP","floor":10},{"not_picked":["Bane","Setup"],"picked":"Backstab","floor":11},{"not_picked":["Finisher","Setup"],"picked":"Deflect","floor":12},{"not_picked":["Escape Plan","Bane"],"picked":"PiercingWail","floor":13},{"not_picked":["Unload","Phantasmal Killer"],"picked":"Corpse Explosion","floor":16},{"not_picked":["Reflex+1","Quick Slash"],"picked":"Calculated Gamble","floor":18},{"not_picked":["Backflip","Tactician"],"picked":"Dagger Throw+1","floor":19},{"not_picked":["Underhanded Strike","Blade Dance+1"],"picked":"Noxious Fumes","floor":22}],"player_experience":1140382,"relics_obtained":[{"floor":2,"key":"Pantograph"},{"floor":9,"key":"The Specimen"},{"floor":11,"key":"Odd Mushroom"},{"floor":13,"key":"Turnip"},{"floor":26,"key":"Omamori"}],"event_choices":[{"damage_healed":0,"gold_gain":0,"player_choice":"Fought Mushrooms","damage_taken":0,"max_hp_gain":0,"max_hp_loss":0,"event_name":"Mushrooms","floor":11,"gold_loss":0},{"damage_healed":0,"gold_gain":75,"player_choice":"Gather Gold","damage_taken":11,"max_hp_gain":0,"max_hp_loss":0,"event_name":"World of Goop","floor":14,"gold_loss":0},{"damage_healed":0,"gold_gain":100,"player_choice":"Bet on Murderer","damage_taken":0,"max_hp_gain":0,"max_hp_loss":0,"event_name":"The Joust","floor":20,"gold_loss":50},{"cards_removed":["Strike_G"],"damage_healed":0,"gold_gain":0,"player_choice":"Gave Gold","damage_taken":0,"max_hp_gain":0,"max_hp_loss":0,"event_name":"Beggar","floor":21,"gold_loss":75},{"damage_healed":0,"gold_gain":0,"player_choice":"Forge","damage_taken":0,"max_hp_gain":0,"max_hp_loss":0,"event_name":"Accursed Blacksmith","floor":24,"gold_loss":0,"cards_upgraded":["Noxious Fumes"]},{"damage_healed":0,"gold_gain":0,"player_choice":"Ignored","damage_taken":0,"max_hp_gain":0,"max_hp_loss":0,"event_name":"Vampires","floor":25,"gold_loss":0}],"is_beta":false,"boss_relics":[{"not_picked":["Lizard Tail","HoveringKite"],"picked":"Runic Dome"}],"items_purged_floors":[7],"is_endless":false,"potions_floor_spawned":[5,10,12,18,22],"killed_by":"Book of Stabbing","ascension_level":16}