{"gold_per_floor":[114,127,127,138,213,213,231,231,231,244,261,274,288,253,253,358,358,298,223,313,331,296,296,296],"floor_reached":24,"playtime":1465,"items_purged":[],"score":263,"play_id":"d847b030-4dba-4e3c-b78e-0b44516c9076","local_time":"20190201125452","is_ascension_mode":true,"campfire_choices":[{"data":"True Grit","floor":6,"key":"SMITH"},{"data":"Demon Form","floor":8,"key":"SMITH"},{"data":"Dual Wield","floor":15,"key":"SMITH"},{"floor":23,"key":"REST"}],"neow_cost":"NONE","seed_source_timestamp":744132412957634,"circlet_count":0,"master_deck":["Strike_R","Strike_R","Strike_R","Strike_R","Strike_R","Defend_R","Defend_R","Defend_R","Bash","Blood for Blood","Shrug It Off","True Grit+1","Demon Form+1","Shrug It Off","Dual Wield+1","Inflame","Inflame","Blood for Blood","Berserk","Headbutt+1","Inflame"],"relics":["Burning Blood","Question Card","Runic Cube"],"potions_floor_usage":[11,16,16,24],"damage_taken":[{"damage":6,"enemies":"Cultist","floor":1,"turns":3},{"damage":2,"enemies":"Small Slimes","floor":2,"turns":5},{"damage":4,"enemies":"Jaw Worm","floor":4,"turns":4},{"damage":12,"enemies":"Blue Slaver","floor":7,"turns":4},{"damage":12,"enemies":"Red Slaver","floor":10,"turns":5},{"damage":6,"enemies":"2 Fungi Beasts","floor":11,"turns":5},{"damage":11,"enemies":"3 Louse","floor":12,"turns":5},{"damage":12,"enemies":"Looter","floor":13,"turns":4},{"damage":17,"enemies":"Hexaghost","floor":16,"turns":7},{"damage":14,"enemies":"2 Thieves","floor":18,"turns":4},{"damage":43,"enemies":"Spheric Guardian","floor":21,"turns":6},{"damage":37,"enemies":"Snecko","floor":24,"turns":5}],"seed_played":"1829226492606947254","potions_obtained":[{"floor":2,"key":"Block Potion"},{"floor":7,"key":"Poison Potion"},{"floor":11,"key":"SpeedPotion"},{"floor":12,"key":"EssenceOfSteel"},{"floor":13,"key":"Weak Potion"}],"is_trial":false,"path_per_floor":["M","M","$","M","?","R","M","R","T","M","M","M","M","?","R","B",null,"M","?","?","M","$","R","M"],"character_chosen":"IRONCLAD","items_purchased":["Inflame"],"campfire_rested":1,"item_purchase_floors":[22],"current_hp_per_floor":[72,76,76,78,67,67,61,61,61,55,55,50,44,64,64,53,73,65,65,49,12,12,36,0],"gold":296,"neow_bonus":"THREE_CARDS","is_prod":false,"is_daily":false,"chose_seed":false,"campfire_upgraded":3,"win_rate":0,"timestamp":1549000492,"path_taken":["M","M","?","M","?","R","M","R","T","M","M","M","M","?","R","BOSS","M","?","?","M","$","R","M"],"build_version":"2019-01-23","purchased_purges":0,"victory":false,"max_hp_per_floor":[80,80,80,80,80,80,80,80,80,80,80,80,80,80,80,80,80,80,80,80,80,80,80,80],"card_choices":[{"not_picked":["Second Wind","Cleave"],"picked":"Blood for Blood","floor":0},{"not_picked":["Havoc","Cleave"],"picked":"Shrug It Off","floor":1},{"not_picked":["Pommel Strike","Wild Strike"],"picked":"True Grit","floor":2},{"not_picked":["Sword Boomerang","Perfected Strike"],"picked":"Demon Form","floor":4},{"not_picked":["Bloodletting","True Grit"],"picked":"Shrug It Off","floor":7},{"not_picked":["Clash","Cleave","Pommel Strike"],"picked":"Dual Wield","floor":10},{"not_picked":["Fire Breathing","Body Slam","Armaments"],"picked":"Inflame","floor":11},{"not_picked":["Shrug It Off","Clothesline","Dark Embrace"],"picked":"Inflame","floor":12},{"not_picked":["Armaments","Body Slam","Corruption"],"picked":"Blood for Blood","floor":13},{"not_picked":["Double Tap","Bludgeon","Demon Form"],"picked":"Berserk","floor":16},{"not_picked":["Body Slam","Wild Strike","Clash+1","Twin Strike+1"],"picked":"SKIP","floor":18},{"not_picked":["Shrug It Off","Rampage","Rage"],"picked":"Headbutt+1","floor":21}],"player_experience":301830,"relics_obtained":[{"floor":9,"key":"Question Card"}],"event_choices":[{"damage_healed":0,"gold_gain":75,"player_choice":"Gather Gold","damage_taken":11,"max_hp_gain":0,"max_hp_loss":0,"event_name":"World of Goop","floor":5,"gold_loss":0},{"damage_healed":20,"gold_gain":0,"player_choice":"Healed","damage_taken":0,"max_hp_gain":0,"max_hp_loss":0,"event_name":"The Cleric","floor":14,"gold_loss":35},{"cards_removed":["Defend_R"],"damage_healed":0,"gold_gain":0,"player_choice":"Gave Gold","damage_taken":0,"max_hp_gain":0,"max_hp_loss":0,"event_name":"Beggar","floor":19,"gold_loss":75},{"damage_healed":0,"gold_gain":90,"player_choice":"GOLD ","damage_taken":16,"max_hp_gain":0,"max_hp_loss":0,"event_name":"Knowing Skull","floor":20,"potions_obtained":[],"gold_loss":0,"cards_obtained":[]}],"is_beta":false,"boss_relics":[{"not_picked":["Astrolabe","Velvet Choker"],"picked":"Runic Cube"}],"items_purged_floors":[],"is_endless":false,"potions_floor_spawned":[2,7,11,12,13],"killed_by":"Snecko","ascension_level":8}