{"path_per_floor":["M","?","$","M","M","?","R","M","T","M","R","E","R","M","R"],"character_chosen":"IRONCLAD","items_purchased":["Entrench","Body Slam"],"gold_per_floor":[111,141,25,45,58,58,58,73,148,166,166,200,200,220,220],"floor_reached":16,"campfire_rested":0,"playtime":1142,"current_hp_per_floor":[80,80,80,80,80,80,80,73,73,75,75,60,60,58,58],"items_purged":[],"gold":220,"score":102,"play_id":"792677b1-38a5-45c7-b2ee-dc3ce66d20cb","local_time":"20180306110952","is_prod":false,"is_daily":false,"is_ascension_mode":false,"campfire_upgraded":4,"timestamp":1520330992,"path_taken":["M","?","$","?","M","?","R","M","T","M","R","E","R","M","R","BOSS"],"build_version":"2018-03-01-PROD1","purchased_purges":0,"victory":false,"master_deck":["Strike_R","Strike_R","Strike_R","Strike_R","Strike_R","Defend_R","Defend_R","Defend_R","Defend_R","Bash","Pommel Strike","Regret","Entrench+1","Body Slam+1","Iron Wave","Exhume","Flash of Steel","Fiend Fire+1","Battle Trance","Feel No Pain+1","Headbutt","Body Slam","Warcry+1"],"max_hp_per_floor":[80,80,80,80,80,80,80,80,80,80,80,80,80,80,80],"relics":["Burning Blood","Blood Vial","Tiny Chest","Mummified Hand","Toxic Egg 2"],"card_choices":[{"not_picked":["Cleave","Bloodletting"],"picked":"Pommel Strike"},{"not_picked":["Feel No Pain","Battle Trance"],"picked":"Iron Wave"},{"not_picked":["Seeing Red","Dual Wield"],"picked":"Exhume"},{"not_picked":["Cleave","Burning Pact"],"picked":"Feel No Pain"},{"not_picked":["Cleave","Twin Strike"],"picked":"Headbutt"},{"not_picked":["Headbutt","Double Tap"],"picked":"Body Slam"},{"not_picked":["Havoc","Sword Boomerang"],"picked":"Warcry"}],"player_experience":69546,"potions_floor_usage":[16],"damage_taken":[{"damage":6,"enemies":"Jaw Worm","floor":1,"turns":4},{"damage":2,"enemies":"Small Slimes","floor":4,"turns":3},{"damage":1,"enemies":"Cultist","floor":5,"turns":3},{"damage":13,"enemies":"Large Slime","floor":8,"turns":6},{"damage":6,"enemies":"Red Slaver","floor":10,"turns":3},{"damage":23,"enemies":"Lagavulin","floor":12,"turns":6},{"damage":10,"enemies":"Lots of Slimes","floor":14,"turns":4},{"damage":71,"enemies":"The Guardian","floor":16,"turns":11}],"event_choices":[{"event_name":"Big Fish","player_choice":"Box","floor":2,"damage_taken":0},{"event_name":"Match and Keep!","player_choice":"3 cards matched","floor":6,"damage_taken":0}],"boss_relics":[],"potions_floor_spawned":[5,12],"seed_played":"-1735428361835823474","killed_by":"The Guardian","ascension_level":0,"is_trial":false}