{"gold_per_floor":[110,110,123,41,41,41,41,41,41,60,90,90,119,44,44,149,149,163,163,5,24,35,35],"floor_reached":23,"playtime":1101,"items_purged":["Strike_R"],"score":236,"play_id":"b8875e1f-648c-4ff7-8699-74211495c796","local_time":"20190130230625","is_ascension_mode":true,"campfire_choices":[{"data":"Inflame","floor":6,"key":"SMITH"},{"data":"True Grit","floor":8,"key":"SMITH"},{"data":"True Grit","floor":12,"key":"SMITH"},{"floor":15,"key":"RECALL"}],"neow_cost":"NONE","seed_source_timestamp":1136904571722604,"circlet_count":0,"master_deck":["Strike_R","Defend_R","Defend_R","Defend_R","Defend_R","Bash","Barricade+1","Shrug It Off+1","Bludgeon+1","True Grit+1","Cleave","Clothesline","Inflame+1","True Grit+1","Armaments+1","Feed","Juggernaut","Dual Wield","Metallicize","Jack Of All Trades","Pommel Strike+1"],"relics":["Astrolabe","Ancient Tea Set","PreservedInsect","Matryoshka","Juzu Bracelet","Busted Crown"],"potions_floor_usage":[],"damage_taken":[{"damage":0,"enemies":"Cultist","floor":1,"turns":2},{"damage":12,"enemies":"Jaw Worm","floor":3,"turns":2},{"damage":0,"enemies":"2 Louse","floor":10,"turns":2},{"damage":20,"enemies":"Lagavulin","floor":11,"turns":6},{"damage":2,"enemies":"3 Sentries","floor":13,"turns":6},{"damage":33,"enemies":"Hexaghost","floor":16,"turns":15},{"damage":24,"enemies":"Shell Parasite","floor":18,"turns":6},{"damage":29,"enemies":"3 Byrds","floor":21,"turns":5},{"damage":15,"enemies":"Snake Plant","floor":22,"turns":7},{"damage":34,"enemies":"Slavers","floor":23,"turns":1}],"seed_played":"7529878178110469115","potions_obtained":[{"floor":13,"key":"Ancient Potion"},{"floor":16,"key":"FairyPotion"},{"floor":22,"key":"Swift Potion"}],"is_trial":false,"path_per_floor":["M","T","M","$","T","R","$","R","T","M","E","R","E","$","R","B",null,"M","?","$","M","M","E"],"character_chosen":"IRONCLAD","items_purchased":["Clothesline","Inflame","Metallicize","Jack Of All Trades"],"campfire_rested":0,"item_purchase_floors":[4,4,20,20],"current_hp_per_floor":[80,80,68,68,68,68,68,68,68,68,48,48,46,46,46,13,80,60,60,60,31,16,0],"gold":35,"neow_bonus":"BOSS_RELIC","is_prod":false,"is_daily":false,"chose_seed":false,"campfire_upgraded":3,"win_rate":0,"timestamp":1548885985,"path_taken":["M","?","?","?","?","R","$","R","T","M","E","R","E","?","R","BOSS","M","?","?","M","M","E"],"build_version":"2019-01-23","purchased_purges":1,"victory":false,"max_hp_per_floor":[80,80,80,80,80,80,80,80,80,80,80,80,80,80,80,80,80,84,84,84,84,84,84],"card_choices":[{"not_picked":["Warcry","Ghostly Armor"],"picked":"True Grit","floor":1},{"not_picked":["Havoc","Inflame"],"picked":"Cleave","floor":3},{"not_picked":["Pommel Strike","Anger"],"picked":"True Grit","floor":10},{"not_picked":["Dark Embrace","Rampage"],"picked":"Armaments","floor":11},{"not_picked":["Burning Pact","Cleave"],"picked":"Feed","floor":13},{"not_picked":["Offering","Brutality"],"picked":"Juggernaut","floor":16},{"not_picked":[],"picked":"Dual Wield","floor":18},{"not_picked":[],"picked":"Pommel Strike+1","floor":21},{"not_picked":["Flex+1"],"picked":"SKIP","floor":22}],"player_experience":458109,"relics_obtained":[{"floor":5,"key":"Ancient Tea Set"},{"floor":9,"key":"PreservedInsect"},{"floor":11,"key":"Matryoshka"},{"floor":13,"key":"Juzu Bracelet"}],"event_choices":[{"damage_healed":0,"gold_gain":0,"player_choice":"Upgraded","damage_taken":0,"max_hp_gain":0,"max_hp_loss":0,"event_name":"Upgrade Shrine","floor":19,"gold_loss":0,"cards_upgraded":["Armaments"]}],"is_beta":false,"boss_relics":[{"not_picked":["Empty Cage","Ectoplasm"],"picked":"Busted Crown"}],"items_purged_floors":[14],"is_endless":false,"potions_floor_spawned":[13,16,22],"killed_by":"Slavers","ascension_level":4}