{"path_per_floor":["M","M","?","$","M","E","?","R","T","?","M","R","E","$","R","B",null,"M","?","$","M","M","R"],"character_chosen":"THE_SILENT","items_purchased":["Deflect"],"gold_per_floor":[112,122,101,26,42,76,76,76,102,102,118,118,161,61,61,181,181,205,205,26,40,55,55,55],"floor_reached":24,"campfire_rested":2,"playtime":878,"current_hp_per_floor":[70,70,70,70,70,59,52,52,52,52,52,52,31,31,52,24,70,47,47,47,35,14,35,0],"items_purged":["Strike_G","Strike_G","Writhe"],"gold":55,"score":245,"play_id":"9dac5d5c-4140-4e39-9ad1-86f3e698374e","local_time":"20180403191430","is_prod":false,"is_daily":false,"is_ascension_mode":true,"campfire_upgraded":2,"timestamp":1522775670,"path_taken":["M","M","?","$","M","E","?","R","T","?","M","R","E","$","R","BOSS","M","?","$","M","?","R","E"],"build_version":"2018-03-29v2","purchased_purges":3,"victory":false,"master_deck":["Defend_G","Defend_G","Defend_G","Defend_G","Defend_G","Strike_G","Strike_G","Strike_G","Survivor","Neutralize+1","Flying Knee","Predator+1","Deflect","All Out Attack+1","Injury","Noxious Fumes","Burst","Deflect","Bane","Deadly Poison"],"max_hp_per_floor":[70,70,70,70,70,70,70,70,70,70,70,70,70,70,70,70,70,70,70,70,70,70,70,70],"relics":["Ring of the Snake","Calipers","Anchor","Art of War","Golden Idol","Tingsha","The Specimen","Blood Vial"],"card_choices":[{"not_picked":["Dodge and Roll","Dagger Throw"],"picked":"Flying Knee","floor":1},{"not_picked":["Prepared","Blur"],"picked":"Predator","floor":2},{"not_picked":["Dash","Poisoned Stab"],"picked":"Deflect","floor":5},{"not_picked":["Flying Knee","Tools of the Trade"],"picked":"All Out Attack","floor":6},{"not_picked":["Sucker Punch","PiercingWail"],"picked":"Noxious Fumes","floor":13},{"not_picked":["Tactician","Corpse Explosion"],"picked":"Burst","floor":16},{"not_picked":["Choke","Caltrops"],"picked":"Bane","floor":21},{"not_picked":["Infinite Blades","Quick Slash"],"picked":"Deadly Poison","floor":22}],"player_experience":295214,"potions_floor_usage":[6,13,18,22,24],"damage_taken":[{"damage":0,"enemies":"Small Slimes","floor":1,"turns":4},{"damage":0,"enemies":"2 Louse","floor":2,"turns":3},{"damage":0,"enemies":"Jaw Worm","floor":5,"turns":4},{"damage":11,"enemies":"3 Sentries","floor":6,"turns":11},{"damage":0,"enemies":"Looter","floor":11,"turns":3},{"damage":21,"enemies":"Lagavulin","floor":13,"turns":6},{"damage":28,"enemies":"The Guardian","floor":16,"turns":11},{"damage":23,"enemies":"3 Byrds","floor":18,"turns":4},{"damage":14,"enemies":"Shell Parasite","floor":21,"turns":6},{"damage":23,"enemies":"Snecko","floor":22,"turns":6},{"damage":41,"enemies":"Slavers","floor":24,"turns":4}],"event_choices":[{"event_name":"World of Goop","player_choice":"Left","floor":3,"damage_taken":0},{"event_name":"Scrap Ooze","player_choice":"success","floor":7,"damage_taken":7},{"event_name":"Golden Idol","player_choice":"Take Wound","floor":10,"damage_taken":0},{"event_name":"The Mausoleum","player_choice":"Yes","floor":19,"damage_taken":0}],"boss_relics":[{"not_picked":["Ectoplasm","Astrolabe"],"picked":"The Specimen"}],"potions_floor_spawned":[2,5,6,16,18,21],"seed_played":"129038755894230583","killed_by":"Slavers","ascension_level":4,"is_trial":false}