{"gold_per_floor":[366,377,393,119,130,158,158,158,158,158,193,203,203,216,216,311,361,333,333,333,346,18,18,37,37,37,37,47,47,116,150,150,247,247,261,611,212,272,292,292,342],"floor_reached":41,"playtime":6618,"items_purged":["Clumsy","Strike_G"],"score":448,"play_id":"6604abc6-9ded-4958-a5e2-93b80cdb533e","local_time":"20190129022203","is_ascension_mode":false,"campfire_choices":[{"floor":7,"key":"REST"},{"data":"Cloak And Dagger","floor":10,"key":"SMITH"},{"floor":15,"key":"REST"},{"floor":23,"key":"REST"},{"floor":25,"key":"REST"},{"floor":32,"key":"REST"},{"data":"Glass Knife","floor":40,"key":"SMITH"}],"neow_cost":"CURSE","seed_source_timestamp":195461184775400,"circlet_count":0,"master_deck":["Defend_G","Defend_G","Defend_G","Defend_G","Defend_G","Strike_G","Strike_G","Strike_G","Strike_G+1","Survivor","Neutralize","Caltrops+1","PiercingWail","Infinite Blades","Cloak And Dagger+1","Flying Knee","Dagger Spray","Blade Dance","Glass Knife+1","Backflip","Dagger Spray","Well Laid Plans","Accuracy","Accuracy+1","Deflect+1","Leg Sweep+1","All Out Attack","Malaise","Noxious Fumes","Deflect+1","Backflip","Footwork+1","Caltrops+1","Dash+1"],"relics":["Ring of the Snake","Vajra","Bag of Preparation","Bottled Lightning","Meat on the Bone","Tiny House","Ornamental Fan","Ginger","SsserpentHead","WingedGreaves","Orrery","Incense Burner"],"potions_floor_usage":[6,11,11,16,16,16,18,20,30,31,33,33,33,41,41],"damage_taken":[{"damage":1,"enemies":"Cultist","floor":1,"turns":5},{"damage":5,"enemies":"Jaw Worm","floor":2,"turns":4},{"damage":3,"enemies":"Small Slimes","floor":3,"turns":4},{"damage":2,"enemies":"Red Slaver","floor":5,"turns":4},{"damage":13,"enemies":"Lagavulin","floor":6,"turns":7},{"damage":13,"enemies":"Gremlin Nob","floor":11,"turns":4},{"damage":1,"enemies":"Large Slime","floor":12,"turns":5},{"damage":1,"enemies":"Exordium Wildlife","floor":14,"turns":3},{"damage":24,"enemies":"Hexaghost","floor":16,"turns":8},{"damage":12,"enemies":"2 Thieves","floor":18,"turns":5},{"damage":7,"enemies":"Colosseum Slavers","floor":20,"turns":2},{"damage":22,"enemies":"Spheric Guardian","floor":21,"turns":4},{"damage":26,"enemies":"3 Cultists","floor":24,"turns":7},{"damage":10,"enemies":"Shelled Parasite and Fungi","floor":28,"turns":5},{"damage":0,"enemies":"Cultist and Chosen","floor":30,"turns":5},{"damage":9,"enemies":"Book of Stabbing","floor":31,"turns":5},{"damage":52,"enemies":"Champ","floor":33,"turns":9},{"damage":22,"enemies":"3 Shapes","floor":35,"turns":6},{"damage":14,"enemies":"3 Darklings","floor":38,"turns":7},{"damage":2,"enemies":"Spire Growth","floor":39,"turns":7},{"damage":51,"enemies":"2 Orb Walkers","floor":41,"turns":5}],"seed_played":"-7340696163490775036","potions_obtained":[{"floor":2,"key":"EntropicBrew"},{"floor":6,"key":"Poison Potion"},{"floor":12,"key":"EntropicBrew"},{"floor":16,"key":"Regen Potion"},{"floor":17,"key":"Swift Potion"},{"floor":24,"key":"PowerPotion"},{"floor":28,"key":"Ancient Potion"},{"floor":30,"key":"FearPotion"},{"floor":31,"key":"Weak Potion"},{"floor":33,"key":"Strength Potion"},{"floor":38,"key":"SteroidPotion"}],"is_trial":false,"path_per_floor":["M","M","M","$","M","E","R","?","T","R","E","M","?","M","R","B",null,"M","?","?","M","$","R","M","R","T","?","M","$","M","E","R","B",null,"M","?","$","M","M","R","?"],"character_chosen":"THE_SILENT","items_purchased":["Cloak And Dagger","Vajra","Ornamental Fan","Accuracy","Incense Burner"],"campfire_rested":5,"item_purchase_floors":[4,4,22,22,37],"current_hp_per_floor":[69,64,61,61,59,46,67,67,67,67,54,53,53,52,70,46,75,63,47,40,30,30,52,38,60,60,60,50,50,50,41,63,38,75,53,53,53,39,49,49,0],"gold":342,"neow_bonus":"TWO_FIFTY_GOLD","is_prod":false,"is_daily":false,"chose_seed":false,"campfire_upgraded":2,"win_rate":0.0,"timestamp":1548746523,"path_taken":["M","M","M","$","?","E","R","?","T","R","E","M","?","?","R","BOSS","M","?","?","?","$","R","M","R","T","?","M","$","?","E","R","BOSS","M","?","$","?","M","R","?"],"build_version":"2019-01-23","purchased_purges":2,"victory":false,"max_hp_per_floor":[70,70,70,70,70,70,70,70,70,70,70,70,70,70,70,70,75,75,75,75,75,75,75,75,75,75,75,75,75,75,75,75,75,75,75,75,75,75,75,75,75],"card_choices":[{"not_picked":["Well Laid Plans","PiercingWail"],"picked":"Caltrops","floor":1},{"not_picked":["Underhanded Strike","Deadly Poison"],"picked":"PiercingWail","floor":2},{"not_picked":["PiercingWail","Calculated Gamble"],"picked":"Infinite Blades","floor":3},{"not_picked":["Poisoned Stab","Underhanded Strike"],"picked":"Flying Knee","floor":5},{"not_picked":["Endless Agony","Bane","Acrobatics"],"picked":"SKIP","floor":6},{"not_picked":["Bane","Blade Dance"],"picked":"Dagger Spray","floor":11},{"not_picked":["Riddle With Holes","Acrobatics"],"picked":"Blade Dance","floor":12},{"not_picked":["Prepared","Burst","Blade Dance"],"picked":"SKIP","floor":14},{"not_picked":["Phantasmal Killer","A Thousand Cuts"],"picked":"Glass Knife","floor":16},{"not_picked":["Riddle With Holes","Deflect"],"picked":"Backflip","floor":17},{"not_picked":["Reflex+1","Slice"],"picked":"Dagger Spray","floor":18},{"not_picked":["Underhanded Strike","Poisoned Stab+1"],"picked":"Well Laid Plans","floor":21},{"not_picked":["Blade Dance","Poisoned Stab"],"picked":"Accuracy+1","floor":24},{"not_picked":["Poisoned Stab","Slice"],"picked":"Deflect+1","floor":28},{"not_picked":["PiercingWail","Prepared"],"picked":"Leg Sweep+1","floor":30},{"not_picked":["Bane","Storm of Steel"],"picked":"All Out Attack","floor":31},{"not_picked":["Unload","Night Terror"],"picked":"Malaise","floor":33},{"not_picked":["Deadly Poison","Deflect+1"],"picked":"Noxious Fumes","floor":34},{"not_picked":["Riddle With Holes+1","Distraction"],"picked":"Deflect+1","floor":34},{"not_picked":["Poisoned Stab","Dagger Spray+1"],"picked":"Backflip","floor":34},{"not_picked":["Bane+1","Finisher"],"picked":"Footwork+1","floor":35},{"not_picked":["Phantasmal Killer","Masterful Stab+1"],"picked":"Caltrops+1","floor":38},{"not_picked":["Dagger Spray+1","Dagger Throw+1"],"picked":"Dash+1","floor":39}],"player_experience":154827,"relics_obtained":[{"floor":6,"key":"Bag of Preparation"},{"floor":9,"key":"Bottled Lightning"},{"floor":11,"key":"Meat on the Bone"},{"floor":26,"key":"Ginger"},{"floor":31,"key":"WingedGreaves"}],"event_choices":[{"damage_healed":0,"gold_gain":0,"player_choice":"Leave","damage_taken":0,"max_hp_gain":0,"max_hp_loss":0,"event_name":"The Cleric","floor":8,"gold_loss":0},{"damage_healed":0,"gold_gain":0,"player_choice":"Forge","damage_taken":0,"max_hp_gain":0,"max_hp_loss":0,"event_name":"Accursed Blacksmith","floor":13,"gold_loss":0,"cards_upgraded":["Caltrops"]},{"damage_healed":0,"gold_gain":0,"player_choice":"Obtained Book","damage_taken":16,"max_hp_gain":0,"max_hp_loss":0,"event_name":"Cursed Tome","floor":19,"gold_loss":0},{"damage_healed":0,"gold_gain":0,"player_choice":"Fight","damage_taken":0,"max_hp_gain":0,"max_hp_loss":0,"event_name":"Colosseum","floor":20,"gold_loss":0},{"damage_healed":0,"gold_gain":0,"player_choice":"Fled From Nobs","damage_taken":0,"max_hp_gain":0,"max_hp_loss":0,"event_name":"Colosseum","floor":20,"gold_loss":0},{"damage_healed":0,"gold_gain":0,"player_choice":"Trade","damage_taken":0,"relics_obtained":["SsserpentHead"],"max_hp_gain":0,"max_hp_loss":0,"event_name":"FaceTrader","floor":27,"gold_loss":0},{"damage_healed":0,"gold_gain":300,"player_choice":"Gold","damage_taken":0,"max_hp_gain":0,"max_hp_loss":0,"event_name":"Wheel of Change","floor":36,"gold_loss":0},{"damage_healed":0,"gold_gain":0,"player_choice":"Fight","damage_taken":0,"max_hp_gain":0,"max_hp_loss":0,"event_name":"Mysterious Sphere","floor":41,"gold_loss":0}],"is_beta":false,"boss_relics":[{"not_picked":["White Beast Statue","Busted Crown"],"picked":"Tiny House"},{"not_picked":["Snecko Eye","Empty Cage"],"picked":"Orrery"}],"items_purged_floors":[4,37],"is_endless":false,"potions_floor_spawned":[2,6,12,16,24,28,30,31,33,38],"killed_by":"2 Orb Walkers","ascension_level":0}