{"gold_per_floor":[117,292,311,28,28,28,44,44,44,44,44,9,9,20,20,121,121,133,148,148,148,167,167,186,196,223,238,238],"floor_reached":28,"playtime":1743,"items_purged":[],"score":235,"play_id":"9c7a2996-b822-48f2-a8ac-2c14c86ed765","local_time":"20181015162944","is_ascension_mode":false,"campfire_choices":[{"data":"Zap","floor":6,"key":"SMITH"},{"data":"Rebound","floor":11,"key":"SMITH"},{"data":"Rebound","floor":13,"key":"SMITH"},{"data":"Dualcast","floor":15,"key":"SMITH"},{"floor":23,"key":"REST"}],"neow_cost":"","seed_source_timestamp":340585019517188,"circlet_count":0,"master_deck":["Defend_B+1","Defend_B","Defend_B","Defend_B","Zap+1","Dualcast+1","Capacitor","Doubt","Rebound+1","Ball Lightning","Cold Snap","Rebound+1","Reprogram","Undo","Echo Form","Storm+1","Self Repair","Bite","Bite+1","Bite","Bite","Bite+1","Go for the Eyes+1","Sweeping Beam+1","Genetic Algorithm+1","Compile Driver+1"],"relics":["FrozenCore","OrangePellets","Bottled Flame","Matryoshka","Pen Nib","Whetstone"],"potions_floor_usage":[16,24,25],"damage_taken":[{"damage":0,"enemies":"2 Louse","floor":1,"turns":2},{"damage":1,"enemies":"Jaw Worm","floor":3,"turns":6},{"damage":0,"enemies":"Cultist","floor":7,"turns":4},{"damage":2,"enemies":"2 Fungi Beasts","floor":14,"turns":3},{"damage":31,"enemies":"Hexaghost","floor":16,"turns":8},{"damage":14,"enemies":"3 Byrds","floor":18,"turns":6},{"damage":13,"enemies":"Spheric Guardian","floor":19,"turns":5},{"damage":43,"enemies":"Centurion and Healer","floor":22,"turns":8},{"damage":26,"enemies":"Chosen and Byrds","floor":24,"turns":8},{"damage":7,"enemies":"Snecko","floor":25,"turns":5},{"damage":26,"enemies":"Centurion and Healer","floor":27,"turns":7},{"damage":29,"enemies":"Snake Plant","floor":28,"turns":4}],"seed_played":"-7020772655689814398","potions_obtained":[{"floor":1,"key":"LiquidBronze"},{"floor":7,"key":"Ancient Potion"},{"floor":24,"key":"SpeedPotion"}],"is_trial":false,"path_per_floor":["M","?","M","$","?","R","M","T","T","?","R","$","R","M","R","B",null,"M","M","?","?","M","R","M","M","T","M"],"character_chosen":"DEFECT","items_purchased":["Ball Lightning","Cold Snap","OrangePellets","Reprogram"],"campfire_rested":1,"item_purchase_floors":[4,4,4,12],"current_hp_per_floor":[75,75,74,74,74,74,74,74,74,59,59,59,59,57,57,26,75,61,48,48,48,24,39,30,36,36,26,0],"gold":238,"neow_bonus":"","is_prod":false,"is_daily":false,"chose_seed":false,"campfire_upgraded":4,"win_rate":0.0,"timestamp":1539574184,"path_taken":["M","?","M","$","?","R","?","?","T","?","R","$","R","M","R","BOSS","M","M","?","?","M","R","M","?","T","M","M"],"build_version":"2018-10-11","purchased_purges":0,"victory":false,"max_hp_per_floor":[75,75,75,75,75,75,75,75,75,75,75,75,75,75,75,75,75,75,75,75,52,52,52,52,52,52,52,52],"card_choices":[{"not_picked":["Sweeping Beam","Barrage"],"picked":"Capacitor","floor":1},{"not_picked":["Steam","Turbo"],"picked":"Rebound","floor":3},{"not_picked":["Double Energy","Hologram"],"picked":"Rebound","floor":7},{"not_picked":["Hologram","Compile Driver"],"picked":"Undo","floor":14},{"not_picked":["Thunder Strike","Multi-Cast"],"picked":"Echo Form","floor":16},{"not_picked":["Double Energy","Gash+1"],"picked":"Storm+1","floor":18},{"not_picked":["Coolheaded","Turbo"],"picked":"Self Repair","floor":19},{"not_picked":["Hello World","Ball Lightning"],"picked":"Go for the Eyes+1","floor":22},{"not_picked":["Compile Driver","Go for the Eyes"],"picked":"Sweeping Beam+1","floor":24},{"not_picked":["Compile Driver+1","Steam"],"picked":"Genetic Algorithm+1","floor":25},{"not_picked":["Stack","Streamline"],"picked":"Compile Driver+1","floor":27}],"player_experience":56979,"relics_obtained":[{"floor":8,"key":"Bottled Flame"},{"floor":9,"key":"Matryoshka"},{"floor":26,"key":"Pen Nib"},{"floor":26,"key":"Whetstone"}],"event_choices":[{"event_name":"Liars Game","player_choice":"agreed","floor":2,"damage_taken":0},{"event_name":"The Cleric","player_choice":"Leave","floor":5,"damage_taken":0},{"event_name":"Shining Light","player_choice":"Entered Light","floor":10,"damage_taken":0},{"event_name":"Back to Basics","player_choice":"Elegance","floor":20,"damage_taken":0},{"event_name":"Vampires","player_choice":"Became a vampire","floor":21,"damage_taken":0}],"is_beta":false,"boss_relics":[{"not_picked":["Tiny House","Velvet Choker"],"picked":"FrozenCore"}],"items_purged_floors":[],"is_endless":false,"potions_floor_spawned":[1,7,24],"killed_by":"Snake Plant","ascension_level":0}