{"path_per_floor":["M","M","M","M","M","E","?","E","T","M","$","R","E","M","R","B",null],"character_chosen":"DEFECT","items_purchased":["Chill","FTL","Stack"],"gold_per_floor":[119,131,142,157,173,208,173,207,232,252,95,95,128,145,145,245,275,275],"floor_reached":18,"campfire_rested":2,"playtime":1490,"item_purchase_floors":[11,11,11],"current_hp_per_floor":[74,74,72,61,52,24,42,17,17,8,8,30,18,25,49,34,75,40],"items_purged":[],"gold":275,"score":230,"play_id":"1f54e867-d531-4da1-8709-56a8d9af5ea1","local_time":"20180605151647","is_prod":false,"is_daily":false,"chose_seed":false,"is_ascension_mode":true,"campfire_upgraded":0,"win_rate":0,"timestamp":1528204607,"campfire_choices":[{"floor":12,"key":"REST"},{"floor":15,"key":"REST"}],"path_taken":["M","M","M","M","M","E","?","E","T","M","$","R","E","M","R","BOSS","M"],"build_version":"2018-05-31","seed_source_timestamp":18574101891138,"purchased_purges":0,"victory":false,"master_deck":["Strike_B","Strike_B","Strike_B","Strike_B","Defend_B","Defend_B","Defend_B","Defend_B","Zap","Dualcast","Sweeping Beam","Sweeping Beam","Sweeping Beam","Hologram","Barrage","Fission","Defragment","Conserve Battery","Self Repair","Chill","FTL","Stack","Thunder Strike","Hello World+1","Core Surge","Conserve Battery"],"max_hp_per_floor":[75,75,75,75,75,75,75,75,75,75,75,75,82,82,82,82,87,87],"relics":["Cracked Core","Lantern","Vajra","Ancient Tea Set","Strawberry","Tiny House"],"card_choices":[{"not_picked":["Gash","Double Energy"],"picked":"Sweeping Beam","floor":0},{"not_picked":["Lockon","Gash"],"picked":"Sweeping Beam","floor":1},{"not_picked":["Rip and Tear","Turbo"],"picked":"Sweeping Beam","floor":2},{"not_picked":["Steam","Gash"],"picked":"Hologram","floor":3},{"not_picked":["Gash","Stack"],"picked":"Barrage","floor":4},{"not_picked":["Tempest","Streamline"],"picked":"Fission","floor":5},{"not_picked":["Reboot","Consume"],"picked":"Defragment","floor":6},{"not_picked":["Capacitor","Steam"],"picked":"Conserve Battery","floor":8},{"not_picked":["Coolheaded","FTL"],"picked":"Self Repair","floor":10},{"not_picked":["Beam Cell","Redo"],"picked":"Thunder Strike","floor":13},{"not_picked":["Sunder","Gash"],"picked":"Hello World","floor":14},{"not_picked":["Amplify","Biased Cognition"],"picked":"Core Surge","floor":16},{"not_picked":["Storm","Compile Driver"],"picked":"Conserve Battery","floor":17}],"player_experience":723450,"potions_floor_usage":[5,6,8,8],"damage_taken":[{"damage":1,"enemies":"Cultist","floor":1,"turns":3},{"damage":0,"enemies":"2 Louse","floor":2,"turns":1},{"damage":2,"enemies":"Jaw Worm","floor":3,"turns":3},{"damage":11,"enemies":"Large Slime","floor":4,"turns":6},{"damage":9,"enemies":"Blue Slaver","floor":5,"turns":4},{"damage":28,"enemies":"Gremlin Nob","floor":6,"turns":4},{"damage":25,"enemies":"Lagavulin","floor":8,"turns":7},{"damage":9,"enemies":"Red Slaver","floor":10,"turns":2},{"damage":26,"enemies":"Gremlin Nob","floor":13,"turns":4},{"damage":0,"enemies":"Gremlin Gang","floor":14,"turns":5},{"damage":22,"enemies":"Slime Boss","floor":16,"turns":12},{"damage":35,"enemies":"Shell Parasite","floor":18,"turns":9}],"relics_obtained":[{"floor":6,"key":"Lantern"},{"floor":8,"key":"Vajra"},{"floor":9,"key":"Ancient Tea Set"},{"floor":13,"key":"Strawberry"}],"event_choices":[{"event_name":"The Cleric","player_choice":"Healed","floor":7,"damage_taken":0}],"boss_relics":[{"not_picked":["Velvet Choker","Runic Pyramid"],"picked":"Tiny House"}],"items_purged_floors":[],"potions_floor_spawned":[3,4,5,6,14,16],"seed_played":"462900780757780816","killed_by":"Shell Parasite","ascension_level":5,"potions_obtained":[{"floor":3,"key":"Energy Potion"},{"floor":4,"key":"Block Potion"},{"floor":5,"key":"SneckoOil"},{"floor":6,"key":"Ancient Potion"},{"floor":14,"key":"Swift Potion"},{"floor":16,"key":"SkillPotion"},{"floor":17,"key":"FearPotion"}],"is_trial":false}