{"gold_per_floor":[10,10,20,20,40,40,54,54,54,72,87,98,98,23,23,124,124,143,143,162,175,32,32,49,49,49,49,49,49,64,15,15,15],"floor_reached":33,"playtime":1751,"items_purged":["Strike_G"],"score":239,"play_id":"0a701483-68d8-4a3a-ba13-e069207d5c45","local_time":"20181206174103","is_ascension_mode":false,"campfire_choices":[{"data":"Infinite Blades","floor":6,"key":"SMITH"},{"data":"Blade Dance","floor":13,"key":"SMITH"},{"data":"Dash","floor":15,"key":"SMITH"},{"floor":23,"key":"REST"},{"data":"Venomology","floor":25,"key":"SMITH"},{"floor":32,"key":"REST"}],"neow_cost":"NO_GOLD","seed_source_timestamp":870886945116092,"circlet_count":0,"master_deck":["Defend_G","Defend_G","Defend_G","Defend_G","Defend_G","Strike_G","Strike_G","Strike_G","Survivor","Neutralize","Dramatic Entrance","Dramatic Entrance","Choke","Decay","Quick Slash","Infinite Blades+1","Blade Dance","Blur","Blur","Dash+1","Blade Dance+1","Venomology+1","PiercingWail","Dash","Quick Slash+1","Choke","Outmaneuver+1","Blade Dance"],"relics":["Ring of the Serpent","Ninja Scroll","Potion Belt","Kunai"],"potions_floor_usage":[16,16,21,21,21,24,28,28,30,33,33],"damage_taken":[{"damage":0,"enemies":"2 Louse","floor":1,"turns":2},{"damage":0,"enemies":"Cultist","floor":3,"turns":3},{"damage":0,"enemies":"Small Slimes","floor":5,"turns":1},{"damage":0,"enemies":"Red Slaver","floor":7,"turns":3},{"damage":0,"enemies":"3 Louse","floor":10,"turns":1},{"damage":7,"enemies":"Blue Slaver","floor":11,"turns":3},{"damage":0,"enemies":"Exordium Thugs","floor":12,"turns":3},{"damage":38,"enemies":"Hexaghost","floor":16,"turns":11},{"damage":6,"enemies":"Chosen","floor":18,"turns":5},{"damage":2,"enemies":"3 Byrds","floor":20,"turns":4},{"damage":22,"enemies":"Snake Plant","floor":21,"turns":6},{"damage":25,"enemies":"Shelled Parasite and Fungi","floor":24,"turns":8},{"damage":13,"enemies":"Colosseum Slavers","floor":28,"turns":3},{"damage":36,"enemies":"Sentry and Sphere","floor":30,"turns":6},{"damage":26,"enemies":"Automaton","floor":33,"turns":6}],"seed_played":"-1360938597559718818","potions_obtained":[{"floor":5,"key":"Strength Potion"},{"floor":7,"key":"EssenceOfSteel"},{"floor":11,"key":"SkillPotion"},{"floor":16,"key":"Poison Potion"},{"floor":24,"key":"Explosive Potion"},{"floor":30,"key":"EssenceOfSteel"}],"is_trial":false,"path_per_floor":["M","?","M","$","M","R","M","?","T","M","M","M","R","$","R","B",null,"M","?","M","M","$","R","M","R","T","$","?","?","M","$","R","B"],"character_chosen":"THE_SILENT","items_purchased":["Potion Belt","Blade Dance"],"campfire_rested":2,"item_purchase_floors":[22,31],"current_hp_per_floor":[70,70,70,70,70,70,70,70,70,70,63,63,63,63,63,25,70,64,64,62,40,40,61,50,50,50,50,37,37,1,1,22,0],"gold":15,"neow_bonus":"RANDOM_COLORLESS_2","is_prod":false,"is_daily":false,"chose_seed":false,"campfire_upgraded":4,"win_rate":0.0,"timestamp":1544071263,"path_taken":["M","?","?","$","M","R","M","?","T","M","M","M","R","$","R","BOSS","M","?","?","M","$","R","M","R","T","?","?","?","?","$","R","BOSS"],"build_version":"2018-11-15","purchased_purges":1,"victory":false,"max_hp_per_floor":[70,70,70,70,70,70,70,70,70,70,70,70,70,70,70,70,70,70,70,70,70,70,70,70,70,70,70,70,70,70,70,70,70],"card_choices":[{"not_picked":["Prepared","Sucker Punch"],"picked":"Choke","floor":1},{"not_picked":["Slice","Prepared"],"picked":"Quick Slash","floor":3},{"not_picked":["Expertise","Sucker Punch"],"picked":"Infinite Blades","floor":5},{"not_picked":["Dagger Throw","Backflip"],"picked":"Blade Dance","floor":7},{"not_picked":["Poisoned Stab","Backflip"],"picked":"Blur","floor":10},{"not_picked":["Deadly Poison","Leg Sweep"],"picked":"Dash","floor":11},{"not_picked":["Riddle With Holes","Setup"],"picked":"Blade Dance","floor":12},{"not_picked":["Glass Knife","Burst"],"picked":"Venomology","floor":16},{"not_picked":["Dagger Spray","Blade Dance"],"picked":"PiercingWail","floor":18},{"not_picked":["Skewer","Flechettes"],"picked":"Dash","floor":20},{"not_picked":["Bane","Deadly Poison"],"picked":"Quick Slash+1","floor":21},{"not_picked":["Bane","Expertise","Deflect"],"picked":"SKIP","floor":24},{"not_picked":["Glass Knife","Underhanded Strike+1"],"picked":"Outmaneuver+1","floor":30}],"player_experience":401439,"relics_obtained":[{"floor":9,"key":"Ninja Scroll"},{"floor":26,"key":"Kunai"}],"event_choices":[{"damage_healed":0,"gold_gain":0,"player_choice":"Cursed","damage_taken":0,"max_hp_gain":0,"max_hp_loss":0,"event_name":"Wheel of Change","floor":2,"gold_loss":0,"cards_obtained":["Decay"]},{"damage_healed":0,"gold_gain":0,"cards_transformed":["Strike_G"],"player_choice":"Change","damage_taken":0,"max_hp_gain":0,"max_hp_loss":0,"event_name":"Living Wall","floor":8,"gold_loss":0,"cards_obtained":["Blur"]},{"damage_healed":0,"gold_gain":0,"player_choice":"Ignored","damage_taken":0,"max_hp_gain":0,"max_hp_loss":0,"event_name":"N\u0027loth","floor":19,"gold_loss":0},{"damage_healed":0,"gold_gain":0,"player_choice":"Fight","damage_taken":0,"max_hp_gain":0,"max_hp_loss":0,"event_name":"Colosseum","floor":28,"gold_loss":0},{"damage_healed":0,"gold_gain":0,"player_choice":"Fled From Nobs","damage_taken":0,"max_hp_gain":0,"max_hp_loss":0,"event_name":"Colosseum","floor":28,"gold_loss":0},{"damage_healed":0,"gold_gain":0,"player_choice":"Copied","damage_taken":0,"max_hp_gain":0,"max_hp_loss":0,"event_name":"Duplicator","floor":29,"gold_loss":0,"cards_obtained":["Choke"]}],"is_beta":false,"boss_relics":[{"not_picked":["White Beast Statue","Runic Dome"],"picked":"Ring of the Serpent"}],"items_purged_floors":[14],"is_endless":false,"potions_floor_spawned":[5,7,11,12,16,18,20,24,30],"killed_by":"Automaton","ascension_level":0}