{"gold_per_floor":[112,112,37,58,58,97,122,145,145,145,160,184,184,197,197,321,321,340,21,36,36,70,70,105,15,15,30,30,30,46,66,66,190,190,206,331,664,72,82,82,102,102,156,378,392,392,402,402,402,402],"floor_reached":51,"playtime":1740,"items_purged":["Strike_B","Strike_B","Cold Snap"],"score":777,"play_id":"c3bc92fb-dbeb-4fed-bad4-80b8d64f4995","local_time":"20181225234648","is_ascension_mode":true,"campfire_choices":[{"data":"Streamline","floor":10.0,"key":"SMITH"},{"data":"Hologram","floor":13.0,"key":"SMITH"},{"data":"Darkness","floor":15.0,"key":"SMITH"},{"floor":23.0,"key":"REST"},{"data":"Creative AI","floor":29.0,"key":"PURGE"},{"floor":32.0,"key":"REST"},{"data":"Recycle","floor":40.0,"key":"SMITH"},{"data":"Fusion","floor":42.0,"key":"SMITH"},{"data":"Writhe","floor":49,"key":"PURGE"}],"neow_cost":"NONE","seed_source_timestamp":35844773639550,"circlet_count":0,"master_deck":["Defend_B+1","Zap","Dualcast","Streamline+1","FTL","Fusion+1","Machine Learning","Hologram+1","Genetic Algorithm","Darkness+1","Biased Cognition","Hologram+1","Deep Breath","Rebound","All For One","Beam Cell","Self Repair","Buffer","Recycle+1","Gash+1","Madness","Madness","Coolheaded+1"],"special_seed":0,"relics":["Cracked Core","NeowsBlessing","The Courier","Unceasing Top","Sozu","TheAbacus","Red Mask","Peace Pipe","Emotion Chip","Cursed Key","Torii","Lantern","Anchor","Gremlin Horn"],"potions_floor_usage":[],"damage_taken":[{"damage":0.0,"enemies":"Jaw Worm","floor":1.0,"turns":1.0},{"damage":0.0,"enemies":"Cultist","floor":4.0,"turns":1.0},{"damage":0.0,"enemies":"Lagavulin","floor":6.0,"turns":1.0},{"damage":0.0,"enemies":"Small Slimes","floor":7.0,"turns":2.0},{"damage":6.0,"enemies":"3 Louse","floor":8.0,"turns":2.0},{"damage":0.0,"enemies":"Blue Slaver","floor":11.0,"turns":3.0},{"damage":0.0,"enemies":"Gremlin Gang","floor":12.0,"turns":2.0},{"damage":1.0,"enemies":"Exordium Thugs","floor":14.0,"turns":4.0},{"damage":23.0,"enemies":"Hexaghost","floor":16.0,"turns":6.0},{"damage":14.0,"enemies":"Shell Parasite","floor":18.0,"turns":5.0},{"damage":10.0,"enemies":"2 Thieves","floor":20.0,"turns":3.0},{"damage":33.0,"enemies":"Masked Bandits","floor":22.0,"turns":7.0},{"damage":16.0,"enemies":"Book of Stabbing","floor":24.0,"turns":5.0},{"damage":9.0,"enemies":"Snake Plant","floor":27.0,"turns":2.0},{"damage":0.0,"enemies":"Centurion and Healer","floor":30.0,"turns":4.0},{"damage":14.0,"enemies":"Chosen and Byrds","floor":31.0,"turns":6.0},{"damage":31.0,"enemies":"Champ","floor":33.0,"turns":7.0},{"damage":0.0,"enemies":"Orb Walker","floor":35.0,"turns":3.0},{"damage":7.0,"enemies":"Mind Bloom Boss Battle","floor":36.0,"turns":5.0},{"damage":0.0,"enemies":"3 Shapes","floor":39.0,"turns":3.0},{"damage":0.0,"enemies":"Sphere and 2 Shapes","floor":41.0,"turns":5.0},{"damage":0.0,"enemies":"Transient","floor":45.0,"turns":5.0},{"damage":7.0,"enemies":"4 Shapes","floor":47.0,"turns":3.0},{"damage":48,"enemies":"Donu and Deca","floor":50,"turns":7}],"seed_played":"-1422171213228474074","potions_obtained":[{"floor":6.0,"key":"Energy Potion"},{"floor":8.0,"key":"Explosive Potion"},{"floor":11.0,"key":"Swift Potion"},{"floor":12.0,"key":"Weak Potion"},{"floor":14.0,"key":"Explosive Potion"}],"is_trial":false,"path_per_floor":["M","?","$","M","?","E","M","M","T","R","M","M","R","M","R","B",null,"M","$","M","?","?","R","E","?","T","M","?","R","M","M","R","B",null,"M","?","?","$","M","R","M","R","T","?","M","?","M","?","R","B",null],"character_chosen":"DEFECT","items_purchased":["TheAbacus","Deep Breath","Recycle","Lantern","Anchor","Gremlin Horn"],"campfire_rested":2,"item_purchase_floors":[19,19,38,38,38,38],"current_hp_per_floor":[75,57,57,57,57,57,57,51,51,51,51,51,51,50,50,27,75,61,61,51,51,18,40,24,24,24,15,15,15,22,15,37,13,75,75,68,68,68,68,68,75,75,75,75,75,66,59,59,59,18],"gold":402,"neow_bonus":"THREE_ENEMY_KILL","is_prod":false,"is_daily":false,"chose_seed":false,"campfire_upgraded":5,"win_rate":0,"timestamp":1545749208,"path_taken":["M","?","$","M","?","E","M","M","T","R","M","M","R","?","R","BOSS","M","$","M","?","?","R","E","?","T","?","?","R","M","M","R","BOSS","M","?","?","$","M","R","M","R","T","?","M","?","M","?","R","BOSS"],"build_version":"2018-12-20","purchased_purges":3,"victory":true,"max_hp_per_floor":[75,75,75,75,75,75,75,75,75,75,75,75,75,75,75,75,75,75,75,75,75,75,75,75,75,75,75,75,75,75,75,75,75,75,75,75,75,75,75,75,75,75,75,75,75,75,75,75,75,75],"card_choices":[{"not_picked":["Skim","Sweeping Beam"],"picked":"Streamline","floor":1.0},{"not_picked":["Barrage","Turbo"],"picked":"FTL","floor":4.0},{"not_picked":["Turbo","Coolheaded"],"picked":"Fusion","floor":6.0},{"not_picked":["FTL","Sweeping Beam"],"picked":"Cold Snap","floor":7.0},{"not_picked":["Leap","Lockon"],"picked":"Machine Learning","floor":8.0},{"not_picked":["Rebound","Go for the Eyes"],"picked":"Hologram","floor":11.0},{"not_picked":["Turbo","Blizzard"],"picked":"Genetic Algorithm","floor":12.0},{"not_picked":["Self Repair","Cold Snap"],"picked":"Darkness","floor":14.0},{"not_picked":["Echo Form","Creative AI"],"picked":"Biased Cognition","floor":16.0},{"not_picked":["Aggregate","Turbo"],"picked":"Hologram+1","floor":18.0},{"not_picked":["Loop","Sweeping Beam"],"picked":"Rebound","floor":20.0},{"not_picked":["Steam","Beam Cell","Streamline"],"picked":"SKIP","floor":24.0},{"not_picked":["Steam","Streamline"],"picked":"Beam Cell","floor":24.0},{"not_picked":["Hologram","Go for the Eyes"],"picked":"Self Repair","floor":27.0},{"not_picked":["Reprogram","Hologram","Turbo"],"picked":"SKIP","floor":30.0},{"not_picked":["Steam","Reprogram","Redo"],"picked":"SKIP","floor":31.0},{"not_picked":["Biased Cognition","Amplify"],"picked":"Buffer","floor":33.0},{"not_picked":["Leap+1","Auto Shields"],"picked":"Steam Power+1","floor":35.0},{"not_picked":["Turbo","Hello World"],"picked":"Gash+1","floor":39.0},{"not_picked":["Sweeping Beam","Leap","Turbo+1"],"picked":"SKIP","floor":41.0},{"not_picked":["Redo","Rebound","Barrage"],"picked":"SKIP","floor":45.0},{"not_picked":["Rip and Tear","Beam Cell"],"picked":"Coolheaded+1","floor":47.0}],"player_experience":853228,"relics_obtained":[{"floor":6.0,"key":"The Courier"},{"floor":9.0,"key":"Unceasing Top"},{"floor":22.0,"key":"Red Mask"},{"floor":24.0,"key":"Peace Pipe"},{"floor":26.0,"key":"Emotion Chip"},{"floor":36.0,"key":"Torii"}],"event_choices":[{"damage_healed":0.0,"max_hp_gain":0.0,"max_hp_loss":0.0,"gold_gain":0.0,"event_name":"Golden Idol","player_choice":"Take Damage","floor":2.0,"gold_loss":0.0,"damage_taken":18.0,"relics_obtained":["Golden Idol"]},{"cards_removed":["Strike_B"],"damage_healed":0.0,"max_hp_gain":0.0,"max_hp_loss":0.0,"gold_gain":0.0,"event_name":"Bonfire Elementals","player_choice":"Offered Basic","floor":5.0,"gold_loss":0.0,"damage_taken":0.0},{"damage_healed":0.0,"max_hp_gain":0.0,"max_hp_loss":0.0,"gold_gain":0.0,"cards_transformed":["Strike_B","Defend_B"],"event_name":"Drug Dealer","player_choice":"Became Test Subject","floor":21.0,"gold_loss":0.0,"damage_taken":0.0,"cards_obtained":["Creative AI","All For One"]},{"damage_healed":0.0,"max_hp_gain":0.0,"max_hp_loss":0.0,"gold_gain":0.0,"event_name":"Masked Bandits","player_choice":"Fought Bandits","floor":22.0,"gold_loss":0.0,"damage_taken":0.0},{"cards_removed":["Defend_B"],"damage_healed":0.0,"max_hp_gain":0.0,"max_hp_loss":0.0,"gold_gain":0.0,"event_name":"Designer","player_choice":"Upgrade and Remove","floor":25.0,"gold_loss":90.0,"damage_taken":0.0,"cards_upgraded":["Defend_B"]},{"cards_removed":["Defend_B"],"damage_healed":0.0,"max_hp_gain":0.0,"max_hp_loss":0.0,"gold_gain":0.0,"event_name":"Purifier","player_choice":"Purged","floor":28.0,"gold_loss":0.0,"damage_taken":0.0},{"damage_healed":0.0,"max_hp_gain":0.0,"max_hp_loss":0.0,"gold_gain":0.0,"event_name":"MindBloom","player_choice":"Fight","floor":36.0,"gold_loss":0.0,"damage_taken":0.0},{"damage_healed":0.0,"max_hp_gain":0.0,"max_hp_loss":0.0,"gold_gain":333.0,"event_name":"The Moai Head","player_choice":"Gave Idol","floor":37.0,"relics_lost":["Golden Idol"],"gold_loss":0.0,"damage_taken":0.0},{"damage_healed":0.0,"max_hp_gain":0.0,"max_hp_loss":0.0,"gold_gain":222.0,"event_name":"Tomb of Lord Red Mask","player_choice":"Wore Mask","floor":44.0,"gold_loss":0.0,"damage_taken":0.0},{"damage_healed":0.0,"max_hp_gain":0.0,"max_hp_loss":0.0,"gold_gain":0.0,"event_name":"Winding Halls","player_choice":"Embrace Madness","floor":46.0,"gold_loss":0.0,"damage_taken":9.0,"cards_obtained":["Madness","Madness"]},{"cards_removed":["Steam Power"],"damage_healed":0.0,"max_hp_gain":0.0,"max_hp_loss":0.0,"gold_gain":0.0,"event_name":"Falling","player_choice":"Removed Skill","floor":48.0,"gold_loss":0.0,"damage_taken":0.0}],"is_beta":false,"boss_relics":[{"not_picked":["Ectoplasm","White Beast Statue"],"picked":"Sozu"},{"not_picked":["Fusion Hammer","Busted Crown"],"picked":"Cursed Key"}],"items_purged_floors":[3,19,38],"is_endless":false,"potions_floor_spawned":[6,8,11,12,14,18,22,24,31,35,36,45,47],"ascension_level":1}