{"path_per_floor":["M","?","?","?","$","R","T","R","T","R","$","M","$","E","R","B",null,"M","M","?","?","$","R","?","T","T","?","M","$","R","M","R"],"character_chosen":"IRONCLAD","items_purchased":["Shrug It Off","Shrug It Off","Metallicize"],"gold_per_floor":[115,115,115,65,17,17,17,17,44,44,44,57,57,87,87,187,187,203,223,223,223,13,13,13,13,13,13,25,25,25,45,45],"floor_reached":33,"campfire_rested":0,"playtime":929,"current_hp_per_floor":[80,80,77,77,77,77,77,77,77,77,77,80,80,73,73,51,90,83,85,85,85,85,85,85,85,85,85,89,89,89,82,82],"items_purged":["Strike_R"],"gold":45,"score":284,"play_id":"665c5b88-b24f-4114-9339-47891da45e5d","local_time":"20180311142815","is_prod":false,"is_daily":false,"is_ascension_mode":true,"campfire_upgraded":7,"timestamp":1520774895,"path_taken":["M","?","?","?","?","R","?","R","T","R","?","M","$","E","R","BOSS","M","M","?","?","?","R","?","?","T","?","M","?","R","M","R","BOSS"],"build_version":"2018-03-09","purchased_purges":1,"victory":false,"master_deck":["Strike_R","Strike_R","Strike_R","Defend_R","Defend_R+1","Defend_R","Defend_R+1","Bash+1","Bludgeon+1","Shrug It Off+1","Blood for Blood+1","Iron Wave+1","Offering+1","Perfected Strike+1","Ghostly Armor+1","Shrug It Off+1","Metallicize+1","Shrug It Off+1"],"max_hp_per_floor":[80,80,80,80,80,80,80,80,80,80,80,80,80,90,90,90,90,90,90,90,90,90,90,90,90,90,90,90,90,90,90,90],"relics":["Burning Blood","Bag of Marbles","Toxic Egg 2","Charon\u0027s Ashes","Vajra","Juzu Bracelet","Pear","Lizard Tail","Blood Vial","Thread and Needle"],"card_choices":[{"not_picked":["Burning Pact","Sentinel"],"picked":"Bludgeon"},{"not_picked":["Fire Breathing","Second Wind"],"picked":"Blood for Blood"},{"not_picked":["Blood for Blood","Anger"],"picked":"Iron Wave"},{"not_picked":["Bludgeon","Immolate"],"picked":"Offering"},{"not_picked":["Iron Wave","Feel No Pain"],"picked":"Perfected Strike"},{"not_picked":["Disarm","Power Through"],"picked":"Ghostly Armor"},{"not_picked":["Flex","Uppercut"],"picked":"Shrug It Off"}],"player_experience":201668,"potions_floor_usage":[16,28,31,33],"damage_taken":[{"damage":0,"enemies":"2 Louse","floor":1,"turns":2},{"damage":0,"enemies":"Jaw Worm","floor":12,"turns":2},{"damage":23,"enemies":"3 Sentries","floor":14,"turns":6},{"damage":28,"enemies":"Slime Boss","floor":16,"turns":11},{"damage":13,"enemies":"Shell Parasite","floor":18,"turns":2},{"damage":4,"enemies":"Spheric Guardian","floor":19,"turns":2},{"damage":4,"enemies":"Snecko","floor":28,"turns":2},{"damage":14,"enemies":"Snake Plant","floor":31,"turns":4},{"damage":160,"enemies":"Collector","floor":33,"turns":18}],"event_choices":[{"event_name":"Big Fish","player_choice":"Box","floor":2,"damage_taken":0},{"event_name":"Scrap Ooze","player_choice":"success","floor":3,"damage_taken":3},{"event_name":"The Cleric","player_choice":"Card Removal","floor":4,"damage_taken":0},{"event_name":"The Lab","player_choice":"Got Potions","floor":20,"damage_taken":0},{"event_name":"Vampires","player_choice":"Ignored","floor":21,"damage_taken":0},{"event_name":"Drug Dealer","player_choice":"Ignored","floor":24,"damage_taken":0},{"event_name":"Back to Basics","player_choice":"Elegance","floor":27,"damage_taken":0}],"boss_relics":[{"not_picked":["Pandora\u0027s Box","Black Blood"],"picked":"Lizard Tail"}],"potions_floor_spawned":[1,12,18,31],"seed_played":"-6404460587905153064","killed_by":"Collector","ascension_level":4,"is_trial":false}