{"path_per_floor":["M","M","?","M","M","E","M","$","T","E","?","R","E","M","R","B",null,"M","?","?","$","M","R","E","M","T","E","M","M","$","M","R","B",null,"M","?","$","$","M","E","R","M","T","$","M","E","$","R"],"character_chosen":"THE_SILENT","items_purchased":["Noxious Fumes","Caltrops","Madness","Shuriken","Backstab","Anchor"],"gold_per_floor":[11,31,31,51,68,101,119,47,47,73,73,73,104,116,116,221,221,235,235,235,66,80,80,112,127,127,155,170,187,187,207,207,311,311,331,380,130,62,77,102,102,122,147,147,165,195,41,41],"floor_reached":49,"campfire_rested":2,"playtime":6202,"current_hp_per_floor":[70,69,69,69,67,60,55,55,55,20,13,34,36,38,38,11,70,64,64,64,64,66,66,55,57,57,56,50,52,52,49,49,7,84,84,66,66,66,65,26,26,13,13,13,20,26,26,51],"items_purged":[],"gold":41,"score":634,"play_id":"4e0f8619-6092-4d17-b089-83da68de78cd","local_time":"20180317221328","is_prod":false,"is_daily":false,"is_ascension_mode":false,"campfire_upgraded":1,"timestamp":1521321208,"path_taken":["M","M","?","M","M","E","M","$","T","E","?","R","E","M","R","BOSS","M","?","?","$","M","R","E","M","T","E","M","M","$","M","R","BOSS","M","?","?","$","?","E","R","M","T","?","?","?","E","$","R","BOSS"],"build_version":"2018-03-15v3","purchased_purges":0,"victory":false,"master_deck":["Defend_G+1","Defend_G+1","Defend_G+1","Defend_G+1","Defend_G+1","Strike_G+1","Strike_G+1","Strike_G+1","Strike_G+1","Strike_G+1","Survivor","Neutralize","PiercingWail","Dodge and Roll+1","Backflip","Distraction+1","Predator","Terror","Noxious Fumes","Calculated Gamble","Dagger Throw+1","Endless Agony","Unload","Predator+1","Caltrops","Madness","Poisoned Stab+1","Poisoned Stab+1","Backstab","Flying Knee","Riddle With Holes+1","Quick Slash+1","Bane","Burst","Choke+1","Cloak And Dagger+1","Backstab","Caltrops","Noxious Fumes+1","Cloak And Dagger+1","Predator+1","After Image"],"max_hp_per_floor":[70,70,70,70,70,70,70,70,70,70,70,70,70,70,70,70,70,70,70,70,70,70,70,84,84,84,84,84,84,84,84,84,84,84,84,84,84,84,84,84,84,84,84,84,84,84,84,84],"relics":["Ring of the Snake","Frozen Eye","Bronze Scales","Du-Vu Doll","Ornamental Fan","Bird Faced Urn","Vajra","Sozu","Shovel","Dodecahedron","Mango","Girya","Snake Skull","Philosopher\u0027s Stone","Thread and Needle","Shuriken","Omamori","Oddly Smooth Stone","Whetstone","Anchor"],"card_choices":[{"not_picked":["Deflect","Skewer"],"picked":"PiercingWail"},{"not_picked":["Bane","Riddle With Holes"],"picked":"Dodge and Roll"},{"not_picked":["Bane","Tactician"],"picked":"Backflip"},{"not_picked":["Blade Dance","Deadly Poison"],"picked":"Distraction"},{"not_picked":["Well Laid Plans","Sucker Punch"],"picked":"Predator"},{"not_picked":["Predator","Dagger Throw"],"picked":"Terror"},{"not_picked":["Well Laid Plans","Storm of Steel"],"picked":"Calculated Gamble"},{"not_picked":["Acrobatics","Phantasmal Killer"],"picked":"Dagger Throw"},{"not_picked":["Malaise","Cloak And Dagger"],"picked":"Endless Agony"},{"not_picked":["Corpse Explosion","Glass Knife"],"picked":"Unload"},{"not_picked":["Bouncing Flask","Eviscerate"],"picked":"Predator"},{"not_picked":["Prepared","Predator"],"picked":"Poisoned Stab"},{"not_picked":["Deflect","Backflip"],"picked":"Poisoned Stab"},{"not_picked":["Crippling Poison","Bane"],"picked":"Backstab"},{"not_picked":["Acrobatics","Eviscerate"],"picked":"Flying Knee"},{"not_picked":["Tools of the Trade","Dagger Spray"],"picked":"Riddle With Holes"},{"not_picked":["Dagger Spray","Skewer"],"picked":"Quick Slash"},{"not_picked":["Infinite Blades","Outmaneuver"],"picked":"Bane"},{"not_picked":["Glass Knife","Storm of Steel"],"picked":"Burst"},{"not_picked":["Outmaneuver","Dagger Spray"],"picked":"Choke"},{"not_picked":["Flying Knee","Sucker Punch"],"picked":"Cloak And Dagger"},{"not_picked":["Bane","Slice"],"picked":"Caltrops"},{"not_picked":["Envenom","Bane"],"picked":"Noxious Fumes"},{"not_picked":["Deflect","Prepared"],"picked":"Cloak And Dagger"},{"not_picked":["Noxious Fumes","Dagger Throw"],"picked":"Predator"},{"not_picked":["Backflip","Dagger Spray"],"picked":"After Image"}],"player_experience":85987,"potions_floor_usage":[49],"damage_taken":[{"damage":0.0,"enemies":"Small Slimes","floor":1.0,"turns":4.0},{"damage":1.0,"enemies":"Cultist","floor":2.0,"turns":4.0},{"damage":0.0,"enemies":"2 Louse","floor":4.0,"turns":3.0},{"damage":2.0,"enemies":"Looter","floor":5.0,"turns":4.0},{"damage":7.0,"enemies":"3 Sentries","floor":6.0,"turns":17.0},{"damage":5.0,"enemies":"Exordium Wildlife","floor":7.0,"turns":9.0},{"damage":35.0,"enemies":"Gremlin Nob","floor":10.0,"turns":5.0},{"damage":0.0,"enemies":"Lagavulin","floor":13.0,"turns":7.0},{"damage":0.0,"enemies":"Blue Slaver","floor":14.0,"turns":4.0},{"damage":44.0,"enemies":"Slime Boss","floor":16.0,"turns":12.0},{"damage":6.0,"enemies":"2 Thieves","floor":18.0,"turns":3.0},{"damage":0.0,"enemies":"3 Byrds","floor":22.0,"turns":3.0},{"damage":29.0,"enemies":"Gremlin Leader","floor":24.0,"turns":8.0},{"damage":2.0,"enemies":"Centurion and Healer","floor":25.0,"turns":5.0},{"damage":5.0,"enemies":"Book of Stabbing","floor":27.0,"turns":5.0},{"damage":8.0,"enemies":"Snecko","floor":28.0,"turns":4.0},{"damage":0.0,"enemies":"Snake Plant","floor":29.0,"turns":3.0},{"damage":7.0,"enemies":"Centurion and Healer","floor":31.0,"turns":4.0},{"damage":46.0,"enemies":"Automaton","floor":33.0,"turns":9.0},{"damage":0.0,"enemies":"Orb Walker","floor":35.0,"turns":1.0},{"damage":18.0,"enemies":"Mysterious Sphere","floor":36.0,"turns":4.0},{"damage":5.0,"enemies":"3 Darklings","floor":39.0,"turns":5.0},{"damage":43.0,"enemies":"Nemesis","floor":40.0,"turns":6.0},{"damage":17.0,"enemies":"Maw","floor":42.0,"turns":5.0},{"damage":0.0,"enemies":"4 Shapes","floor":45.0,"turns":8.0},{"damage":3,"enemies":"3 Darklings","floor":45,"turns":4},{"damage":0,"enemies":"Giant Head","floor":46,"turns":6},{"damage":63,"enemies":"Time Eater","floor":49,"turns":7}],"event_choices":[{"event_name":"Upgrade Shrine","player_choice":"Upgraded","floor":3.0,"damage_taken":0.0},{"event_name":"Scrap Ooze","player_choice":"success","floor":11.0,"damage_taken":7.0},{"event_name":"Back to Basics","player_choice":"Simplicity","floor":19.0,"damage_taken":0.0},{"event_name":"The Mausoleum","player_choice":"Yes","floor":20.0,"damage_taken":0.0},{"event_name":"Mysterious Sphere","player_choice":"Fight","floor":36.0,"damage_taken":0.0}],"boss_relics":[],"potions_floor_spawned":[5,6,13,14,16,22,24,25,31,33,35,36,40,42],"seed_played":"-6141930189785005048","killed_by":"Time Eater","ascension_level":0,"is_trial":false}