{"path_per_floor":["M","M","M","?","?","E","M","M","T","R","M","?","T","$","R","B",null,"M","?","?","M","M","R","M","E","T"],"character_chosen":"THE_SILENT","items_purchased":["Infinite Blades","Poisoned Stab"],"gold_per_floor":[114,134,154,104,104,129,140,155,155,155,172,172,172,85,85,180,180,197,197,297,308,327,327,343,374,424,424],"floor_reached":27,"campfire_rested":1,"playtime":7421,"current_hp_per_floor":[69,66,66,66,66,41,33,26,26,62,60,65,65,65,65,46,75,66,66,66,66,58,58,52,18,18,0],"items_purged":[],"gold":424,"score":247,"play_id":"0682cc5e-dd5a-41af-9c76-c1a41c141a25","local_time":"20180323132420","is_prod":false,"is_daily":false,"is_ascension_mode":true,"campfire_upgraded":2,"timestamp":1521807860,"path_taken":["M","M","M","?","?","E","M","M","T","R","M","?","?","?","R","BOSS","M","?","?","M","?","R","M","E","T","?"],"build_version":"2018-03-22","purchased_purges":1,"victory":false,"master_deck":["Defend_G","Defend_G","Defend_G","Strike_G","Strike_G","Strike_G","Strike_G","Survivor","Neutralize","Flying Knee","Infinite Blades","Sucker Punch","Flying Knee","PiercingWail","Cloak And Dagger+1","Caltrops+1","Infinite Blades","Poisoned Stab","Backflip+1","Expertise+1","Bouncing Flask+1","Sucker Punch+1","Quick Slash+1","Deadly Poison+1","Noxious Fumes","Backflip+1"],"max_hp_per_floor":[70,70,70,70,70,70,70,70,70,70,70,75,75,75,75,75,75,75,75,75,75,75,75,75,75,75,75],"relics":["Ring of the Snake","Tingsha","Regal Pillow","Ginger","Sundial","Nloth\u0027s Gift","Smiling Mask","Lantern"],"card_choices":[{"not_picked":["Caltrops","Deadly Poison"],"picked":"Flying Knee","floor":1},{"not_picked":["Cloak And Dagger","Outmaneuver"],"picked":"Infinite Blades","floor":2},{"not_picked":["Slice","PiercingWail"],"picked":"Sucker Punch","floor":3},{"not_picked":["Grand Finale","All Out Attack"],"picked":"Flying Knee","floor":6},{"not_picked":["Dagger Throw","Bane"],"picked":"PiercingWail","floor":7},{"not_picked":["Underhanded Strike","Distraction"],"picked":"Cloak And Dagger","floor":8},{"not_picked":["Terror","Setup"],"picked":"Caltrops","floor":11},{"not_picked":["PiercingWail","Dagger Throw"],"picked":"Sucker Punch","floor":18},{"not_picked":["Acrobatics","Deadly Poison"],"picked":"Quick Slash","floor":21},{"not_picked":["Distraction","Poisoned Stab"],"picked":"Deadly Poison","floor":22},{"not_picked":["Riddle With Holes","Backflip"],"picked":"Noxious Fumes","floor":24},{"not_picked":["Burst","Deadly Poison"],"picked":"Backflip","floor":25}],"player_experience":258218,"potions_floor_usage":[16,16,16,25],"damage_taken":[{"damage":1,"enemies":"Small Slimes","floor":1,"turns":4},{"damage":3,"enemies":"Jaw Worm","floor":2,"turns":4},{"damage":0,"enemies":"Cultist","floor":3,"turns":4},{"damage":25,"enemies":"3 Sentries","floor":6,"turns":9},{"damage":8,"enemies":"Gremlin Gang","floor":7,"turns":6},{"damage":7,"enemies":"3 Louse","floor":8,"turns":5},{"damage":2,"enemies":"Large Slime","floor":11,"turns":6},{"damage":34,"enemies":"The Guardian","floor":16,"turns":12},{"damage":9,"enemies":"Shell Parasite","floor":18,"turns":6},{"damage":0,"enemies":"Chosen","floor":21,"turns":4},{"damage":8,"enemies":"Centurion and Healer","floor":22,"turns":7},{"damage":6,"enemies":"Snecko","floor":24,"turns":5},{"damage":34,"enemies":"Book of Stabbing","floor":25,"turns":5},{"damage":24,"enemies":"3 Cultists","floor":27,"turns":4}],"event_choices":[{"event_name":"The Cleric","player_choice":"Card Removal","floor":4,"damage_taken":0},{"event_name":"Transmorgrifier","player_choice":"Transform","floor":5,"damage_taken":0},{"event_name":"Big Fish","player_choice":"Donut","floor":12,"damage_taken":0},{"event_name":"N\u0027loth","player_choice":"Traded a Astrolabe","floor":19,"damage_taken":0},{"event_name":"Golden Shrine","player_choice":"Pray","floor":20,"damage_taken":0}],"boss_relics":[{"not_picked":["Ectoplasm","Velvet Choker"],"picked":"Astrolabe"}],"potions_floor_spawned":[3,7,8,22],"seed_played":"-271707588116998141","killed_by":"3 Cultists","ascension_level":1,"is_trial":false}