{"gold_per_floor":[117,70,100,50,64,94,94,113,161,161,161,10,10,33,33,153,153,178,103,124,124,140,140],"floor_reached":23,"playtime":894,"items_purged":[],"score":287,"play_id":"16eaa076-dde6-40c9-a570-35e202e5c2a2","local_time":"20181004002158","daily_mods":["Allstar","Colorless Cards","Binary"],"is_ascension_mode":true,"campfire_choices":[{"floor":7,"key":"REST"},{"data":"Armaments","floor":13,"key":"SMITH"},{"data":"Discovery","floor":15,"key":"SMITH"}],"neow_cost":"","seed_source_timestamp":5791306253689,"circlet_count":0,"master_deck":["Strike_R","Strike_R","Strike_R","Defend_R","Defend_R","Defend_R","Defend_R","Bash","AscendersBane","Discovery+1","Mind Blast+1","Jack Of All Trades","Madness","Secret Technique","Armaments+1","Cleave","Twin Strike","Panacea","Clash","Apotheosis","Iron Wave+1","Dramatic Entrance","J.A.X.","Twin Strike"],"relics":["Burning Blood","Bottled Flame","Juzu Bracelet","Golden Idol","Orichalcum","Mark of Pain"],"potions_floor_usage":[6,18],"damage_taken":[{"damage":12,"enemies":"Jaw Worm","floor":1,"turns":2},{"damage":14,"enemies":"Small Slimes","floor":3,"turns":6},{"damage":0,"enemies":"2 Louse","floor":5,"turns":2},{"damage":41,"enemies":"Lagavulin","floor":6,"turns":8},{"damage":6,"enemies":"Gremlin Gang","floor":8,"turns":4},{"damage":3,"enemies":"2 Fungi Beasts","floor":14,"turns":2},{"damage":44,"enemies":"The Guardian","floor":16,"turns":8},{"damage":29,"enemies":"Shell Parasite","floor":18,"turns":6},{"damage":16,"enemies":"Chosen","floor":20,"turns":5},{"damage":21,"enemies":"3 Cultists","floor":22,"turns":5},{"damage":28,"enemies":"Book of Stabbing","floor":23,"turns":2}],"seed_played":"-1842477160015185475","potions_obtained":[{"floor":1,"key":"GamblersBrew"},{"floor":3,"key":"AttackPotion"},{"floor":18,"key":"Energy Potion"}],"is_trial":true,"path_per_floor":["M","$","M","?","M","E","R","M","T","?","?","$","R","M","R","B",null,"M","?","M","?","M"],"character_chosen":"IRONCLAD","items_purchased":["Cleave","Orichalcum"],"campfire_rested":1,"item_purchase_floors":[2,12],"current_hp_per_floor":[70,70,62,62,68,33,57,57,57,57,57,57,57,60,60,22,61,38,38,28,28,13,0],"gold":140,"neow_bonus":"","is_prod":false,"is_daily":false,"chose_seed":false,"campfire_upgraded":2,"win_rate":0,"timestamp":1538605318,"path_taken":["M","$","M","?","M","E","R","M","T","?","?","?","R","M","R","BOSS","M","?","M","?","M","E"],"build_version":"2018-09-27","purchased_purges":0,"victory":false,"max_hp_per_floor":[80,80,80,80,80,80,80,80,80,74,74,74,74,74,74,74,74,74,74,74,74,74,74],"card_choices":[{"not_picked":["Pommel Strike"],"picked":"Armaments","floor":1},{"not_picked":["Rupture"],"picked":"Twin Strike","floor":3},{"not_picked":["Cleave","Perfected Strike"],"picked":"SKIP","floor":5},{"not_picked":["Anger","Forethought"],"picked":"SKIP","floor":6},{"not_picked":["Wild Strike"],"picked":"Panacea","floor":8},{"not_picked":["Cleave"],"picked":"Clash","floor":14},{"not_picked":["Mayhem"],"picked":"Apotheosis","floor":16},{"not_picked":["Deep Breath"],"picked":"Iron Wave+1","floor":18},{"not_picked":["Iron Wave+1"],"picked":"Dramatic Entrance","floor":20},{"not_picked":["Enlightenment+1"],"picked":"Twin Strike","floor":22}],"player_experience":810901,"relics_obtained":[{"floor":6,"key":"Bottled Flame"},{"floor":9,"key":"Juzu Bracelet"}],"event_choices":[{"event_name":"The Cleric","player_choice":"Card Removal","floor":4,"damage_taken":0},{"event_name":"Golden Idol","player_choice":"Lose Max HP","floor":10,"damage_taken":0},{"event_name":"Living Wall","player_choice":"Grow","floor":11,"damage_taken":0},{"event_name":"Beggar","player_choice":"Gave Gold","floor":19,"damage_taken":0},{"event_name":"Drug Dealer","player_choice":"Got JAX","floor":21,"damage_taken":0}],"is_beta":false,"boss_relics":[{"not_picked":["Calling Bell","Snecko Eye"],"picked":"Mark of Pain"}],"items_purged_floors":[],"is_endless":false,"potions_floor_spawned":[1,3,18],"killed_by":"Book of Stabbing","ascension_level":10}