{"gold_per_floor":[118,168,187,31,47,47,73,73,73,73,85,85,95,106,106,179,179,191,208,223,72,72,72,86,86,86,96,96,96,126,146,146,219,219,229,229,229,229,239,239,239,239,239,259,41,41,141,160,160,160,160],"floor_reached":52,"playtime":3591,"items_purged":["Strike_R","Armaments","Armaments+1"],"score":1673,"play_id":"8b05f975-198b-43b1-9a4d-04967f0ac1eb","local_time":"20181222201358","is_ascension_mode":true,"campfire_choices":[{"data":"Armaments","floor":6.0,"key":"SMITH"},{"floor":10.0,"key":"REST"},{"data":"Blood for Blood","floor":12.0,"key":"SMITH"},{"data":"Dual Wield","floor":15.0,"key":"SMITH"},{"data":"Demon Form","floor":23.0,"key":"SMITH"},{"data":"Burning Pact","floor":25.0,"key":"SMITH"},{"data":"Armaments","floor":29.0,"key":"SMITH"},{"data":"Offering","floor":32.0,"key":"SMITH"},{"data":"Exhume","floor":41.0,"key":"SMITH"},{"floor":46.0,"key":"REST"},{"data":"True Grit","floor":49.0,"key":"SMITH"}],"neow_cost":"NONE","seed_source_timestamp":324707520109,"circlet_count":0,"master_deck":["AscendersBane","Bash","Blood for Blood+1","Flame Barrier","Spot Weakness","Dual Wield+1","Burning Pact+1","Offering+1","Carnage","Blood for Blood","True Grit+1","Demon Form+1","Armaments+1","Sentinel+1","Intimidate","Reaper","Shrug It Off","Exhume+1","Sword Boomerang","Impatience","Deep Breath","Feel No Pain","Dropkick"],"special_seed":0,"relics":["Burning Blood","Ornamental Fan","Dodecahedron","Centennial Puzzle","Pandora\u0027s Box","Orichalcum","Champion Belt","Mark of Pain","FossilizedHelix"],"potions_floor_usage":[51],"damage_taken":[{"damage":23.0,"enemies":"Jaw Worm","floor":1.0,"turns":7.0},{"damage":7.0,"enemies":"Cultist","floor":3.0,"turns":4.0},{"damage":4.0,"enemies":"Small Slimes","floor":5.0,"turns":3.0},{"damage":42.0,"enemies":"Gremlin Nob","floor":7.0,"turns":5.0},{"damage":14.0,"enemies":"Exordium Wildlife","floor":11.0,"turns":6.0},{"damage":12.0,"enemies":"Blue Slaver","floor":13.0,"turns":4.0},{"damage":10.0,"enemies":"Large Slime","floor":14.0,"turns":9.0},{"damage":12.0,"enemies":"Hexaghost","floor":16.0,"turns":9.0},{"damage":15.0,"enemies":"Chosen","floor":18.0,"turns":5.0},{"damage":16.0,"enemies":"Spheric Guardian","floor":19.0,"turns":4.0},{"damage":5.0,"enemies":"Snecko","floor":20.0,"turns":4.0},{"damage":7.0,"enemies":"Chosen and Byrds","floor":22.0,"turns":3.0},{"damage":61.0,"enemies":"Centurion and Healer","floor":24.0,"turns":17.0},{"damage":12.0,"enemies":"Shelled Parasite and Fungi","floor":27.0,"turns":7.0},{"damage":25.0,"enemies":"Book of Stabbing","floor":30.0,"turns":4.0},{"damage":6.0,"enemies":"Snake Plant","floor":31.0,"turns":2.0},{"damage":40.0,"enemies":"Automaton","floor":33.0,"turns":6.0},{"damage":25.0,"enemies":"3 Darklings","floor":35.0,"turns":5.0},{"damage":14.0,"enemies":"3 Shapes","floor":39.0,"turns":9.0},{"damage":39.0,"enemies":"Spire Growth","floor":44.0,"turns":4.0},{"damage":10.0,"enemies":"Mind Bloom Boss Battle","floor":47.0,"turns":9.0},{"damage":19.0,"enemies":"Sphere and 2 Shapes","floor":48.0,"turns":9.0},{"damage":122.0,"enemies":"Awakened One","floor":50.0,"turns":12.0},{"damage":58,"enemies":"Donu and Deca","floor":51,"turns":9}],"seed_played":"8370641039151058884","potions_obtained":[{"floor":1.0,"key":"Weak Potion"},{"floor":5.0,"key":"Energy Potion"},{"floor":16.0,"key":"SmokeBomb"},{"floor":18.0,"key":"Fire Potion"},{"floor":27.0,"key":"Explosive Potion"},{"floor":31.0,"key":"Dexterity Potion"},{"floor":33.0,"key":"BloodPotion"},{"floor":39.0,"key":"GamblersBrew"}],"is_trial":false,"path_per_floor":["M","?","M","$","M","R","E","?","T","R","M","R","M","M","R","B",null,"M","M","M","$","M","R","M","R","T","M","?","R","E","M","R","B",null,"M","?","?","?","M","?","R","?","T","M","$","R","?","M","R","B","B",null],"character_chosen":"IRONCLAD","items_purchased":["Blood for Blood","Shrug It Off","Feel No Pain","Swift Potion"],"campfire_rested":2,"item_purchase_floors":[4,21,45,45],"current_hp_per_floor":[51,44,43,43,45,45,9,9,9,31,23,23,17,13,13,7,58,49,39,40,40,47,47,75,75,75,75,75,75,56,56,56,22,62,75,71,71,71,71,71,71,61,61,35,35,56,71,71,71,71,19],"gold":160,"neow_bonus":"REMOVE_CARD","is_prod":false,"is_daily":false,"chose_seed":false,"campfire_upgraded":9,"win_rate":0,"timestamp":1545477238,"path_taken":["M","?","M","$","?","R","E","?","T","R","M","R","M","M","R","BOSS","M","M","?","$","M","R","M","R","T","M","?","R","E","M","R","BOSS","M","?","?","?","?","?","R","?","T","M","$","R","?","M","R","BOSS","BOSS"],"build_version":"2018-12-20","purchased_purges":3,"victory":true,"max_hp_per_floor":[75,75,75,75,75,75,75,75,75,75,75,75,75,75,75,75,75,75,75,75,75,75,75,75,75,75,75,75,75,75,75,75,75,75,75,71,71,71,71,71,71,71,71,71,71,71,71,71,71,71,71],"card_choices":[{"not_picked":["Dual Wield","Body Slam"],"picked":"Armaments","floor":1.0},{"not_picked":["Pommel Strike","Twin Strike"],"picked":"Whirlwind","floor":3.0},{"not_picked":["Entrench","Warcry"],"picked":"Flame Barrier","floor":5.0},{"not_picked":["Wild Strike","Flex"],"picked":"Spot Weakness","floor":7.0},{"not_picked":["Iron Wave","Wild Strike"],"picked":"Dual Wield","floor":11.0},{"not_picked":["Rampage","Intimidate"],"picked":"Burning Pact","floor":13.0},{"not_picked":["Pommel Strike","Entrench","Perfected Strike"],"picked":"SKIP","floor":14.0},{"not_picked":["Brutality","Double Tap"],"picked":"Offering","floor":16.0},{"not_picked":["Pommel Strike","Havoc"],"picked":"Sentinel+1","floor":18.0},{"not_picked":["Thunderclap","Perfected Strike"],"picked":"Intimidate","floor":19.0},{"not_picked":["Headbutt","Body Slam"],"picked":"Reaper","floor":20.0},{"not_picked":["Spot Weakness","Iron Wave","Wild Strike"],"picked":"SKIP","floor":24.0},{"not_picked":["Iron Wave","Thunderclap","Warcry"],"picked":"SKIP","floor":27.0},{"not_picked":["Fire Breathing","Uppercut","Entrench"],"picked":"SKIP","floor":30.0},{"not_picked":["Iron Wave","Wild Strike","Cleave"],"picked":"SKIP","floor":31.0},{"not_picked":["Dark Embrace","Fiend Fire"],"picked":"Exhume","floor":33.0},{"not_picked":["Flex","Cleave","Sword Boomerang"],"picked":"SKIP","floor":35.0},{"not_picked":["Flex","Cleave"],"picked":"Sword Boomerang","floor":35.0},{"not_picked":["Body Slam","Anger","Uppercut"],"picked":"SKIP","floor":39.0},{"not_picked":["Madness","Jack Of All Trades"],"picked":"Impatience","floor":42.0},{"not_picked":["Mind Blast","Swift Strike"],"picked":"Deep Breath","floor":42.0},{"not_picked":["Iron Wave+1","Disarm","Inflame+1"],"picked":"SKIP","floor":44.0},{"not_picked":["Feel No Pain","Whirlwind"],"picked":"Dropkick","floor":47.0},{"not_picked":["Perfected Strike+1","Cleave+1","Warcry"],"picked":"SKIP","floor":48.0}],"player_experience":829359,"relics_obtained":[{"floor":7.0,"key":"Ornamental Fan"},{"floor":9.0,"key":"Centennial Puzzle"},{"floor":26.0,"key":"Orichalcum"},{"floor":30.0,"key":"Champion Belt"},{"floor":47.0,"key":"FossilizedHelix"}],"event_choices":[{"damage_healed":0.0,"max_hp_gain":0.0,"max_hp_loss":0.0,"gold_gain":50.0,"event_name":"FaceTrader","player_choice":"Touch","floor":2.0,"gold_loss":0.0,"damage_taken":7.0},{"cards_removed":["Whirlwind"],"damage_healed":0.0,"max_hp_gain":0.0,"max_hp_loss":0.0,"gold_gain":0.0,"event_name":"WeMeetAgain","player_choice":"Gave Card","floor":8.0,"gold_loss":0.0,"damage_taken":0.0,"relics_obtained":["Dodecahedron"]},{"damage_healed":0.0,"max_hp_gain":0.0,"max_hp_loss":0.0,"gold_gain":0.0,"event_name":"Vampires","player_choice":"Ignored","floor":28.0,"gold_loss":0.0,"damage_taken":0.0},{"damage_healed":0.0,"max_hp_gain":0.0,"max_hp_loss":4.0,"gold_gain":0.0,"event_name":"Winding Halls","player_choice":"Max HP","floor":36.0,"gold_loss":0.0,"damage_taken":0.0},{"damage_healed":0.0,"max_hp_gain":0.0,"max_hp_loss":0.0,"gold_gain":0.0,"event_name":"Tomb of Lord Red Mask","player_choice":"Ignored","floor":37.0,"gold_loss":0.0,"damage_taken":0.0},{"cards_removed":["True Grit"],"damage_healed":0.0,"max_hp_gain":0.0,"max_hp_loss":0.0,"gold_gain":0.0,"event_name":"Purifier","player_choice":"Purged","floor":38.0,"gold_loss":0.0,"damage_taken":0.0},{"damage_healed":0.0,"max_hp_gain":0.0,"max_hp_loss":0.0,"gold_gain":0.0,"event_name":"Mysterious Sphere","player_choice":"Ignored","floor":40.0,"gold_loss":0.0,"damage_taken":0.0},{"damage_healed":0.0,"max_hp_gain":0.0,"max_hp_loss":0.0,"gold_gain":0.0,"event_name":"SensoryStone","player_choice":"Memory 3","floor":42.0,"gold_loss":0.0,"damage_taken":10.0},{"damage_healed":0.0,"max_hp_gain":0.0,"max_hp_loss":0.0,"gold_gain":0.0,"event_name":"MindBloom","player_choice":"Fight","floor":47.0,"gold_loss":0.0,"damage_taken":0.0}],"is_beta":false,"boss_relics":[{"not_picked":["Snecko Eye","White Beast Statue"],"picked":"Pandora\u0027s Box"},{"not_picked":["Orrery","Lizard Tail"],"picked":"Mark of Pain"}],"items_purged_floors":[4,21,45],"is_endless":false,"potions_floor_spawned":[1,5,16,18,20,22,27,31,33,39,48],"ascension_level":20}