{"path_per_floor":["M","M","M","?","$","R","E","R","T","?","E","M","M","M","R","B",null,"M","$","M","T","M","R","?","?","T","M","?","M","R","E","R","B",null,"M","M","?","M","?","R","E","?","T","$","M","$","T","E","R","B"],"character_chosen":"DEFECT","items_purchased":["Mercury Hourglass","Ball Lightning","Molten Egg 2","Mummified Hand","Apotheosis+1"],"gold_per_floor":[109,120,137,387,12,12,39,39,63,63,97,117,131,148,148,248,248,258,3,18,18,38,38,38,72,120,132,132,145,145,176,176,278,278,294,305,305,317,317,317,379,428,428,167,181,3,3,328,328,328],"floor_reached":51,"campfire_rested":2,"playtime":5716,"item_purchase_floors":[5,5,19,44,46],"current_hp_per_floor":[82,82,82,82,82,82,66,66,66,66,48,44,37,37,37,37,82,56,56,49,49,44,44,41,37,37,19,14,10,38,32,32,29,46,46,40,40,6,56,56,56,46,46,46,43,43,43,29,56,25],"items_purged":["Regret"],"gold":328,"score":978,"play_id":"e9e32be9-0679-4a94-8451-97016a28dc2f","local_time":"20180604210719","is_prod":false,"is_daily":false,"chose_seed":false,"is_ascension_mode":true,"campfire_upgraded":6,"win_rate":0,"timestamp":1528139239,"campfire_choices":[{"data":"Doom and Gloom","floor":6,"key":"SMITH"},{"data":"Zap","floor":8,"key":"SMITH"},{"data":"Sunder","floor":15,"key":"SMITH"},{"data":"Defragment","floor":23,"key":"SMITH"},{"floor":30,"key":"REST"},{"data":"Biased Cognition","floor":32,"key":"SMITH"},{"data":"Redo","floor":40,"key":"SMITH"},{"floor":49,"key":"REST"}],"path_taken":["M","M","M","?","$","R","E","R","T","?","E","M","M","?","R","BOSS","M","$","M","?","M","R","?","?","T","?","?","M","R","E","R","BOSS","M","M","?","M","?","R","E","?","T","?","M","$","?","E","R","BOSS"],"build_version":"2018-05-31","seed_source_timestamp":105080166180120,"purchased_purges":1,"victory":true,"master_deck":["Strike_B","Strike_B","Strike_B","Defend_B","Defend_B","Defend_B","Defend_B","Zap+1","Dualcast","Doom and Gloom+1","Redo","Redo+1","Ball Lightning","Cold Snap","Sunder+1","Rip and Tear","Compile Driver","Leap","Defragment+1","Biased Cognition+1","Consume+1","Stack","Ghostly","Ghostly","Ghostly","Ghostly","Ghostly","Steam+1","Leap+1","Coolheaded","Hologram+1","Defragment+1","Leap+1","Chaos+1","Hologram","Chill","Reinforced Body+1","Hello World+1","Apotheosis+1","Redo+1","Cold Snap+1"],"max_hp_per_floor":[82,82,82,82,82,82,82,82,82,82,82,82,82,82,82,82,82,82,82,82,82,82,82,41,41,41,41,46,46,46,46,46,46,46,46,46,46,46,56,56,56,56,56,56,56,56,56,56,56,56],"relics":["Cracked Core","Mercury Hourglass","Vajra","Dream Catcher","Regal Pillow","Inserter","Molten Egg 2","Turnip","Red Mask","Pen Nib","Boot","Nuclear Battery","Tiny Chest","Dead Branch","Toxic Egg 2","Mummified Hand","Kunai","Old Coin"],"card_choices":[{"not_picked":["Turbo","Ball Lightning"],"picked":"Doom and Gloom","floor":1},{"not_picked":["Turbo","Steam"],"picked":"Redo","floor":2},{"not_picked":["Go for the Eyes","Heatsinks"],"picked":"Redo","floor":3},{"not_picked":["Hologram","Double Energy"],"picked":"Cold Snap","floor":7},{"not_picked":["Lockon","Tempest"],"picked":"Rip and Tear","floor":11},{"not_picked":["Beam Cell","Doom and Gloom"],"picked":"Compile Driver","floor":12},{"not_picked":["Rebound","Buffer"],"picked":"Leap","floor":13},{"not_picked":["Auto Shields","Heatsinks"],"picked":"Defragment","floor":14},{"not_picked":["Thunder Strike","Machine Learning"],"picked":"Biased Cognition","floor":16},{"not_picked":["Rip and Tear","Reinforced Body"],"picked":"Consume+1","floor":18},{"not_picked":["Force Field","Blizzard+1","Darkness"],"picked":"SKIP","floor":20},{"not_picked":["Ball Lightning+1","Beam Cell+1"],"picked":"Stack","floor":22},{"not_picked":["Streamline+1","Ball Lightning+1"],"picked":"Steam+1","floor":25},{"not_picked":["Ball Lightning+1","Gash+1"],"picked":"Leap+1","floor":27},{"not_picked":["Static Discharge","Recycle"],"picked":"Coolheaded","floor":29},{"not_picked":["Beam Cell+1","Darkness"],"picked":"Hologram+1","floor":30},{"not_picked":["Beam Cell+1","Amplify"],"picked":"Defragment+1","floor":31},{"not_picked":["All For One+1","Amplify"],"picked":"Biased Cognition","floor":33},{"not_picked":["Gash+1","Steam"],"picked":"Leap+1","floor":35},{"not_picked":["Force Field","Gash+1"],"picked":"Chaos+1","floor":36},{"not_picked":["Rebound+1","Self Repair"],"picked":"Hologram","floor":38},{"not_picked":["Thunder Strike+1","Hologram+1"],"picked":"Chill","floor":41},{"not_picked":["Compile Driver+1","Hologram"],"picked":"Reinforced Body+1","floor":42},{"not_picked":["Sweeping Beam+1","Chaos+1"],"picked":"Hello World+1","floor":45},{"not_picked":["Double Energy+1","Sunder+1"],"picked":"Redo+1","floor":48},{"not_picked":["Tempest+1","Auto Shields+1"],"picked":"Cold Snap+1","floor":49}],"player_experience":705500,"potions_floor_usage":[7,16,38,38,50,50,50],"damage_taken":[{"damage":0,"enemies":"Small Slimes","floor":1,"turns":2},{"damage":0,"enemies":"Cultist","floor":2,"turns":3},{"damage":0,"enemies":"2 Louse","floor":3,"turns":2},{"damage":16,"enemies":"Gremlin Nob","floor":7,"turns":3},{"damage":18,"enemies":"Lagavulin","floor":11,"turns":4},{"damage":4,"enemies":"Looter","floor":12,"turns":2},{"damage":7,"enemies":"Exordium Thugs","floor":13,"turns":3},{"damage":0,"enemies":"2 Fungi Beasts","floor":14,"turns":2},{"damage":0,"enemies":"Slime Boss","floor":16,"turns":4},{"damage":26,"enemies":"2 Thieves","floor":18,"turns":3},{"damage":7,"enemies":"Shell Parasite","floor":20,"turns":5},{"damage":5,"enemies":"Cultist and Chosen","floor":22,"turns":5},{"damage":4,"enemies":"Masked Bandits","floor":25,"turns":5},{"damage":18,"enemies":"Snecko","floor":27,"turns":5},{"damage":4,"enemies":"Centurion and Healer","floor":29,"turns":8},{"damage":6,"enemies":"Slavers","floor":31,"turns":5},{"damage":3,"enemies":"Champ","floor":33,"turns":10},{"damage":0,"enemies":"3 Darklings","floor":35,"turns":7},{"damage":6,"enemies":"Orb Walker","floor":36,"turns":3},{"damage":34,"enemies":"Maw","floor":38,"turns":10},{"damage":0,"enemies":"Nemesis","floor":41,"turns":6},{"damage":10,"enemies":"Mysterious Sphere","floor":42,"turns":5},{"damage":3,"enemies":"4 Shapes","floor":45,"turns":3},{"damage":14,"enemies":"2 Orb Walkers","floor":48,"turns":6},{"damage":31,"enemies":"Awakened One","floor":50,"turns":15}],"relics_obtained":[{"floor":7,"key":"Vajra"},{"floor":9,"key":"Dream Catcher"},{"floor":11,"key":"Regal Pillow"},{"floor":21,"key":"Turnip"},{"floor":25,"key":"Red Mask"},{"floor":26,"key":"Pen Nib"},{"floor":31,"key":"Boot"},{"floor":41,"key":"Tiny Chest"},{"floor":42,"key":"Dead Branch"},{"floor":43,"key":"Toxic Egg 2"},{"floor":47,"key":"Kunai"},{"floor":48,"key":"Old Coin"}],"event_choices":[{"event_name":"Golden Shrine","player_choice":"Desecrate","floor":4,"damage_taken":0},{"event_name":"Transmorgrifier","player_choice":"Transform","floor":10,"damage_taken":0},{"event_name":"Ghosts","player_choice":"Became a Ghost","floor":24,"damage_taken":0},{"event_name":"Masked Bandits","player_choice":"Fought over 38 gold","floor":25,"damage_taken":0},{"event_name":"Forgotten Altar","player_choice":"Shed Blood","floor":28,"damage_taken":0},{"event_name":"Tomb of Lord Red Mask","player_choice":"Ignored","floor":37,"damage_taken":0},{"event_name":"Bonfire Elementals","player_choice":"RARE","floor":39,"damage_taken":0},{"event_name":"Mysterious Sphere","player_choice":"Fight","floor":42,"damage_taken":0}],"boss_relics":[{"not_picked":["Eternal Feather","Velvet Choker"],"picked":"Inserter"},{"not_picked":["White Beast Statue","Black Star"],"picked":"Nuclear Battery"}],"items_purged_floors":[5],"potions_floor_spawned":[1,3,11,13,14,18,22,25,27,33,36,38,41],"seed_played":"2510401157709751660","ascension_level":3,"potions_obtained":[{"floor":1,"key":"Explosive Potion"},{"floor":3,"key":"Swift Potion"},{"floor":11,"key":"Energy Potion"},{"floor":13,"key":"SpeedPotion"},{"floor":18,"key":"PowerPotion"},{"floor":27,"key":"AttackPotion"},{"floor":36,"key":"Energy Potion"},{"floor":38,"key":"Poison Potion"},{"floor":41,"key":"AttackPotion"}],"is_trial":false}