{"gold_per_floor":[117,132,150,100,111,111,122,122,122,122,122,132,132,148,148,245,245,261,290,290,9,21,21,21],"floor_reached":24,"playtime":1157,"items_purged":["Decay"],"score":188,"play_id":"10c624ca-3baf-4c52-acd6-153501550138","local_time":"20190118132514","is_ascension_mode":false,"campfire_choices":[{"data":"Zap","floor":6.0,"key":"SMITH"},{"floor":8.0,"key":"REST"},{"data":"Dualcast","floor":13.0,"key":"SMITH"},{"floor":15.0,"key":"REST"},{"floor":23,"key":"REST"}],"neow_cost":"CURSE","seed_source_timestamp":8400077049421,"circlet_count":0,"master_deck":["Strike_B","Strike_B","Strike_B","Strike_B","Defend_B","Defend_B","Defend_B","Defend_B","Zap+1","Dualcast+1","Hologram+1","Reprogram","Meteor Strike","FTL","Leap","Seek","Conserve Battery","BootSequence"],"special_seed":0,"relics":["Cracked Core","Ice Cream","Bag of Marbles","Strawberry","White Beast Statue","Red Mask","Membership Card"],"potions_floor_usage":[19,19,22,24],"damage_taken":[{"damage":10.0,"enemies":"Small Slimes","floor":1.0,"turns":2.0},{"damage":9.0,"enemies":"2 Louse","floor":2.0,"turns":3.0},{"damage":1.0,"enemies":"Cultist","floor":3.0,"turns":3.0},{"damage":15.0,"enemies":"Large Slime","floor":5.0,"turns":6.0},{"damage":4.0,"enemies":"2 Fungi Beasts","floor":7.0,"turns":4.0},{"damage":10.0,"enemies":"Exordium Thugs","floor":12.0,"turns":3.0},{"damage":0.0,"enemies":"Looter","floor":14.0,"turns":3.0},{"damage":25.0,"enemies":"Slime Boss","floor":16.0,"turns":6.0},{"damage":40.0,"enemies":"3 Byrds","floor":18.0,"turns":6.0},{"damage":37,"enemies":"Masked Bandits","floor":19,"turns":5},{"damage":5,"enemies":"Shell Parasite","floor":22,"turns":8},{"damage":49,"enemies":"Gremlin Leader","floor":24,"turns":6}],"seed_played":"9201180442354230845","potions_obtained":[{"floor":5.0,"key":"Weak Potion"},{"floor":7.0,"key":"Explosive Potion"},{"floor":12.0,"key":"PowerPotion"},{"floor":18.0,"key":"Poison Potion"},{"floor":19,"key":"SpeedPotion"},{"floor":22,"key":"Explosive Potion"}],"is_trial":false,"path_per_floor":["M","M","M","?","M","R","M","R","T","?","?","M","R","M","R","B",null,"M","?","?","$","M","R","E"],"character_chosen":"DEFECT","items_purchased":["Membership Card","Regen Potion"],"campfire_rested":3,"item_purchase_floors":[21,21],"current_hp_per_floor":[65,56,55,55,40,40,36,58,58,53,53,43,43,43,67,42,82,42,5,5,5,15,39,0],"gold":21,"neow_bonus":"ONE_RARE_RELIC","is_prod":false,"is_daily":false,"chose_seed":false,"campfire_upgraded":2,"win_rate":0,"timestamp":1547814314,"path_taken":["M","M","M","?","M","R","M","R","T","?","?","M","R","?","R","BOSS","M","?","?","$","M","R","E"],"build_version":"2019-01-17v2","purchased_purges":1,"victory":false,"max_hp_per_floor":[75,75,75,75,75,75,75,75,75,82,82,82,82,82,82,82,82,82,82,82,82,82,82,82],"card_choices":[{"not_picked":["Turbo","Ball Lightning"],"picked":"Hologram","floor":1.0},{"not_picked":["Redo","Self Repair"],"picked":"Reprogram","floor":2.0},{"not_picked":["Cold Snap","Leap"],"picked":"Meteor Strike","floor":3.0},{"not_picked":["Steam","Recycle"],"picked":"FTL","floor":5.0},{"not_picked":["Storm","Redo"],"picked":"Leap","floor":7.0},{"not_picked":["Rip and Tear","Rebound","Auto Shields"],"picked":"SKIP","floor":12.0},{"not_picked":["Gash","Stack","Hologram"],"picked":"SKIP","floor":14.0},{"not_picked":["Buffer","Rainbow"],"picked":"Seek","floor":16.0},{"not_picked":["Leap","Recycle+1"],"picked":"Conserve Battery","floor":18.0},{"not_picked":["Hologram","Tempest+1"],"picked":"BootSequence","floor":22}],"player_experience":388852,"relics_obtained":[{"floor":9.0,"key":"Bag of Marbles"},{"floor":19,"key":"Red Mask"}],"event_choices":[{"cards_removed":["Injury"],"damage_healed":0.0,"max_hp_gain":0.0,"max_hp_loss":0.0,"gold_gain":0.0,"event_name":"The Cleric","player_choice":"Card Removal","floor":4.0,"gold_loss":50.0,"damage_taken":0.0},{"damage_healed":0.0,"max_hp_gain":0.0,"max_hp_loss":0.0,"gold_gain":0.0,"event_name":"Scrap Ooze","player_choice":"Success","floor":10.0,"gold_loss":0.0,"damage_taken":12.0,"relics_obtained":["Strawberry"]},{"damage_healed":0.0,"max_hp_gain":0.0,"max_hp_loss":0.0,"gold_gain":0.0,"event_name":"Accursed Blacksmith","player_choice":"Forge","floor":11.0,"gold_loss":0.0,"damage_taken":0.0,"cards_upgraded":["Hologram"]},{"damage_healed":0,"gold_gain":0,"player_choice":"Fought Bandits","damage_taken":0,"max_hp_gain":0,"max_hp_loss":0,"event_name":"Masked Bandits","floor":19,"gold_loss":0},{"damage_healed":0,"gold_gain":0,"player_choice":"Smashed Altar","damage_taken":0,"max_hp_gain":0,"max_hp_loss":0,"event_name":"Forgotten Altar","floor":20,"gold_loss":0,"cards_obtained":["Decay"]}],"is_beta":false,"boss_relics":[{"not_picked":["Black Star","FrozenCore"],"picked":"White Beast Statue"}],"items_purged_floors":[21],"is_endless":false,"potions_floor_spawned":[5,7,12,18,19,22],"killed_by":"Gremlin Leader","ascension_level":0}