{"gold_per_floor":[110,185,150,162,181,181,231,231,256,281,29,29,29,45,45,144,194,210,228,153,6,6,6,20,20,98,51,64,64,77,88,88,88],"floor_reached":33,"playtime":972,"items_purged":[],"score":413,"play_id":"4bfb5e78-0dde-48ab-b050-379598a67b4e","local_time":"20180925152027","is_ascension_mode":true,"campfire_choices":[{"data":"Hyperbeam","floor":6,"key":"SMITH"},{"data":"Zap","floor":8,"key":"SMITH"},{"data":"Defragment","floor":15,"key":"SMITH"},{"data":"Hologram","floor":23,"key":"SMITH"},{"floor":32,"key":"REST"}],"neow_cost":"NONE","seed_source_timestamp":5564279989687,"circlet_count":0,"master_deck":["Strike_B","Strike_B","Strike_B","Defend_B+1","Defend_B","Defend_B","Defend_B","Zap+1","Dualcast","Hyperbeam+1","Beam Cell+1","Cold Snap+1","Undo","Defragment+1","Defragment+1","Fission","Conserve Battery","Steam+1","Hologram+1","Go for the Eyes","Coolheaded","Ball Lightning+1","Melter+1"],"relics":["Cracked Core","Bag of Preparation","Whetstone","Mercury Hourglass","Sundial","Tiny House","Bronze Scales","Gremlin Horn"],"potions_floor_usage":[16,19,24,33],"damage_taken":[{"damage":7,"enemies":"Jaw Worm","floor":1,"turns":3},{"damage":0,"enemies":"2 Louse","floor":4,"turns":3},{"damage":0,"enemies":"Cultist","floor":5,"turns":3},{"damage":16,"enemies":"Gremlin Nob","floor":10,"turns":3},{"damage":0,"enemies":"Exordium Wildlife","floor":14,"turns":3},{"damage":0,"enemies":"Slime Boss","floor":16,"turns":5},{"damage":0,"enemies":"2 Thieves","floor":18,"turns":2},{"damage":2,"enemies":"3 Byrds","floor":19,"turns":3},{"damage":23,"enemies":"Shelled Parasite and Fungi","floor":24,"turns":4},{"damage":0,"enemies":"Cultist and Chosen","floor":28,"turns":4},{"damage":0,"enemies":"Centurion and Healer","floor":30,"turns":3},{"damage":8,"enemies":"Shelled Parasite and Fungi","floor":31,"turns":3},{"damage":77,"enemies":"Champ","floor":33,"turns":8}],"seed_played":"-1278207051210752306","potions_obtained":[{"floor":10,"key":"Energy Potion"},{"floor":14,"key":"AttackPotion"},{"floor":17,"key":"AttackPotion"},{"floor":19,"key":"EssenceOfSteel"},{"floor":30,"key":"Strength Potion"}],"is_trial":false,"path_per_floor":["M","?","?","M","M","R","?","R","T","E","$","T","?","M","R","B",null,"M","M","?","$","$","R","M","?","T","$","M","?","M","M","R"],"character_chosen":"DEFECT","items_purchased":["Mercury Hourglass","Bronze Scales","Coolheaded"],"campfire_rested":1,"item_purchase_floors":[11,21,27],"current_hp_per_floor":[61,50,68,68,68,68,68,68,68,52,52,52,52,52,52,52,74,74,72,72,72,72,72,49,41,41,41,41,41,41,33,57,0],"gold":88,"neow_bonus":"ONE_RANDOM_RARE_CARD","is_prod":false,"is_daily":false,"chose_seed":false,"campfire_upgraded":4,"win_rate":0,"timestamp":1537881627,"path_taken":["M","?","?","?","M","R","?","R","T","E","?","?","?","M","R","BOSS","M","M","?","?","$","R","?","?","T","?","?","?","M","M","R","BOSS"],"build_version":"2018-09-20","purchased_purges":0,"victory":false,"max_hp_per_floor":[75,75,75,75,75,75,75,75,75,75,75,75,75,75,75,75,80,80,80,80,80,80,80,80,80,80,80,80,80,80,80,80,80],"card_choices":[{"not_picked":["Conserve Battery","Compile Driver"],"picked":"Beam Cell","floor":1},{"not_picked":["Redo","Hello World"],"picked":"Cold Snap","floor":4},{"not_picked":["Skim","Recycle"],"picked":"Undo","floor":5},{"not_picked":["Sweeping Beam","Leap"],"picked":"Defragment","floor":10},{"not_picked":["Steam Power","Turbo"],"picked":"Defragment","floor":14},{"not_picked":["All For One","Reboot"],"picked":"Fission","floor":16},{"not_picked":["Blizzard","Reinforced Body"],"picked":"Conserve Battery","floor":17},{"not_picked":["Blizzard+1","Conserve Battery"],"picked":"Steam+1","floor":18},{"not_picked":["Undo","Streamline"],"picked":"Hologram","floor":19},{"not_picked":["Scrape+1","Amplify"],"picked":"Go for the Eyes","floor":24},{"not_picked":["Redo","BootSequence+1"],"picked":"Ball Lightning+1","floor":28},{"not_picked":["Redo","Compile Driver"],"picked":"Melter+1","floor":30},{"not_picked":["Go for the Eyes+1","Undo+1","Recycle"],"picked":"SKIP","floor":31}],"player_experience":684562,"relics_obtained":[{"floor":9,"key":"Bag of Preparation"},{"floor":10,"key":"Whetstone"},{"floor":12,"key":"Sundial"},{"floor":26,"key":"Gremlin Horn"}],"event_choices":[{"event_name":"World of Goop","player_choice":"Gather Gold","floor":2,"damage_taken":0},{"event_name":"The Cleric","player_choice":"Healed","floor":3,"damage_taken":0},{"event_name":"Golden Wing","player_choice":"Gained Gold","floor":7,"damage_taken":0},{"event_name":"Accursed Blacksmith","player_choice":"Forge","floor":13,"damage_taken":0},{"event_name":"Beggar","player_choice":"Gave Gold","floor":20,"damage_taken":0},{"event_name":"Wheel of Change","player_choice":"Damage","floor":25,"damage_taken":0},{"event_name":"Vampires","player_choice":"Ignored","floor":29,"damage_taken":0}],"is_beta":false,"boss_relics":[{"not_picked":["Pandora\u0027s Box","Lizard Tail"],"picked":"Tiny House"}],"items_purged_floors":[],"is_endless":false,"potions_floor_spawned":[10,14,19,30],"killed_by":"Champ","ascension_level":8}