{"gold_per_floor":[114,127,202,213,213,213,240,210,210,210,223,223,241,274,274,348,348,368,93,103,121,121,121,121,63,63,7,36,55,55,55,55,132,132,146,161,179,1178,1193,1193,1207,1240,1319,1319,1319,1319,1319,1319,1319,1319],"floor_reached":50,"playtime":1483,"items_purged":[],"score":1071,"play_id":"56293b5b-d031-47db-841c-705d15644a67","local_time":"20181222005533","is_ascension_mode":true,"campfire_choices":[{"data":"Perfected Strike","floor":6.0,"key":"SMITH"},{"data":"Demon Form","floor":10.0,"key":"SMITH"},{"data":"Pommel Strike","floor":12.0,"key":"SMITH"},{"data":"Bash","floor":15.0,"key":"SMITH"},{"data":"Perfected Strike","floor":23.0,"key":"SMITH"},{"floor":32.0,"key":"REST"},{"data":"Perfected Strike","floor":40.0,"key":"SMITH"},{"data":"Perfected Strike","floor":45.0,"key":"SMITH"},{"floor":49,"key":"REST"}],"neow_cost":"NONE","seed_source_timestamp":16600874519027,"circlet_count":0,"master_deck":["AscendersBane","Strike_R+1","Strike_R+1","Strike_R+1","Strike_R+1","Strike_R+1","Defend_R+1","Defend_R+1","Defend_R+1","Defend_R+1","Bash+1","Headbutt","True Grit","Perfected Strike+1","Demon Form+1","Pommel Strike+1","Ghostly Armor","Double Tap+1","Limit Break+1","Perfected Strike+1","Flex+1","Headbutt","Perfected Strike+1","Warcry+1","Perfected Strike+1","Wild Strike","Immolate","Perfected Strike+1","Shrug It Off+1","Perfected Strike","Rage+1","Sword Boomerang","Perfected Strike+1","Wild Strike","Anger","Normality","Normality","Perfected Strike+1","Double Tap+1","Secret Technique+1","Swift Strike","Trip+1","Writhe"],"special_seed":0,"relics":["Burning Blood","Centennial Puzzle","FossilizedHelix","Magic Flower","Toxic Egg 2","Velvet Choker","Gremlin Horn","Champion Belt","Bird Faced Urn","Orrery","Blue Candle","Question Card"],"potions_floor_usage":[50],"damage_taken":[{"damage":15.0,"enemies":"Small Slimes","floor":1.0,"turns":4.0},{"damage":2.0,"enemies":"2 Louse","floor":2.0,"turns":4.0},{"damage":1.0,"enemies":"Cultist","floor":4.0,"turns":3.0},{"damage":38.0,"enemies":"3 Sentries","floor":7.0,"turns":7.0},{"damage":0.0,"enemies":"Blue Slaver","floor":11.0,"turns":2.0},{"damage":8.0,"enemies":"3 Louse","floor":13.0,"turns":3.0},{"damage":16.0,"enemies":"Gremlin Nob","floor":14.0,"turns":4.0},{"damage":22.0,"enemies":"Hexaghost","floor":16.0,"turns":8.0},{"damage":0.0,"enemies":"Chosen","floor":18.0,"turns":2.0},{"damage":0.0,"enemies":"2 Thieves","floor":20.0,"turns":2.0},{"damage":32.0,"enemies":"Snake Plant","floor":21.0,"turns":3.0},{"damage":37.0,"enemies":"Book of Stabbing","floor":28.0,"turns":4.0},{"damage":0.0,"enemies":"Cultist and Chosen","floor":29.0,"turns":3.0},{"damage":30.0,"enemies":"Champ","floor":33.0,"turns":7.0},{"damage":0.0,"enemies":"Orb Walker","floor":35.0,"turns":2.0},{"damage":23.0,"enemies":"3 Darklings","floor":36.0,"turns":4.0},{"damage":12.0,"enemies":"Sphere and 2 Shapes","floor":37.0,"turns":6.0},{"damage":12.0,"enemies":"Jaw Worm Horde","floor":39.0,"turns":3.0},{"damage":0.0,"enemies":"3 Darklings","floor":41.0,"turns":2.0},{"damage":24.0,"enemies":"Reptomancer","floor":42.0,"turns":4.0},{"damage":51,"enemies":"Donu and Deca","floor":50,"turns":5}],"seed_played":"6934255052897949063","potions_obtained":[{"floor":4.0,"key":"BloodPotion"},{"floor":8.0,"key":"Fire Potion"},{"floor":8.0,"key":"Ancient Potion"},{"floor":16.0,"key":"BloodPotion"},{"floor":20.0,"key":"Dexterity Potion"},{"floor":21.0,"key":"PowerPotion"},{"floor":28.0,"key":"PowerPotion"},{"floor":29.0,"key":"Energy Potion"},{"floor":36.0,"key":"Dexterity Potion"},{"floor":39.0,"key":"Dexterity Potion"}],"is_trial":false,"path_per_floor":["M","M","?","M","?","R","E","?","T","R","M","R","M","E","R","B",null,"M","$","M","M","?","R","?","$","T","$","E","M","?","T","R","B",null,"M","M","M","?","M","R","M","E","T","?","R","?","?","?","R","B"],"character_chosen":"IRONCLAD","items_purchased":["Gremlin Horn","Perfected Strike","Warcry+1"],"campfire_rested":2,"item_purchase_floors":[19,25,27],"current_hp_per_floor":[59,63,52,57,57,57,32,32,32,32,41,41,42,35,35,22,62,71,71,75,63,63,63,42,42,42,42,14,23,23,23,47,32,68,77,63,60,60,57,57,66,54,54,54,54,44,60,60,80,29],"gold":1319,"neow_bonus":"RANDOM_COMMON_RELIC","is_prod":false,"is_daily":false,"chose_seed":false,"campfire_upgraded":7,"win_rate":0,"timestamp":1545407733,"path_taken":["M","M","?","M","?","R","E","?","T","R","M","R","M","E","R","BOSS","M","$","M","?","?","R","?","?","T","$","E","M","?","?","R","BOSS","M","M","M","?","M","R","M","E","T","?","R","?","?","?","R","BOSS"],"build_version":"2018-12-20","purchased_purges":0,"victory":false,"max_hp_per_floor":[75,75,75,75,75,75,75,75,75,75,75,75,75,75,75,75,75,75,75,75,75,75,75,80,80,80,80,80,80,80,80,80,80,80,80,80,80,80,80,80,80,80,80,80,80,80,80,80,80,80],"card_choices":[{"not_picked":["Cleave","Fire Breathing"],"picked":"Headbutt","floor":1.0},{"not_picked":["Flex","Warcry"],"picked":"True Grit","floor":2.0},{"not_picked":["Body Slam","Headbutt"],"picked":"Perfected Strike","floor":4.0},{"not_picked":["Searing Blow","Inflame"],"picked":"Demon Form","floor":7.0},{"not_picked":["Iron Wave","Body Slam"],"picked":"Pommel Strike","floor":11.0},{"not_picked":["Armaments","Intimidate"],"picked":"Ghostly Armor","floor":13.0},{"not_picked":["Cleave","Clash"],"picked":"Double Tap","floor":14.0},{"not_picked":["Demon Form","Feed"],"picked":"Limit Break+1","floor":16.0},{"not_picked":["Power Through+1","Flame Barrier+1"],"picked":"Perfected Strike","floor":18.0},{"not_picked":["Pommel Strike","Cleave"],"picked":"Flex+1","floor":20.0},{"not_picked":["Rupture","Searing Blow+1"],"picked":"Headbutt","floor":21.0},{"not_picked":["Offering+1","Twin Strike"],"picked":"Perfected Strike","floor":28.0},{"not_picked":["Shrug It Off+1","Clothesline+1"],"picked":"Wild Strike","floor":29.0},{"not_picked":["Exhume+1","Brutality"],"picked":"Immolate","floor":33.0},{"not_picked":["Seeing Red+1","Heavy Blade"],"picked":"Perfected Strike+1","floor":34.0},{"not_picked":["Exhume+1","Feel No Pain"],"picked":"Shrug It Off+1","floor":34.0},{"not_picked":["Iron Wave","Shrug It Off+1"],"picked":"Perfected Strike","floor":34.0},{"not_picked":["Dropkick","Clash"],"picked":"Rage+1","floor":34.0},{"not_picked":["Infernal Blade+1","Iron Wave"],"picked":"Sword Boomerang","floor":34.0},{"not_picked":["Power Through+1","Sword Boomerang"],"picked":"Perfected Strike+1","floor":35.0},{"not_picked":["Shockwave+1","Body Slam+1"],"picked":"Wild Strike","floor":36.0},{"not_picked":["Flex+1","Anger","True Grit+1"],"picked":"SKIP","floor":37.0},{"not_picked":["Flex+1","True Grit+1"],"picked":"Anger","floor":37.0},{"not_picked":["Carnage","Spot Weakness+1"],"picked":"Perfected Strike+1","floor":39.0},{"not_picked":["Anger","Metallicize","Dropkick"],"picked":"SKIP","floor":41.0},{"not_picked":["Anger","Flame Barrier+1"],"picked":"Double Tap+1","floor":42.0},{"not_picked":["Discovery+1","Blind+1","Impatience+1"],"picked":"Secret Technique+1","floor":46.0},{"not_picked":["Violence+1","Finesse+1","Dark Shackles+1"],"picked":"Swift Strike","floor":46.0},{"not_picked":["Master of Strategy+1","Thinking Ahead+1","Mayhem"],"picked":"Trip+1","floor":46.0}],"player_experience":827876,"relics_obtained":[{"floor":7.0,"key":"FossilizedHelix"},{"floor":9.0,"key":"Magic Flower"},{"floor":14.0,"key":"Toxic Egg 2"},{"floor":28.0,"key":"Champion Belt"},{"floor":31.0,"key":"Bird Faced Urn"},{"floor":42.0,"key":"Blue Candle"},{"floor":43.0,"key":"Question Card"}],"event_choices":[{"damage_healed":0.0,"max_hp_gain":0.0,"max_hp_loss":0.0,"gold_gain":75.0,"event_name":"World of Goop","player_choice":"Gather Gold","floor":3.0,"gold_loss":0.0,"damage_taken":11.0},{"damage_healed":0.0,"max_hp_gain":0.0,"max_hp_loss":0.0,"gold_gain":0.0,"event_name":"Liars Game","player_choice":"Ignored","floor":5.0,"gold_loss":0.0,"damage_taken":0.0},{"damage_healed":0.0,"max_hp_gain":0.0,"max_hp_loss":0.0,"gold_gain":0.0,"event_name":"The Woman in Blue","player_choice":"Bought 2 Potions","floor":8.0,"gold_loss":0.0,"damage_taken":0.0},{"damage_healed":0.0,"max_hp_gain":0.0,"max_hp_loss":0.0,"gold_gain":0.0,"event_name":"Back to Basics","player_choice":"Simplicity","floor":22.0,"gold_loss":0.0,"damage_taken":0.0,"cards_upgraded":["Strike_R","Strike_R","Strike_R","Strike_R","Strike_R","Defend_R","Defend_R","Defend_R","Defend_R"]},{"damage_healed":0.0,"max_hp_gain":5.0,"max_hp_loss":0.0,"gold_gain":0.0,"event_name":"Forgotten Altar","player_choice":"Shed Blood","floor":24.0,"gold_loss":0.0,"damage_taken":26.0},{"damage_healed":0.0,"max_hp_gain":0.0,"max_hp_loss":0.0,"gold_gain":0.0,"event_name":"Vampires","player_choice":"Ignored","floor":30.0,"gold_loss":0.0,"damage_taken":0.0},{"damage_healed":0.0,"max_hp_gain":0.0,"max_hp_loss":0.0,"gold_gain":999.0,"event_name":"MindBloom","player_choice":"Gold","floor":38.0,"gold_loss":0.0,"damage_taken":0.0,"cards_obtained":["Normality","Normality"]},{"damage_healed":0.0,"max_hp_gain":0.0,"max_hp_loss":0.0,"gold_gain":0.0,"event_name":"Tomb of Lord Red Mask","player_choice":"Ignored","floor":44.0,"gold_loss":0.0,"damage_taken":0.0},{"damage_healed":0.0,"max_hp_gain":0.0,"max_hp_loss":0.0,"gold_gain":0.0,"event_name":"SensoryStone","player_choice":"Memory 3","floor":46.0,"gold_loss":0.0,"damage_taken":10.0},{"damage_healed":16.0,"max_hp_gain":0.0,"max_hp_loss":0.0,"gold_gain":0.0,"event_name":"Winding Halls","player_choice":"Writhe","floor":47.0,"gold_loss":0.0,"damage_taken":0.0,"cards_obtained":["Writhe"]},{"damage_healed":0,"gold_gain":0,"player_choice":"Ignored","damage_taken":0,"max_hp_gain":0,"max_hp_loss":0,"event_name":"Mysterious Sphere","floor":48,"gold_loss":0}],"is_beta":false,"boss_relics":[{"not_picked":["Philosopher\u0027s Stone","Astrolabe"],"picked":"Velvet Choker"},{"not_picked":["Black Blood","Runic Dome"],"picked":"Orrery"}],"items_purged_floors":[],"is_endless":false,"potions_floor_spawned":[4,13,16,20,21,28,29,36,39],"killed_by":"Donu and Deca","ascension_level":20}