{"path_per_floor":["M","?","M","M","M","R","M","R","T","$","M","R","?","E","R","B",null,"M","?","$","?","T","R","E","R","T","M","?","M","R","M","R","B",null,"M","?","T","$","?","R","M","?","T","M","$","M","$","M","R"],"character_chosen":"IRONCLAD","items_purchased":["Happy Flower","Vajra","Shrug It Off"],"gold_per_floor":[116,116,128,144,158,158,177,177,177,25,38,38,38,63,63,159,159,174,174,99,14,39,39,71,71,71,82,82,93,93,111,111,213,213,225,225,225,82,82,82,102,102,126,146,20,39,39,49,49,49],"floor_reached":50,"campfire_rested":1,"playtime":2181,"current_hp_per_floor":[80,64,64,70,73,73,66,66,66,66,72,72,65,64,64,23,80,80,80,80,80,80,80,72,72,72,76,76,78,78,79,79,39,80,80,80,80,80,80,80,80,80,80,67,67,53,53,56,80,0],"items_purged":["Strike_R","Strike_R"],"gold":49,"score":460,"play_id":"2c6979e4-a58f-4921-8cc8-792164b9e994","local_time":"20180325105049","is_prod":false,"is_daily":false,"is_ascension_mode":false,"campfire_upgraded":9,"timestamp":1521967849,"path_taken":["M","?","M","?","M","R","M","R","T","$","M","R","?","E","R","BOSS","M","?","$","?","?","R","E","R","T","M","?","M","R","M","R","BOSS","M","?","?","$","?","R","M","?","T","M","?","M","$","M","R","BOSS"],"build_version":"2018-03-22v2","purchased_purges":2,"victory":false,"master_deck":["Strike_R","Strike_R","Strike_R+1","Defend_R+1","Defend_R+1","Defend_R+1","Defend_R+1","Bash+1","Clothesline+1","Battle Trance+1","Pommel Strike+1","Rage+1","Impervious+1","Rampage+1","Flex+1","Flex+1","Twin Strike+1","Iron Wave","Shrug It Off"],"max_hp_per_floor":[80,80,80,80,80,80,80,80,80,80,80,80,80,80,80,80,80,80,80,80,80,80,80,80,80,80,80,80,80,80,80,80,80,80,80,80,80,80,80,80,80,80,80,80,80,80,80,80,80,80],"relics":["Burning Blood","Self Forming Clay","Happy Flower","Gremlin Horn","Gambling Chip","Velvet Choker","Toolbox","Juzu Bracelet","Pen Nib","Bag of Preparation","Runic Cube","Pantograph","Vajra","War Paint"],"card_choices":[{"not_picked":["Combust","Heavy Blade"],"picked":"Clothesline","floor":0.0},{"not_picked":["Clothesline","Burning Pact"],"picked":"Battle Trance","floor":1.0},{"not_picked":["Bloodletting","True Grit"],"picked":"Pommel Strike","floor":3.0},{"not_picked":["Burning Pact","Rupture"],"picked":"Rage","floor":4.0},{"not_picked":["Berserk","Immolate"],"picked":"Impervious","floor":16.0},{"not_picked":["Wild Strike","True Grit"],"picked":"Cleave","floor":18.0},{"not_picked":["Combust","Pommel Strike"],"picked":"Flex","floor":29.0},{"not_picked":["Rampage","Evolve"],"picked":"Flex","floor":31.0},{"not_picked":["Perfected Strike","Sword Boomerang"],"picked":"Twin Strike","floor":35.0},{"not_picked":["Sentinel","Thunderclap"],"picked":"Iron Wave","floor":44}],"player_experience":139554,"potions_floor_usage":[50,50],"damage_taken":[{"damage":5.0,"enemies":"2 Louse","floor":1.0,"turns":3.0},{"damage":6.0,"enemies":"Jaw Worm","floor":3.0,"turns":4.0},{"damage":0.0,"enemies":"Cultist","floor":4.0,"turns":3.0},{"damage":3.0,"enemies":"Blue Slaver","floor":5.0,"turns":5.0},{"damage":13.0,"enemies":"Exordium Wildlife","floor":7.0,"turns":7.0},{"damage":0.0,"enemies":"2 Fungi Beasts","floor":11.0,"turns":3.0},{"damage":7.0,"enemies":"Gremlin Nob","floor":14.0,"turns":4.0},{"damage":47.0,"enemies":"Hexaghost","floor":16.0,"turns":15.0},{"damage":0.0,"enemies":"Shell Parasite","floor":18.0,"turns":5.0},{"damage":18.0,"enemies":"Gremlin Leader","floor":24.0,"turns":7.0},{"damage":2.0,"enemies":"2 Thieves","floor":27.0,"turns":4.0},{"damage":4.0,"enemies":"Snecko","floor":29.0,"turns":5.0},{"damage":5.0,"enemies":"Snake Plant","floor":31.0,"turns":4.0},{"damage":46.0,"enemies":"Collector","floor":33.0,"turns":8.0},{"damage":0.0,"enemies":"3 Shapes","floor":35.0,"turns":4.0},{"damage":0.0,"enemies":"Orb Walker","floor":41.0,"turns":1.0},{"damage":23.0,"enemies":"3 Darklings","floor":44.0,"turns":6.0},{"damage":20,"enemies":"Sphere and 2 Shapes","floor":46,"turns":4},{"damage":3,"enemies":"Maw","floor":48,"turns":6},{"damage":85,"enemies":"Time Eater","floor":50,"turns":13}],"event_choices":[{"event_name":"Shining Light","player_choice":"Entered Light","floor":2.0,"damage_taken":0.0},{"event_name":"Scrap Ooze","player_choice":"success","floor":13.0,"damage_taken":7.0},{"event_name":"Upgrade Shrine","player_choice":"Upgraded","floor":19.0,"damage_taken":0.0},{"event_name":"Addict","player_choice":"Obtained Relic","floor":21.0,"damage_taken":0.0},{"event_name":"The Library","player_choice":"Read","floor":28.0,"damage_taken":0.0},{"event_name":"Match and Keep!","player_choice":"0 cards matched","floor":39.0,"damage_taken":0.0},{"event_name":"Tomb of Lord Red Mask","player_choice":"Ignored","floor":42.0,"damage_taken":0.0}],"boss_relics":[],"potions_floor_spawned":[3,4,24,29,31,33,46],"seed_played":"-8451226451588349705","killed_by":"Time Eater","ascension_level":0,"is_trial":false}