{"path_per_floor":["M","?","M","M","M","E","R","M","T","M","?","?","R","E","R","B",null,"M","?","?","M","M","R","M","R","T","$","M","$","?","M","R","B",null,"M","M","M","?","M","R","M","$","T","R","M","R","M","M","R"],"character_chosen":"THE_SILENT","items_purchased":["Girya"],"gold_per_floor":[115,115,129,147,157,184,184,203,257,276,276,276,276,304,304,399,399,399,399,314,314,314,314,314,314,314,0,0,0,0,0,0,0,0,0,0,0,0,0,0,0,0,0,0,0,0,0,0,0,0],"floor_reached":50,"campfire_rested":3,"playtime":7375,"current_hp_per_floor":[70,63,63,63,62,46,46,46,46,35,35,58,58,54,54,15,70,68,68,68,68,50,50,45,45,45,45,45,45,45,45,45,10,70,55,45,29,29,29,65,55,55,55,55,36,70,46,46,70,0],"items_purged":[],"gold":0,"score":460,"play_id":"5fcd34ff-c37d-4c3f-a0bc-fc81c7b446f5","local_time":"20180424132242","is_prod":false,"is_daily":false,"chose_seed":false,"is_ascension_mode":false,"campfire_upgraded":5,"timestamp":1524568962,"path_taken":["M","?","M","M","M","E","R","M","T","M","?","?","R","E","R","BOSS","M","?","?","M","M","R","M","R","T","$","M","?","?","M","R","BOSS","M","M","M","?","M","R","M","$","T","R","M","R","M","M","R","BOSS"],"build_version":"2018-04-19","seed_source_timestamp":9831546687380,"purchased_purges":0,"victory":false,"master_deck":["Defend_G","Defend_G","Defend_G","Defend_G","Survivor","Neutralize+1","Predator+1","Masterful Stab","Poisoned Stab","Dagger Spray+1","Bane+1","Noxious Fumes","Flying Knee","Adrenaline","Infinite Blades","Cloak And Dagger+1","PiercingWail","Malaise+1","Die Die Die","Setup+1","Tactician+1","PiercingWail+1","Deflect","Finisher+1","Noxious Fumes","Deflect+1","Backstab+1","Dagger Spray+1"],"max_hp_per_floor":[70,70,70,70,70,70,70,70,70,70,70,70,70,70,70,70,70,70,70,70,70,70,70,70,70,70,70,70,70,70,70,70,70,70,70,70,70,70,70,70,70,70,70,70,70,70,70,70,70,70],"relics":["Ring of the Snake","Anchor","Orichalcum","Regal Pillow","Mercury Hourglass","Ectoplasm","Juzu Bracelet","Bottled Tornado","Girya","Astrolabe","Bottled Lightning"],"card_choices":[{"not_picked":["Prepared","Poisoned Stab"],"picked":"Predator","floor":1},{"not_picked":["Dagger Throw","Flechettes"],"picked":"Masterful Stab","floor":3},{"not_picked":["Bane","Quick Slash"],"picked":"Poisoned Stab","floor":4},{"not_picked":["Escape Plan","Prepared"],"picked":"Dagger Spray","floor":5},{"not_picked":["Backflip","Cloak And Dagger"],"picked":"Bane","floor":6},{"not_picked":["Deadly Poison","Prepared"],"picked":"Noxious Fumes","floor":8},{"not_picked":["Tools of the Trade","Quick Slash"],"picked":"Flying Knee","floor":10},{"not_picked":["Dagger Spray","Venomology"],"picked":"Bane","floor":14},{"not_picked":["Grand Finale","Unload"],"picked":"Adrenaline","floor":16},{"not_picked":["Catalyst","Flying Knee"],"picked":"Infinite Blades","floor":18},{"not_picked":["Dagger Spray","Deflect"],"picked":"Cloak And Dagger","floor":21},{"not_picked":["Storm of Steel","Deadly Poison"],"picked":"Prepared","floor":22},{"not_picked":["Outmaneuver","Escape Plan"],"picked":"PiercingWail","floor":28},{"not_picked":["Backflip","Cloak And Dagger"],"picked":"Malaise","floor":31},{"not_picked":["After Image","Bullet Time"],"picked":"Die Die Die","floor":33},{"not_picked":["Noxious Fumes","Bouncing Flask"],"picked":"Deflect","floor":36},{"not_picked":["Sucker Punch","Slice"],"picked":"Finisher","floor":39},{"not_picked":["Escape Plan","Prepared"],"picked":"Noxious Fumes","floor":41},{"not_picked":["Bane","Sucker Punch"],"picked":"Deflect","floor":45},{"not_picked":["Deflect","Dagger Spray"],"picked":"Backstab","floor":47},{"not_picked":["Backstab","Masterful Stab"],"picked":"Dagger Spray","floor":48}],"player_experience":537585,"potions_floor_usage":[4,10,24,31,33,41,45,47],"damage_taken":[{"damage":0,"enemies":"Small Slimes","floor":1,"turns":4},{"damage":0,"enemies":"2 Louse","floor":3,"turns":3},{"damage":0,"enemies":"Jaw Worm","floor":4,"turns":3},{"damage":1,"enemies":"Blue Slaver","floor":5,"turns":5},{"damage":16,"enemies":"Gremlin Nob","floor":6,"turns":4},{"damage":0,"enemies":"Red Slaver","floor":8,"turns":2},{"damage":11,"enemies":"Exordium Thugs","floor":10,"turns":5},{"damage":4,"enemies":"3 Sentries","floor":14,"turns":4},{"damage":39,"enemies":"The Guardian","floor":16,"turns":9},{"damage":2,"enemies":"Spheric Guardian","floor":18,"turns":3},{"damage":0,"enemies":"3 Byrds","floor":21,"turns":3},{"damage":18,"enemies":"Snake Plant","floor":22,"turns":4},{"damage":5,"enemies":"Slaver and Parasite","floor":24,"turns":5},{"damage":0,"enemies":"Centurion and Healer","floor":28,"turns":4},{"damage":0,"enemies":"Cultist and Chosen","floor":31,"turns":4},{"damage":35,"enemies":"Collector","floor":33,"turns":10},{"damage":15,"enemies":"3 Shapes","floor":35,"turns":4},{"damage":10,"enemies":"3 Darklings","floor":36,"turns":4},{"damage":16,"enemies":"Maw","floor":37,"turns":8},{"damage":0,"enemies":"4 Shapes","floor":39,"turns":4},{"damage":10,"enemies":"Sphere and 2 Shapes","floor":41,"turns":5},{"damage":19,"enemies":"Maw","floor":45,"turns":9},{"damage":24,"enemies":"3 Darklings","floor":47,"turns":4},{"damage":0,"enemies":"4 Shapes","floor":48,"turns":3},{"damage":88,"enemies":"Donu and Deca","floor":50,"turns":6}],"event_choices":[{"event_name":"Golden Wing","player_choice":"Card Removal","floor":2,"damage_taken":0},{"event_name":"Purifier","player_choice":"One Purge","floor":11,"damage_taken":0},{"event_name":"Big Fish","player_choice":"Banana","floor":12,"damage_taken":0},{"event_name":"Purifier","player_choice":"One Purge","floor":19,"damage_taken":0},{"event_name":"Addict","player_choice":"Obtained Relic","floor":20,"damage_taken":0},{"event_name":"Bonfire Elementals","player_choice":"BASIC","floor":30,"damage_taken":0}],"boss_relics":[{"not_picked":["Black Star","Orrery"],"picked":"Ectoplasm"},{"not_picked":["Pandora\u0027s Box","White Beast Statue"],"picked":"Astrolabe"}],"potions_floor_spawned":[1,6,8,10,18,24,36,39],"seed_played":"7440955620333902286","killed_by":"Donu and Deca","ascension_level":0,"is_trial":false}