{"gold_per_floor":[116,116,191,141,141,141,161,161,209,209,234,234,40,55,55,152,152,166,179,119,38,51,51,1,33,33,50,50,62,62,97,97,200,200,213,227,7,17,37,37,68,68,68,84,99,118,118,150,150,150],"floor_reached":51,"playtime":5469,"items_purged":["Strike_R"],"score":835,"play_id":"c3e42ce0-9bd7-483a-a6c9-2141884478a3","local_time":"20181115020218","is_ascension_mode":true,"campfire_choices":[{"data":"Bash","floor":6.0,"key":"SMITH"},{"data":"Shrug It Off","floor":8.0,"key":"SMITH"},{"data":"Metallicize","floor":10.0,"key":"SMITH"},{"data":"Whirlwind","floor":12.0,"key":"SMITH"},{"data":"Evolve","floor":15.0,"key":"SMITH"},{"data":"Demon Form","floor":23.0,"key":"SMITH"},{"data":"Entrench","floor":28.0,"key":"SMITH"},{"data":"True Grit","floor":32.0,"key":"SMITH"},{"data":"Barricade","floor":40.0,"key":"SMITH"},{"data":"1","floor":42.0,"key":"LIFT"},{"data":"2","floor":47.0,"key":"LIFT"},{"floor":49.0,"key":"REST"}],"neow_cost":"NONE","seed_source_timestamp":0,"circlet_count":0,"master_deck":["Strike_R+1","Strike_R","Defend_R","Defend_R","Defend_R","Defend_R","Bash+1","Metallicize+1","Shrug It Off+1","Twin Strike","Whirlwind+1","Evolve+1","Demon Form+1","Body Slam+1","Flex","Impervious","Battle Trance+1","True Grit+1","Entrench+1","Warcry+1","Barricade+1","Clumsy","Double Tap+1","Reaper","Limit Break+1"],"special_seed":0,"relics":["Burning Blood","Orichalcum","Omamori","Pear","Toolbox","Mark of Pain","Dream Catcher","Meat on the Bone","Red Mask","Calling Bell","Bronze Scales","Toxic Egg 2","Girya","Whetstone","Champion Belt","Vajra"],"potions_floor_usage":[50,50],"damage_taken":[{"damage":3.0,"enemies":"Cultist","floor":1.0,"turns":3.0},{"damage":1.0,"enemies":"2 Louse","floor":7.0,"turns":3.0},{"damage":12.0,"enemies":"3 Sentries","floor":11.0,"turns":11.0},{"damage":5.0,"enemies":"Jaw Worm","floor":14.0,"turns":2.0},{"damage":54.0,"enemies":"Hexaghost","floor":16.0,"turns":10.0},{"damage":4.0,"enemies":"Chosen","floor":18.0,"turns":3.0},{"damage":21.0,"enemies":"2 Thieves","floor":19.0,"turns":4.0},{"damage":16.0,"enemies":"Chosen and Byrds","floor":22.0,"turns":6.0},{"damage":28.0,"enemies":"Gremlin Leader","floor":25.0,"turns":6.0},{"damage":6.0,"enemies":"3 Cultists","floor":27.0,"turns":3.0},{"damage":1.0,"enemies":"Cultist and Chosen","floor":29.0,"turns":5.0},{"damage":4.0,"enemies":"Masked Bandits","floor":31.0,"turns":3.0},{"damage":51.0,"enemies":"Champ","floor":33.0,"turns":10.0},{"damage":21.0,"enemies":"3 Shapes","floor":35.0,"turns":5.0},{"damage":2.0,"enemies":"Orb Walker","floor":36.0,"turns":16.0},{"damage":6.0,"enemies":"4 Shapes","floor":38.0,"turns":12.0},{"damage":34.0,"enemies":"Sphere and 2 Shapes","floor":39.0,"turns":20.0},{"damage":41.0,"enemies":"Giant Head","floor":41.0,"turns":9.0},{"damage":11.0,"enemies":"Writhing Mass","floor":44.0,"turns":5.0},{"damage":9.0,"enemies":"Maw","floor":45.0,"turns":9.0},{"damage":32.0,"enemies":"Transient","floor":46.0,"turns":5.0},{"damage":28.0,"enemies":"Nemesis","floor":48.0,"turns":5.0},{"damage":68,"enemies":"Donu and Deca","floor":50,"turns":9}],"seed_played":"5148573697033654720","potions_obtained":[{"floor":11.0,"key":"SkillPotion"},{"floor":25.0,"key":"Fire Potion"},{"floor":27.0,"key":"EssenceOfSteel"},{"floor":31.0,"key":"Weak Potion"},{"floor":36.0,"key":"Regen Potion"},{"floor":39.0,"key":"SpeedPotion"},{"floor":45.0,"key":"PowerPotion"},{"floor":48.0,"key":"SpeedPotion"}],"is_trial":false,"path_per_floor":["M","?","?","?","$","R","M","R","T","R","E","R","$","M","R","B",null,"M","M","?","$","M","R","?","E","T","M","R","M","$","?","R","B",null,"M","M","$","M","M","R","E","R","T","M","M","M","R","E","R","B",null],"character_chosen":"IRONCLAD","items_purchased":["Toolbox","Impervious","Double Tap+1"],"campfire_rested":1,"item_purchase_floors":[13,21,37],"current_hp_per_floor":[80,73,62,62,62,62,67,67,67,67,71,71,71,72,72,24,90,90,75,75,75,65,65,65,43,43,55,55,60,60,62,62,29,90,75,79,79,79,66,66,43,43,43,55,76,55,55,51,78,40],"gold":150,"neow_bonus":"THREE_CARDS","is_prod":false,"is_daily":false,"chose_seed":false,"campfire_upgraded":9,"win_rate":0,"timestamp":1542214938,"path_taken":["M","?","?","?","$","R","M","R","T","R","E","R","?","M","R","BOSS","M","M","?","$","?","R","?","E","T","M","R","M","?","?","R","BOSS","M","M","$","M","M","R","E","R","T","M","M","M","R","E","R","BOSS"],"build_version":"2018-11-08","purchased_purges":1,"victory":true,"max_hp_per_floor":[80,80,80,80,80,80,80,80,80,80,90,90,90,90,90,90,90,90,90,90,90,90,90,90,90,90,90,90,90,90,90,90,90,90,90,90,90,90,90,90,90,90,90,90,90,90,90,90,90,90],"card_choices":[{"not_picked":["Corruption","Twin Strike"],"picked":"Metallicize","floor":0.0},{"not_picked":["Perfected Strike","Clash"],"picked":"Shrug It Off","floor":1.0},{"not_picked":["Shrug It Off","Armaments"],"picked":"Twin Strike","floor":7.0},{"not_picked":["Offering","Shrug It Off"],"picked":"Whirlwind","floor":11.0},{"not_picked":["Pommel Strike","Anger"],"picked":"Evolve","floor":14.0},{"not_picked":["Barricade","Bludgeon"],"picked":"Demon Form","floor":16.0},{"not_picked":["Whirlwind","Warcry+1"],"picked":"Body Slam","floor":18.0},{"not_picked":["Clothesline","Havoc"],"picked":"Flex","floor":19.0},{"not_picked":["Berserk","Body Slam"],"picked":"Battle Trance+1","floor":22.0},{"not_picked":["Clothesline","Bloodletting+1"],"picked":"True Grit","floor":25.0},{"not_picked":["Iron Wave","Seeing Red"],"picked":"Entrench","floor":27.0},{"not_picked":["Ghostly Armor","True Grit"],"picked":"Warcry+1","floor":29.0},{"not_picked":["Brutality","Juggernaut"],"picked":"Barricade","floor":33.0},{"not_picked":["Sword Boomerang","Headbutt+1","Anger"],"picked":"SKIP","floor":35.0},{"not_picked":["Twin Strike","Heavy Blade","Headbutt"],"picked":"SKIP","floor":36.0},{"not_picked":["Clash+1","Headbutt","Dual Wield+1"],"picked":"SKIP","floor":38.0},{"not_picked":["Cleave+1","Reaper","Corruption"],"picked":"SKIP","floor":39.0},{"not_picked":["Blood for Blood","Rupture+1"],"picked":"Reaper","floor":41.0},{"not_picked":["Power Through+1","Heavy Blade","Pommel Strike+1"],"picked":"SKIP","floor":44.0},{"not_picked":["Havoc+1","Shrug It Off+1","Thunderclap+1"],"picked":"SKIP","floor":45.0},{"not_picked":["Armaments+1","Dual Wield+1","Uppercut"],"picked":"SKIP","floor":46.0},{"not_picked":["Infernal Blade+1","Spot Weakness+1","Headbutt+1"],"picked":"SKIP","floor":48.0},{"not_picked":["Sever Soul+1","Disarm+1"],"picked":"Limit Break+1","floor":49.0}],"player_experience":57480,"relics_obtained":[{"floor":9.0,"key":"Omamori"},{"floor":11.0,"key":"Pear"},{"floor":25.0,"key":"Dream Catcher"},{"floor":26.0,"key":"Meat on the Bone"},{"floor":31.0,"key":"Red Mask"},{"floor":34.0,"key":"Bronze Scales"},{"floor":34.0,"key":"Toxic Egg 2"},{"floor":34.0,"key":"Girya"},{"floor":41.0,"key":"Whetstone"},{"floor":43.0,"key":"Champion Belt"},{"floor":48.0,"key":"Vajra"}],"event_choices":[{"damage_healed":0.0,"max_hp_gain":0.0,"max_hp_loss":0.0,"gold_gain":0.0,"event_name":"Scrap Ooze","player_choice":"Success","floor":2.0,"gold_loss":0.0,"damage_taken":7.0,"relics_obtained":["Orichalcum"]},{"damage_healed":0.0,"max_hp_gain":0.0,"max_hp_loss":0.0,"gold_gain":75.0,"event_name":"World of Goop","player_choice":"Gather Gold","floor":3.0,"gold_loss":0.0,"damage_taken":11.0},{"cards_removed":["Strike_R"],"damage_healed":0.0,"max_hp_gain":0.0,"max_hp_loss":0.0,"gold_gain":0.0,"event_name":"The Cleric","player_choice":"Card Removal","floor":4.0,"gold_loss":50.0,"damage_taken":0.0},{"cards_removed":["Strike_R"],"damage_healed":0.0,"max_hp_gain":0.0,"max_hp_loss":0.0,"gold_gain":0.0,"event_name":"Designer","player_choice":"Single Remove","floor":20.0,"gold_loss":60.0,"damage_taken":0.0},{"damage_healed":0.0,"max_hp_gain":0.0,"max_hp_loss":0.0,"gold_gain":0.0,"event_name":"The Joust","player_choice":"Bet on Owner","floor":24.0,"gold_loss":50.0,"damage_taken":0.0},{"damage_healed":0.0,"max_hp_gain":0.0,"max_hp_loss":0.0,"gold_gain":0.0,"event_name":"Masked Bandits","player_choice":"Fought Bandits","floor":31.0,"gold_loss":0.0,"damage_taken":0.0}],"is_beta":false,"boss_relics":[{"not_picked":["Tiny House","Busted Crown"],"picked":"Mark of Pain"},{"not_picked":["Velvet Choker","Black Blood"],"picked":"Calling Bell"}],"items_purged_floors":[37],"is_endless":false,"potions_floor_spawned":[11,25,27,31,36,39,45,48],"ascension_level":1}