{"gold_per_floor":[111,111,129,57,57,75,100,100,124,160,160,193,218,30,30,128,128,179,179,179,100,100],"floor_reached":22,"playtime":592,"items_purged":[],"score":424,"play_id":"c300d4e4-24f1-4c98-a91c-eccf853fed1e","local_time":"20180716224107","daily_mods":["Binary"],"is_ascension_mode":true,"campfire_choices":[{"data":"Zap","floor":8.0,"key":"SMITH"},{"floor":11.0,"key":"REST"},{"floor":15.0,"key":"REST"}],"neow_cost":"","seed_source_timestamp":0,"circlet_count":0,"master_deck":["Strike_B+1","Strike_B+1","Strike_B+1","Defend_B+1","Defend_B+1","Defend_B+1","Defend_B+1","Zap+1","Dualcast","AscendersBane","White Noise","Heatsinks","Hello World","Streamline","HandOfGreed","Hello World","Hello World"],"special_seed":0,"relics":["FrozenCore","Busted Crown","Golden Idol","Potion Belt","Orichalcum","Pen Nib"],"potions_floor_usage":[],"damage_taken":[{"damage":0.0,"enemies":"2 Louse","floor":1.0,"turns":2.0},{"damage":7.0,"enemies":"Small Slimes","floor":3.0,"turns":3.0},{"damage":1.0,"enemies":"Cultist","floor":6.0,"turns":3.0},{"damage":12.0,"enemies":"Exordium Wildlife","floor":7.0,"turns":3.0},{"damage":16.0,"enemies":"Lagavulin","floor":10.0,"turns":6.0},{"damage":12.0,"enemies":"3 Sentries","floor":12.0,"turns":6.0},{"damage":22.0,"enemies":"Lots of Slimes","floor":13.0,"turns":5.0},{"damage":0.0,"enemies":"The Guardian","floor":16.0,"turns":8.0},{"damage":25,"enemies":"3 Byrds","floor":18,"turns":6},{"damage":0,"enemies":"Shell Parasite","floor":22,"turns":4}],"seed_played":"-943041523379892342","potions_obtained":[{"floor":6.0,"key":"PowerPotion"},{"floor":7.0,"key":"Poison Potion"},{"floor":10.0,"key":"Dexterity Potion"},{"floor":18,"key":"AttackPotion"}],"is_trial":true,"path_per_floor":["M","?","M","$","?","M","M","R","T","E","R","E","M","$","R","B",null,"M","?","?","$"],"character_chosen":"DEFECT","items_purchased":["White Noise","Hello World","Streamline","HandOfGreed","Hello World"],"campfire_rested":2,"item_purchase_floors":[4,14,14,14,21],"current_hp_per_floor":[64,64,57,57,57,56,44,44,44,28,47,35,13,13,32,32,56,31,31,31,31,31],"gold":100,"neow_bonus":"","is_prod":false,"is_daily":false,"chose_seed":false,"campfire_upgraded":1,"win_rate":0,"timestamp":1531806067,"path_taken":["M","?","M","$","?","M","M","R","T","E","R","E","M","$","R","BOSS","M","?","?","$","?"],"build_version":"2018-07-13","purchased_purges":0,"victory":false,"max_hp_per_floor":[71,64,64,64,64,64,64,64,64,64,64,64,64,64,64,64,64,64,64,64,64,64],"card_choices":[],"player_experience":674804,"relics_obtained":[{"floor":9.0,"key":"Potion Belt"},{"floor":10.0,"key":"Orichalcum"},{"floor":12.0,"key":"Pen Nib"}],"event_choices":[{"event_name":"Golden Idol","player_choice":"Lose Max HP","floor":2.0,"damage_taken":0.0},{"event_name":"Living Wall","player_choice":"Change","floor":5.0,"damage_taken":0.0},{"event_name":"Back to Basics","player_choice":"Simplicity","floor":19,"damage_taken":0},{"event_name":"Duplicator","player_choice":"One dupe","floor":20,"damage_taken":0}],"boss_relics":[{"not_picked":["Empty Cage","Sozu"],"picked":"FrozenCore"}],"items_purged_floors":[],"is_endless":false,"potions_floor_spawned":[6,7,10,18],"killed_by":"Shell Parasite","ascension_level":15}