{"gold_per_floor":[110,60,70,90,90,90,117,117,117,117,129,147,147,182,182,259,259,274,324,374,424,489,521,521,273,299,299,316,366,397,39,39,110,110,130,180,43,60,73,73,91,91,114,164,62,75,21,37,37,37],"floor_reached":51,"playtime":1629,"items_purged":["Strike_R"],"score":1236,"play_id":"12d9f9d4-f3bb-46f4-9a16-d03532a9f8e0","local_time":"20181003114627","is_ascension_mode":true,"campfire_choices":[{"data":"Armaments","floor":6,"key":"SMITH"},{"data":"True Grit","floor":8,"key":"SMITH"},{"data":"Spot Weakness","floor":15,"key":"SMITH"},{"floor":24,"key":"REST"},{"floor":27,"key":"REST"},{"floor":32,"key":"REST"},{"floor":40,"key":"REST"},{"data":"Limit Break","floor":42,"key":"SMITH"},{"data":"Trip","floor":49,"key":"SMITH"}],"neow_cost":"NONE","seed_source_timestamp":57752750567682,"circlet_count":0,"master_deck":["Strike_R+1","Strike_R+1","Strike_R+1","Defend_R+1","Defend_R+1","Defend_R+1","Defend_R+1","Bash","AscendersBane","Warcry","Spot Weakness+1","Sword Boomerang","Armaments+1","True Grit+1","Twin Strike","Cleave","Shrug It Off","Reaper","Inflame","Whirlwind+1","Offering","Deep Breath","Limit Break+1","Heavy Blade","Dual Wield","Trip+1"],"relics":["Burning Blood","Mummified Hand","Red Skull","Question Card","SsserpentHead","Mercury Hourglass","Busted Crown","Enchiridion","Letter Opener","Vajra","Potion Belt","Juzu Bracelet","Sundial","Chemical X","Anchor","Mark of Pain","Orichalcum","Happy Flower"],"potions_floor_usage":[7,16,18,30,35,48,48,50,50],"damage_taken":[{"damage":6,"enemies":"Cultist","floor":1,"turns":4},{"damage":1,"enemies":"2 Louse","floor":3,"turns":3},{"damage":4,"enemies":"Small Slimes","floor":4,"turns":4},{"damage":21,"enemies":"Gremlin Nob","floor":7,"turns":4},{"damage":8,"enemies":"Blue Slaver","floor":11,"turns":4},{"damage":9,"enemies":"Large Slime","floor":12,"turns":5},{"damage":26,"enemies":"3 Sentries","floor":14,"turns":6},{"damage":14,"enemies":"Hexaghost","floor":16,"turns":7},{"damage":5,"enemies":"3 Byrds","floor":18,"turns":4},{"damage":0,"enemies":"Spheric Guardian","floor":22,"turns":3},{"damage":46,"enemies":"Book of Stabbing","floor":23,"turns":5},{"damage":24,"enemies":"Snecko","floor":28,"turns":5},{"damage":34,"enemies":"Slavers","floor":30,"turns":3},{"damage":14,"enemies":"Collector","floor":33,"turns":11},{"damage":6,"enemies":"Orb Walker","floor":35,"turns":2},{"damage":18,"enemies":"3 Darklings","floor":38,"turns":3},{"damage":40,"enemies":"Maw","floor":39,"turns":5},{"damage":6,"enemies":"4 Shapes","floor":41,"turns":3},{"damage":6,"enemies":"Transient","floor":46,"turns":5},{"damage":10,"enemies":"Reptomancer","floor":48,"turns":4},{"damage":121,"enemies":"Donu and Deca","floor":50,"turns":7}],"seed_played":"-471875279743251937","potions_obtained":[{"floor":1,"key":"EssenceOfSteel"},{"floor":3,"key":"Block Potion"},{"floor":7,"key":"Weak Potion"},{"floor":16,"key":"Ancient Potion"},{"floor":23,"key":"SpeedPotion"},{"floor":28,"key":"GamblersBrew"},{"floor":33,"key":"GamblersBrew"},{"floor":41,"key":"LiquidBronze"},{"floor":46,"key":"SkillPotion"}],"is_trial":false,"path_per_floor":["M","$","M","M","?","R","E","R","T","?","M","M","?","E","R","B",null,"M","?","?","?","M","E","R","$","T","R","M","?","E","$","R","B",null,"M","?","$","M","M","R","M","R","T","?","$","M","$","M","R","B"],"character_chosen":"IRONCLAD","items_purchased":["Sword Boomerang","Inflame","Potion Belt","Chemical X","Anchor","Limit Break","Happy Flower","Trip"],"campfire_rested":4,"item_purchase_floors":[2,25,25,31,31,37,45,47],"current_hp_per_floor":[72,72,77,79,67,67,52,52,52,78,76,73,73,53,53,45,71,76,68,52,52,58,29,53,53,53,77,59,59,31,31,55,55,74,74,74,74,62,40,64,80,80,80,80,80,80,80,80,80,43],"gold":37,"neow_bonus":"TRANSFORM_CARD","is_prod":false,"is_daily":false,"chose_seed":false,"campfire_upgraded":5,"win_rate":0,"timestamp":1538559987,"path_taken":["M","$","M","M","?","R","E","R","T","?","M","?","?","E","R","BOSS","M","?","?","?","?","E","R","?","T","R","M","?","E","$","R","BOSS","M","?","$","M","M","R","M","R","T","?","?","M","?","M","R","BOSS"],"build_version":"2018-09-27","purchased_purges":1,"victory":true,"max_hp_per_floor":[80,80,80,80,80,80,80,80,80,80,80,80,80,80,80,80,80,80,80,80,80,80,80,80,80,80,80,80,80,80,80,80,80,80,80,80,80,80,80,80,80,80,80,80,80,80,80,80,80,80],"card_choices":[{"not_picked":["Uppercut","Pommel Strike"],"picked":"Spot Weakness","floor":1},{"not_picked":["Pummel","Cleave"],"picked":"Sword Boomerang","floor":3},{"not_picked":["Flex","Dual Wield"],"picked":"Armaments","floor":4},{"not_picked":["Barricade","Double Tap"],"picked":"True Grit","floor":7},{"not_picked":["Entrench","Carnage","Combust"],"picked":"Twin Strike","floor":11},{"not_picked":["Havoc","Blood for Blood","Corruption"],"picked":"Cleave","floor":12},{"not_picked":["Infernal Blade","Cleave","Barricade"],"picked":"Shrug It Off","floor":14},{"not_picked":["Immolate","Offering","Bludgeon"],"picked":"Reaper","floor":16},{"not_picked":["Perfected Strike","Clothesline"],"picked":"SKIP","floor":18},{"not_picked":["Pommel Strike","Clothesline"],"picked":"SKIP","floor":22},{"not_picked":["Pommel Strike","Twin Strike"],"picked":"SKIP","floor":23},{"not_picked":["Wild Strike"],"picked":"Whirlwind+1","floor":28},{"not_picked":["Perfected Strike","True Grit"],"picked":"SKIP","floor":30},{"not_picked":["Juggernaut"],"picked":"Offering","floor":33},{"not_picked":["Wild Strike+1","Clash"],"picked":"SKIP","floor":35},{"not_picked":["Forethought"],"picked":"Deep Breath","floor":36},{"not_picked":["Metallicize"],"picked":"Heavy Blade","floor":38},{"not_picked":["Headbutt","Seeing Red"],"picked":"SKIP","floor":39},{"not_picked":["Evolve"],"picked":"Dual Wield","floor":41},{"not_picked":["Twin Strike","Thunderclap"],"picked":"SKIP","floor":46},{"not_picked":["Clash+1","Metallicize"],"picked":"SKIP","floor":48}],"player_experience":803224,"relics_obtained":[{"floor":7,"key":"Red Skull"},{"floor":9,"key":"Question Card"},{"floor":14,"key":"Mercury Hourglass"},{"floor":20,"key":"Enchiridion"},{"floor":21,"key":"Letter Opener"},{"floor":23,"key":"Vajra"},{"floor":26,"key":"Juzu Bracelet"},{"floor":30,"key":"Sundial"},{"floor":43,"key":"Orichalcum"}],"event_choices":[{"event_name":"Scrap Ooze","player_choice":"success","floor":5,"damage_taken":12},{"event_name":"Big Fish","player_choice":"Banana","floor":10,"damage_taken":0},{"event_name":"FaceTrader","player_choice":"Trade","floor":13,"damage_taken":0},{"event_name":"Knowing Skull","player_choice":"","floor":19,"damage_taken":0},{"event_name":"Cursed Tome","player_choice":"Obtained Book","floor":20,"damage_taken":0},{"event_name":"Wheel of Change","player_choice":"Relic","floor":21,"damage_taken":0},{"event_name":"Back to Basics","player_choice":"Simplicity","floor":29,"damage_taken":0},{"event_name":"SensoryStone","player_choice":"Memory 1","floor":36,"damage_taken":0},{"event_name":"Falling","player_choice":"Removed Attack","floor":44,"damage_taken":0}],"is_beta":false,"boss_relics":[{"not_picked":["White Beast Statue","Snecko Eye"],"picked":"Busted Crown"},{"not_picked":["Runic Cube","Empty Cage"],"picked":"Mark of Pain"}],"items_purged_floors":[25],"is_endless":false,"potions_floor_spawned":[1,3,7,16,23,28,33,41,46],"ascension_level":13}