{"gold_per_floor":[116,116,116,133,152,179,36,50,50,68,68,82,82,45,45,142,142,162,182,32,52,52],"floor_reached":22,"playtime":1162,"items_purged":[],"score":188,"play_id":"c9491029-ae3d-46da-b2fe-2a90679da9cf","local_time":"20180824094225","is_ascension_mode":false,"campfire_choices":[{"floor":11,"key":"REST"},{"data":"Armaments","floor":15,"key":"SMITH"}],"neow_cost":"NONE","seed_source_timestamp":205695178203845,"circlet_count":0,"master_deck":["Strike_R","Strike_R","Strike_R","Strike_R","Strike_R","Defend_R","Defend_R+1","Defend_R","Defend_R","Bash","Sword Boomerang","Sword Boomerang","Pommel Strike","Flame Barrier","Battle Trance+1","Heavy Blade","Armaments+1","Dropkick","Limit Break","Shrug It Off","Warcry","Thunderclap+1"],"special_seed":0,"relics":["Burning Blood","NeowsBlessing","Anchor","Gremlin Horn","Bag of Preparation","War Paint","Runic Dome","Ancient Tea Set"],"potions_floor_usage":[10,16],"damage_taken":[{"damage":0.0,"enemies":"Small Slimes","floor":1.0,"turns":1.0},{"damage":0,"enemies":"Cultist","floor":4,"turns":1},{"damage":0,"enemies":"Jaw Worm","floor":5,"turns":1},{"damage":49,"enemies":"3 Sentries","floor":6,"turns":9},{"damage":2,"enemies":"Blue Slaver","floor":8,"turns":3},{"damage":7,"enemies":"Gremlin Gang","floor":10,"turns":2},{"damage":3,"enemies":"Red Slaver","floor":12,"turns":2},{"damage":64,"enemies":"Slime Boss","floor":16,"turns":10},{"damage":14,"enemies":"2 Thieves","floor":18,"turns":4},{"damage":25,"enemies":"Shell Parasite","floor":19,"turns":6},{"damage":32,"enemies":"Chosen and Byrds","floor":21,"turns":6},{"damage":29,"enemies":"Snake Plant","floor":22,"turns":4}],"seed_played":"-8892046408775354199","potions_obtained":[{"floor":1.0,"key":"AttackPotion"},{"floor":6,"key":"SteroidPotion"},{"floor":12,"key":"BloodPotion"},{"floor":16,"key":"Block Potion"},{"floor":21,"key":"Regen Potion"}],"is_trial":false,"path_per_floor":["M","?","?","M","M","E","$","M","T","M","R","M","?","$","R","B",null,"M","M","$","M"],"character_chosen":"IRONCLAD","items_purchased":["Bag of Preparation","Dropkick","Ancient Tea Set"],"campfire_rested":1,"item_purchase_floors":[7,14,20],"current_hp_per_floor":[80,80,80,80,80,37,37,41,41,40,64,67,67,67,67,9,80,72,53,53,27,0],"gold":52,"neow_bonus":"THREE_ENEMY_KILL","is_prod":false,"is_daily":false,"chose_seed":false,"campfire_upgraded":1,"win_rate":0,"timestamp":1535085745,"path_taken":["M","?","?","?","M","E","?","M","T","M","R","M","?","$","R","BOSS","M","M","$","M","M"],"build_version":"2018-08-09","purchased_purges":0,"victory":false,"max_hp_per_floor":[80,80,80,80,80,80,80,80,80,80,80,80,80,80,80,80,80,80,80,80,80,80],"card_choices":[{"not_picked":["Uppercut","Whirlwind"],"picked":"Sword Boomerang","floor":1.0},{"not_picked":["Reckless Charge","Hemokinesis"],"picked":"Sword Boomerang","floor":4},{"not_picked":["Wild Strike","Iron Wave"],"picked":"Pommel Strike","floor":5},{"not_picked":["Twin Strike","Uppercut"],"picked":"Flame Barrier","floor":6},{"not_picked":["Clothesline","Whirlwind"],"picked":"Battle Trance","floor":8},{"not_picked":["Warcry","Headbutt"],"picked":"Heavy Blade","floor":10},{"not_picked":["Clothesline","Heavy Blade"],"picked":"Armaments","floor":12},{"not_picked":["Dark Embrace","Brutality"],"picked":"Limit Break","floor":16},{"not_picked":["Cleave","Armaments"],"picked":"Shrug It Off","floor":18},{"not_picked":["Clothesline","Reckless Charge"],"picked":"Warcry","floor":19},{"not_picked":["Rampage","Armaments"],"picked":"Thunderclap+1","floor":21}],"player_experience":43454,"relics_obtained":[{"floor":6,"key":"Gremlin Horn"},{"floor":9,"key":"War Paint"}],"event_choices":[{"event_name":"Accursed Blacksmith","player_choice":"Rummage","floor":2.0,"damage_taken":0.0},{"event_name":"Living Wall","player_choice":"Forget","floor":3,"damage_taken":0},{"event_name":"The Woman in Blue","player_choice":"Bought 0 Potions","floor":13,"damage_taken":0}],"is_beta":false,"boss_relics":[{"not_picked":["Busted Crown","Empty Cage"],"picked":"Runic Dome"}],"items_purged_floors":[],"is_endless":false,"potions_floor_spawned":[1,6,12,16,21],"killed_by":"Snake Plant","ascension_level":0}