{"gold_per_floor":[114,114,63,81,99,119,139,171,171,171,186,186,196,265,265,265],"floor_reached":16,"playtime":513,"items_purged":[],"score":208,"play_id":"415fe878-036b-4b04-a621-89f389b4389d","local_time":"20181228211630","is_ascension_mode":true,"campfire_choices":[{"data":"Blood for Blood","floor":10.0,"key":"SMITH"},{"data":"Body Slam","floor":12.0,"key":"SMITH"},{"data":"Dual Wield","floor":15.0,"key":"SMITH"}],"neow_cost":"NONE","seed_source_timestamp":39858255223780,"circlet_count":0,"master_deck":["AscendersBane","Strike_R","Strike_R","Strike_R","Strike_R","Defend_R","Defend_R","Defend_R","Defend_R","Bash","Offering","Body Slam+1","Shrug It Off","Reaper","Blood for Blood+1","Infernal Blade","Dual Wield+1","True Grit","Hemokinesis+1"],"special_seed":0,"relics":["Burning Blood","Molten Egg 2","Question Card"],"potions_floor_usage":[16,16],"damage_taken":[{"damage":5.0,"enemies":"2 Louse","floor":1.0,"turns":4.0},{"damage":7.0,"enemies":"Cultist","floor":4.0,"turns":4.0},{"damage":8.0,"enemies":"Jaw Worm","floor":5.0,"turns":4.0},{"damage":13.0,"enemies":"Red Slaver","floor":6.0,"turns":5.0},{"damage":14.0,"enemies":"Blue Slaver","floor":7.0,"turns":3.0},{"damage":30.0,"enemies":"Gremlin Nob","floor":8.0,"turns":4.0},{"damage":12.0,"enemies":"2 Fungi Beasts","floor":11.0,"turns":4.0},{"damage":11.0,"enemies":"Looter","floor":13.0,"turns":3.0},{"damage":35,"enemies":"Slime Boss","floor":16,"turns":5}],"seed_played":"-3424683910547924080","potions_obtained":[{"floor":6.0,"key":"FearPotion"},{"floor":7.0,"key":"Weak Potion"},{"floor":11.0,"key":"PowerPotion"},{"floor":13.0,"key":"Regen Potion"}],"is_trial":false,"path_per_floor":["M","?","$","M","M","M","M","E","T","R","M","R","M","T","R","B"],"character_chosen":"IRONCLAD","items_purchased":["Shrug It Off"],"campfire_rested":0,"item_purchase_floors":[3],"current_hp_per_floor":[69,69,69,68,67,60,56,32,32,32,37,37,32,32,32,17],"gold":265,"neow_bonus":"ONE_RANDOM_RARE_CARD","is_prod":false,"is_daily":false,"chose_seed":false,"campfire_upgraded":3,"win_rate":0,"timestamp":1545999390,"path_taken":["M","?","?","M","M","M","M","E","T","R","?","R","M","?","R","BOSS"],"build_version":"2018-12-20","purchased_purges":0,"victory":false,"max_hp_per_floor":[75,75,75,75,75,75,75,75,75,75,75,75,75,75,75,75],"card_choices":[{"not_picked":["Anger","Headbutt"],"picked":"Body Slam","floor":1.0},{"not_picked":["Intimidate","Twin Strike"],"picked":"Reaper","floor":4.0},{"not_picked":["Flex","Warcry","Bloodletting"],"picked":"SKIP","floor":5.0},{"not_picked":["Dual Wield","Burning Pact"],"picked":"Blood for Blood","floor":6.0},{"not_picked":["Havoc","Thunderclap"],"picked":"Infernal Blade","floor":7.0},{"not_picked":["Pommel Strike","Seeing Red"],"picked":"Dual Wield","floor":8.0},{"not_picked":["Corruption","Dark Embrace"],"picked":"True Grit","floor":11.0},{"not_picked":["Twin Strike+1","Heavy Blade+1"],"picked":"Hemokinesis+1","floor":13.0}],"player_experience":880453,"relics_obtained":[{"floor":8.0,"key":"Molten Egg 2"},{"floor":14.0,"key":"Question Card"}],"event_choices":[{"cards_removed":["Strike_R"],"damage_healed":0.0,"max_hp_gain":0.0,"max_hp_loss":0.0,"gold_gain":0.0,"event_name":"Bonfire Elementals","player_choice":"Offered Basic","floor":2.0,"gold_loss":0.0,"damage_taken":0.0}],"is_beta":false,"boss_relics":[],"items_purged_floors":[],"is_endless":false,"potions_floor_spawned":[6,7,11,13],"killed_by":"Slime Boss","ascension_level":20}