{"gold_per_floor":[210,29,45,61,61,61,10,10,36,98,98,110,110,110,110,110],"floor_reached":16,"playtime":404,"items_purged":["Strike_R"],"score":172,"play_id":"85455d8a-2c40-483b-8af7-71e6c8371586","local_time":"20190116211022","is_ascension_mode":true,"campfire_choices":[{"data":"Hemokinesis","floor":6.0,"key":"SMITH"},{"data":"True Grit","floor":8.0,"key":"SMITH"},{"data":"Dual Wield","floor":11,"key":"SMITH"},{"data":"Bash","floor":15,"key":"SMITH"}],"neow_cost":"NONE","seed_source_timestamp":24594519639394,"circlet_count":0,"master_deck":["AscendersBane","Strike_R","Strike_R","Strike_R","Strike_R","Defend_R","Defend_R","Defend_R","Defend_R","Bash+1","Sword Boomerang","Dropkick","Hemokinesis+1","Dual Wield+1","Thunderclap","Decay","True Grit+1","Double Tap"],"special_seed":0,"relics":["Burning Blood","Regal Pillow","Tiny Chest","Matryoshka"],"potions_floor_usage":[10,16],"damage_taken":[{"damage":6.0,"enemies":"Cultist","floor":1.0,"turns":4.0},{"damage":14.0,"enemies":"Jaw Worm","floor":3.0,"turns":4.0},{"damage":3.0,"enemies":"Small Slimes","floor":4.0,"turns":3.0},{"damage":28,"enemies":"Lagavulin","floor":10,"turns":5},{"damage":12,"enemies":"Blue Slaver","floor":12,"turns":4},{"damage":29,"enemies":"Hexaghost","floor":16,"turns":9}],"seed_played":"6940022981342778091","potions_obtained":[{"floor":3.0,"key":"FearPotion"},{"floor":10,"key":"Weak Potion"},{"floor":12,"key":"Regen Potion"}],"is_trial":false,"path_per_floor":["M","$","M","M","?","R","$","R","T","E","R","M","?","T","R","B"],"character_chosen":"IRONCLAD","items_purchased":["Dropkick","Hemokinesis","True Grit"],"campfire_rested":0,"item_purchase_floors":[2,2,7],"current_hp_per_floor":[68,68,60,63,63,63,63,63,63,41,41,35,35,35,35,6],"gold":110,"neow_bonus":"HUNDRED_GOLD","is_prod":false,"is_daily":false,"chose_seed":false,"campfire_upgraded":4,"win_rate":0,"timestamp":1547640622,"path_taken":["M","?","M","M","?","R","$","R","T","E","R","?","?","?","R","BOSS"],"build_version":"2019-01-10","purchased_purges":1,"victory":false,"max_hp_per_floor":[75,75,75,75,75,75,75,75,75,75,75,75,75,75,75,75],"card_choices":[{"not_picked":["Armaments","Sever Soul"],"picked":"Sword Boomerang","floor":1.0},{"not_picked":["Hemokinesis","Twin Strike"],"picked":"Dual Wield","floor":3.0},{"not_picked":["Clash","Clothesline"],"picked":"Thunderclap","floor":4.0},{"not_picked":["Sword Boomerang","Spot Weakness"],"picked":"Double Tap","floor":10},{"not_picked":["Havoc","Clothesline","Flex"],"picked":"SKIP","floor":12}],"player_experience":934864,"relics_obtained":[{"floor":9.0,"key":"Regal Pillow"},{"floor":10,"key":"Tiny Chest"},{"floor":14,"key":"Matryoshka"}],"event_choices":[{"damage_healed":0.0,"max_hp_gain":0.0,"max_hp_loss":0.0,"gold_gain":0.0,"event_name":"Wheel of Change","player_choice":"Cursed","floor":5.0,"gold_loss":0.0,"damage_taken":0.0,"cards_obtained":["Decay"]},{"damage_healed":0,"gold_gain":0,"player_choice":"Ignored","damage_taken":0,"max_hp_gain":0,"max_hp_loss":0,"event_name":"Liars Game","floor":13,"gold_loss":0}],"is_beta":false,"boss_relics":[],"items_purged_floors":[2],"is_endless":false,"potions_floor_spawned":[3,10,12],"killed_by":"Hexaghost","ascension_level":15}