{"path_per_floor":["M","M","M","M","M","R","?","M","T","R","M","M","$","M","R","B",null,"M","M","M","$","?","R","M","R","T","M","R","$","M","?","R","B",null,"M","?","M","?","M","R","M","?","T","M","R","M","R","M","R"],"character_chosen":"THE_SILENT","items_purchased":["Swift Strike"],"gold_per_floor":[12,26,36,51,65,65,65,79,79,79,92,103,28,42,42,139,169,182,202,214,25,25,25,45,45,45,58,58,58,68,68,68,164,164,179,179,192,192,208,208,225,225,525,545,545,559,559,571,571,571],"floor_reached":50,"campfire_rested":4,"playtime":1598,"current_hp_per_floor":[70,70,70,69,69,69,55,55,55,55,55,55,55,55,55,55,75,70,60,53,53,53,53,53,53,53,35,57,57,57,57,75,12,75,66,66,56,56,44,54,28,47,47,26,60,39,51,46,75,0],"items_purged":["Strike_G","Strike_G"],"gold":571,"score":494,"play_id":"96be2088-6fd9-4cb2-8888-6a121bd35551","local_time":"20180406152908","is_prod":false,"is_daily":false,"is_ascension_mode":false,"campfire_upgraded":4,"timestamp":1523021348,"path_taken":["M","M","M","M","M","R","?","M","T","R","?","M","$","M","R","BOSS","M","M","M","$","?","R","M","R","T","M","R","$","M","?","R","BOSS","M","?","M","?","?","R","M","?","T","M","R","M","R","M","R","BOSS"],"build_version":"2018-04-05v2","purchased_purges":2,"victory":false,"master_deck":["Defend_G","Defend_G","Defend_G","Defend_G","Defend_G","Strike_G+1","Strike_G","Strike_G","Survivor","Neutralize","Glass Knife+1","Dagger Throw","Sucker Punch+1","Dagger Spray+1","Backstab","Noxious Fumes","Leg Sweep+1","Choke+1","Escape Plan","Slice+1","Cloak And Dagger","Riddle With Holes+1","Swift Strike","Dodge and Roll","Glass Knife","Backflip+1","After Image","Infinite Blades+1","Dramatic Entrance","Dash","Writhe","Terror+1"],"max_hp_per_floor":[70,70,70,70,70,70,70,70,70,70,70,70,70,70,70,70,75,75,75,75,75,75,75,75,75,75,75,75,75,75,75,75,75,75,75,75,75,75,75,75,75,75,75,75,75,75,75,75,75,75],"relics":["Ring of the Snake","Girya","Blue Candle","Tiny House","Ginger","Eternal Feather","Old Coin"],"card_choices":[{"not_picked":["Backflip","Poisoned Stab"],"picked":"Glass Knife","floor":1},{"not_picked":["Calculated Gamble","Quick Slash"],"picked":"Dagger Throw","floor":2},{"not_picked":["Deadly Poison","Dagger Throw"],"picked":"Sucker Punch","floor":3},{"not_picked":["Grand Finale","Underhanded Strike"],"picked":"Dagger Spray","floor":4},{"not_picked":["Outmaneuver","Expertise"],"picked":"Backstab","floor":5},{"not_picked":["Deadly Poison","Poisoned Stab"],"picked":"Noxious Fumes","floor":8},{"not_picked":["Cloak And Dagger","Dodge and Roll"],"picked":"Leg Sweep","floor":12},{"not_picked":["Flying Knee","Predator"],"picked":"Choke","floor":14},{"not_picked":["Deadly Poison","Accuracy"],"picked":"Escape Plan","floor":17},{"not_picked":["Poisoned Stab","Deadly Poison"],"picked":"Slice","floor":18},{"not_picked":["Expertise","Dodge and Roll"],"picked":"Cloak And Dagger","floor":19},{"not_picked":["Outmaneuver","Cloak And Dagger"],"picked":"Riddle With Holes","floor":20},{"not_picked":["Caltrops","Prepared"],"picked":"Dodge and Roll","floor":24},{"not_picked":["Skewer","Slice"],"picked":"Glass Knife","floor":27},{"not_picked":["Acrobatics","Slice"],"picked":"Backflip","floor":30},{"not_picked":["Unload","Storm of Steel"],"picked":"After Image","floor":33},{"not_picked":["Caltrops","Dagger Spray"],"picked":"Infinite Blades","floor":37},{"not_picked":["Finesse","Purity"],"picked":"Dramatic Entrance","floor":38},{"not_picked":["Cloak And Dagger","Prepared"],"picked":"Dash","floor":41},{"not_picked":["Prepared","Heel Hook"],"picked":"Terror","floor":48}],"player_experience":346539,"potions_floor_usage":[16,16,16,20,20,33,35,39,48,48,50],"damage_taken":[{"damage":0,"enemies":"2 Louse","floor":1,"turns":3},{"damage":0,"enemies":"Jaw Worm","floor":2,"turns":4},{"damage":0,"enemies":"Cultist","floor":3,"turns":3},{"damage":1,"enemies":"Blue Slaver","floor":4,"turns":3},{"damage":0,"enemies":"2 Fungi Beasts","floor":5,"turns":2},{"damage":0,"enemies":"Looter","floor":8,"turns":1},{"damage":0,"enemies":"3 Louse","floor":11,"turns":1},{"damage":0,"enemies":"2 Fungi Beasts","floor":12,"turns":1},{"damage":0,"enemies":"Exordium Wildlife","floor":14,"turns":2},{"damage":0,"enemies":"The Guardian","floor":16,"turns":12},{"damage":5,"enemies":"3 Byrds","floor":18,"turns":3},{"damage":10,"enemies":"Shell Parasite","floor":19,"turns":6},{"damage":7,"enemies":"3 Cultists","floor":20,"turns":4},{"damage":0,"enemies":"Centurion and Healer","floor":24,"turns":4},{"damage":18,"enemies":"Snake Plant","floor":27,"turns":3},{"damage":0,"enemies":"Sentry and Sphere","floor":30,"turns":3},{"damage":78,"enemies":"Collector","floor":33,"turns":10},{"damage":9,"enemies":"Orb Walker","floor":35,"turns":3},{"damage":10,"enemies":"3 Shapes","floor":37,"turns":4},{"damage":12,"enemies":"3 Darklings","floor":39,"turns":5},{"damage":26,"enemies":"Maw","floor":41,"turns":8},{"damage":21,"enemies":"4 Shapes","floor":44,"turns":4},{"damage":21,"enemies":"Sphere and 2 Shapes","floor":46,"turns":4},{"damage":5,"enemies":"3 Darklings","floor":48,"turns":5},{"damage":103,"enemies":"Time Eater","floor":50,"turns":10}],"event_choices":[{"event_name":"Shining Light","player_choice":"Entered Light","floor":7,"damage_taken":0},{"event_name":"Drug Dealer","player_choice":"Ignored","floor":22,"damage_taken":0},{"event_name":"Addict","player_choice":"Ignored","floor":31,"damage_taken":0},{"event_name":"Tomb of Lord Red Mask","player_choice":"Ignored","floor":36,"damage_taken":0},{"event_name":"SensoryStone","player_choice":"Memory 1","floor":38,"damage_taken":0},{"event_name":"Winding Halls","player_choice":"Writhe","floor":42,"damage_taken":0}],"boss_relics":[{"not_picked":["Lizard Tail","Runic Pyramid"],"picked":"Tiny House"},{"not_picked":["Snecko Eye","Black Star"],"picked":"Eternal Feather"}],"potions_floor_spawned":[3,8,11,16,19,20,33,37,41,44,46],"seed_played":"-5536943488358791323","killed_by":"Time Eater","ascension_level":0,"is_trial":false}