{"gold_per_floor":[99,26,26,26,26,26,26,26,26,26,26,26,26,26,26,26,26,26,26,0,0,0,0,0,0,0,0,0,0,0,0,0,0,0,0,0,0,0,0,0,0,0,0,0,0,0,0,0,0,0],"floor_reached":51,"playtime":2329,"items_purged":[],"score":1414,"play_id":"b30dfb63-fdba-4565-8841-361c490711f7","local_time":"20180716201558","is_ascension_mode":true,"campfire_choices":[{"data":"Blizzard","floor":7.0,"key":"SMITH"},{"data":"Creative AI","floor":13.0,"key":"SMITH"},{"floor":15.0,"key":"REST"},{"data":"Blizzard","floor":23.0,"key":"SMITH"},{"floor":25.0,"key":"REST"},{"floor":29,"key":"REST"},{"floor":32,"key":"REST"},{"data":"Buffer","floor":40,"key":"SMITH"},{"data":"Hologram","floor":45,"key":"SMITH"},{"data":"Loop","floor":49,"key":"SMITH"}],"neow_cost":"NONE","seed_source_timestamp":0,"circlet_count":0,"master_deck":["Strike_B","Strike_B","Defend_B","Defend_B","Defend_B","Zap","Dualcast","AscendersBane","Coolheaded","Hello World","Streamline","Blizzard+1","Streamline","Cold Snap","Seek","Creative AI+1","Hologram","Coolheaded","Seek","Blizzard+1","Self Repair","Coolheaded","Leap","Coolheaded","Decay","Seek","Go for the Eyes+1","Glacier","FTL","Loop+1","Buffer+1","White Noise","Deep Breath","Hologram+1","Leap","Cold Snap+1","Echo Form","Stack"],"special_seed":0,"relics":["Ectoplasm","Prayer Wheel","Ancient Tea Set","Mummified Hand","Orrery","Kunai","Happy Flower","Orichalcum","Busted Crown","Tiny Chest","Darkstone Periapt","Meat on the Bone"],"potions_floor_usage":[30,33,39,39,42,50],"damage_taken":[{"damage":1.0,"enemies":"2 Louse","floor":1.0,"turns":3.0},{"damage":28.0,"enemies":"Gremlin Nob","floor":6.0,"turns":5.0},{"damage":0.0,"enemies":"Cultist","floor":10.0,"turns":3.0},{"damage":2.0,"enemies":"Jaw Worm","floor":11.0,"turns":3.0},{"damage":6.0,"enemies":"Lagavulin","floor":12.0,"turns":7.0},{"damage":9.0,"enemies":"3 Louse","floor":14.0,"turns":2.0},{"damage":0.0,"enemies":"Hexaghost","floor":16.0,"turns":9.0},{"damage":10.0,"enemies":"Shell Parasite","floor":18.0,"turns":6.0},{"damage":50.0,"enemies":"Slavers","floor":24.0,"turns":7.0},{"damage":15.0,"enemies":"2 Thieves","floor":27.0,"turns":4.0},{"damage":20,"enemies":"Slaver and Parasite","floor":30,"turns":7},{"damage":47,"enemies":"Collector","floor":33,"turns":11},{"damage":0,"enemies":"Orb Walker","floor":35,"turns":5},{"damage":11,"enemies":"3 Shapes","floor":38,"turns":7},{"damage":20,"enemies":"Transient","floor":39,"turns":5},{"damage":0,"enemies":"Nemesis","floor":41,"turns":9},{"damage":0,"enemies":"Flame Bruiser 2 Orb","floor":42,"turns":7},{"damage":8,"enemies":"3 Darklings","floor":44,"turns":5},{"damage":0,"enemies":"Transient","floor":48,"turns":5},{"damage":20,"enemies":"Time Eater","floor":50,"turns":12}],"seed_played":"-5567266441292527132","potions_obtained":[{"floor":6.0,"key":"SpeedPotion"},{"floor":10.0,"key":"Fire Potion"},{"floor":27.0,"key":"Swift Potion"},{"floor":30,"key":"EssenceOfSteel"},{"floor":35,"key":"FearPotion"},{"floor":36,"key":"AttackPotion"},{"floor":39,"key":"Energy Potion"},{"floor":48,"key":"Swift Potion"}],"is_trial":false,"path_per_floor":["M","$","?","?","?","E","R","$","T","M","M","E","R","M","R","B",null,"M","$","?","?","T","R","E","R","T","M","$","R","M","?","R","B",null,"M","?","?","M","M","R","E","M","T","M","R","T","?","M","R","B"],"character_chosen":"DEFECT","items_purchased":["Hello World"],"campfire_rested":4,"item_purchase_floors":[2],"current_hp_per_floor":[63,63,63,63,56,28,28,28,28,28,26,20,20,11,32,32,61,58,58,58,58,58,58,15,36,36,28,28,49,36,36,57,17,58,65,65,65,61,55,55,62,69,69,61,61,61,61,68,68,55],"gold":0,"neow_bonus":"BOSS_RELIC","is_prod":false,"is_daily":false,"chose_seed":false,"campfire_upgraded":6,"win_rate":0,"timestamp":1531797358,"path_taken":["M","$","?","?","?","E","R","$","T","M","M","E","R","M","R","BOSS","M","$","?","?","?","R","E","R","T","M","?","R","M","?","R","BOSS","M","?","?","M","?","R","E","M","T","M","R","?","?","M","R","BOSS"],"build_version":"2018-07-13","purchased_purges":0,"victory":true,"max_hp_per_floor":[71,71,71,71,71,71,71,71,71,71,71,71,71,71,71,71,71,71,71,71,71,71,71,71,71,71,71,71,71,71,71,71,71,71,71,71,71,71,71,71,71,71,71,71,71,71,71,71,71,71],"card_choices":[{"not_picked":["Conserve Battery","Barrage"],"picked":"Coolheaded","floor":1.0},{"not_picked":["Coolheaded","Leap"],"picked":"Blizzard","floor":6.0},{"not_picked":["Conserve Battery","Heatsinks"],"picked":"Streamline","floor":10.0},{"not_picked":["Go for the Eyes","Coolheaded"],"picked":"Cold Snap","floor":10.0},{"not_picked":["Tempest","Steam"],"picked":"Seek","floor":11.0},{"not_picked":["Leap","Steam"],"picked":"Creative AI","floor":12.0},{"not_picked":["Go for the Eyes","Core Surge"],"picked":"Hologram","floor":14.0},{"not_picked":["Storm","Leap"],"picked":"Coolheaded","floor":14.0},{"not_picked":["Hyperbeam","All For One"],"picked":"Seek","floor":16.0},{"not_picked":["Self Repair","Go for the Eyes"],"picked":"Blizzard","floor":17.0},{"not_picked":["Streamline","Gash"],"picked":"Self Repair","floor":17.0},{"not_picked":["Darkness","Redo"],"picked":"Coolheaded","floor":17.0},{"not_picked":["Hello World","Steam"],"picked":"Leap","floor":17.0},{"not_picked":["Conserve Battery","Steam Power"],"picked":"Coolheaded","floor":18.0},{"not_picked":["Ball Lightning","Consume","Turbo"],"picked":"SKIP","floor":18.0},{"not_picked":["Turbo","Cold Snap"],"picked":"Seek","floor":27.0},{"not_picked":["Ball Lightning","Doom and Gloom"],"picked":"Go for the Eyes+1","floor":27.0},{"not_picked":["Double Energy","Rebound"],"picked":"Glacier","floor":30},{"not_picked":["Melter","Turbo"],"picked":"FTL","floor":30},{"not_picked":["Fission","Machine Learning"],"picked":"Buffer","floor":33},{"not_picked":[],"picked":"White Noise","floor":35},{"not_picked":["Rebound"],"picked":"SKIP","floor":35},{"not_picked":[],"picked":"Deep Breath","floor":37},{"not_picked":["Tempest"],"picked":"SKIP","floor":38},{"not_picked":["Gash"],"picked":"SKIP","floor":38},{"not_picked":["Turbo"],"picked":"SKIP","floor":39},{"not_picked":["Undo"],"picked":"SKIP","floor":39},{"not_picked":[],"picked":"Hologram","floor":42},{"not_picked":["Beam Cell"],"picked":"SKIP","floor":42},{"not_picked":[],"picked":"Leap","floor":44},{"not_picked":[],"picked":"Cold Snap+1","floor":44},{"not_picked":[],"picked":"Stack","floor":48},{"not_picked":["Sweeping Beam+1"],"picked":"SKIP","floor":48}],"player_experience":670198,"relics_obtained":[{"floor":6.0,"key":"Prayer Wheel"},{"floor":9.0,"key":"Ancient Tea Set"},{"floor":12.0,"key":"Mummified Hand"},{"floor":22.0,"key":"Kunai"},{"floor":24.0,"key":"Happy Flower"},{"floor":26.0,"key":"Orichalcum"},{"floor":41,"key":"Tiny Chest"},{"floor":43,"key":"Darkstone Periapt"},{"floor":46,"key":"Meat on the Bone"}],"event_choices":[{"event_name":"Transmorgrifier","player_choice":"Transform","floor":3.0,"damage_taken":0.0},{"event_name":"Liars Game","player_choice":"disagreed","floor":4.0,"damage_taken":0.0},{"event_name":"Golden Wing","player_choice":"Card Removal","floor":5.0,"damage_taken":0.0},{"event_name":"Masked Bandits","player_choice":"Paid Bandits 26 gold","floor":20.0,"damage_taken":0.0},{"event_name":"Forgotten Altar","player_choice":"Smashed Altar","floor":21.0,"damage_taken":0.0},{"event_name":"The Library","player_choice":"Read","floor":31,"damage_taken":0},{"event_name":"The Lab","player_choice":"Got Potions","floor":36,"damage_taken":0},{"event_name":"SensoryStone","player_choice":"Memory 1","floor":37,"damage_taken":0},{"event_name":"Transmorgrifier","player_choice":"Transform","floor":47,"damage_taken":0}],"boss_relics":[{"not_picked":["White Beast Statue","Lizard Tail"],"picked":"Orrery"},{"not_picked":["Nuclear Battery","Astrolabe"],"picked":"Busted Crown"}],"items_purged_floors":[],"is_endless":false,"potions_floor_spawned":[6,10,16,27,30,35,39,48],"ascension_level":15}