{"path_per_floor":["M","M","M","M","$","R","M","R","T","M","?","$","R","?","R","B",null,"M","$","M","?","?","R","M","R","T","R","?","M","?","M","R","B",null,"M","$","?","M","M","R","M","?","T","M","M","R","M","M","R"],"character_chosen":"IRONCLAD","items_purchased":["Flex","Metallicize","Armaments","Bag of Marbles","Bandage Up","Apotheosis","Heavy Blade"],"gold_per_floor":[115,129,149,161,21,21,35,35,35,46,46,46,46,146,146,241,241,257,11,26,26,26,26,41,41,64,64,164,177,177,190,190,291,291,301,0,50,67,84,84,100,100,153,166,180,180,197,215,215],"floor_reached":50,"campfire_rested":4,"playtime":4214,"current_hp_per_floor":[80,76,80,78,78,78,75,75,75,68,73,73,73,73,73,65,85,59,59,57,57,57,57,44,69,69,69,69,55,55,45,85,59,85,82,82,86,84,42,83,68,68,68,25,31,72,82,73,73],"items_purged":["Strike_R"],"gold":215,"score":464,"play_id":"62963d31-6e37-46c7-8b49-ac8175d064dc","local_time":"20180304144243","is_prod":false,"is_daily":false,"is_ascension_mode":false,"campfire_upgraded":7,"timestamp":1520170963,"path_taken":["M","M","M","M","$","R","M","R","T","M","?","$","R","?","R","BOSS","M","$","M","?","?","R","M","R","T","R","?","M","?","?","R","BOSS","M","$","?","M","M","R","M","?","T","M","M","R","?","M","R","BOSS"],"build_version":"2018-03-01-PROD1","purchased_purges":1,"victory":false,"master_deck":["Strike_R","Strike_R","Strike_R","Strike_R","Defend_R+1","Defend_R","Defend_R+1","Defend_R","Bash","Limit Break+1","Rampage","Heavy Blade+1","Iron Wave","Fire Breathing","Flex+1","Metallicize","Armaments+1","Heavy Blade+1","Double Tap","Entrench+1","Bandage Up","Flex","Limit Break+1","Inflame+1","Shrug It Off+1","Clash+1","Feed","Twin Strike","Apotheosis+1","Heavy Blade","Metallicize+1","Heavy Blade+1","Heavy Blade+1","Inflame","Heavy Blade+1","Inflame"],"max_hp_per_floor":[80,80,80,80,80,80,80,80,80,80,85,85,85,85,85,85,85,85,85,85,85,85,85,85,85,85,85,85,85,85,85,85,85,85,88,88,88,88,88,88,88,88,88,88,88,88,88,91,91],"relics":["Black Blood","War Paint","Mark of Pain","Bag of Marbles","Regal Pillow","Vajra","Gambling Chip","Lantern"],"card_choices":[{"not_picked":["Disarm","Power Through"],"picked":"Rampage"},{"not_picked":["Second Wind","Iron Wave"],"picked":"Heavy Blade"},{"not_picked":["Perfected Strike","Ghostly Armor"],"picked":"Iron Wave"},{"not_picked":["Sever Soul","Cleave"],"picked":"Fire Breathing"},{"not_picked":["Thunderclap","Cleave"],"picked":"Heavy Blade"},{"not_picked":["Reaper","Barricade"],"picked":"Double Tap"},{"not_picked":["Rupture","Sword Boomerang"],"picked":"Entrench"},{"not_picked":["Whirlwind","Second Wind"],"picked":"Flex"},{"not_picked":["Body Slam","Pommel Strike"],"picked":"Shrug It Off"},{"not_picked":["Perfected Strike","Infernal Blade"],"picked":"Flex"},{"not_picked":["Cleave","Blood for Blood"],"picked":"Clash"},{"not_picked":["Berserk","Barricade"],"picked":"Feed"},{"not_picked":["Reckless Charge","Warcry"],"picked":"Twin Strike"},{"not_picked":["Sword Boomerang","Shrug It Off"],"picked":"Metallicize"},{"not_picked":["Feel No Pain","Warcry"],"picked":"Heavy Blade"},{"not_picked":["Cleave","Ghostly Armor"],"picked":"Heavy Blade"},{"not_picked":["Blood for Blood","Cleave"],"picked":"Inflame"},{"not_picked":["Power Through","Iron Wave"],"picked":"Heavy Blade"},{"not_picked":["Headbutt","Flex"],"picked":"Inflame"}],"player_experience":11806,"potions_floor_usage":[29,33,33,45,47,50,50],"damage_taken":[{"damage":5.0,"enemies":"Jaw Worm","floor":1.0,"turns":6.0},{"damage":10.0,"enemies":"Small Slimes","floor":2.0,"turns":3.0},{"damage":1.0,"enemies":"Cultist","floor":3.0,"turns":3.0},{"damage":8.0,"enemies":"Large Slime","floor":4.0,"turns":5.0},{"damage":9.0,"enemies":"Looter","floor":7.0,"turns":4.0},{"damage":13.0,"enemies":"Red Slaver","floor":10.0,"turns":3.0},{"damage":29.0,"enemies":"The Guardian","floor":16.0,"turns":9.0},{"damage":32.0,"enemies":"2 Thieves","floor":18.0,"turns":5.0},{"damage":12.0,"enemies":"Spheric Guardian","floor":20.0,"turns":6.0},{"damage":23,"enemies":"Centurion and Healer","floor":24,"turns":7},{"damage":24,"enemies":"Snecko","floor":29,"turns":5},{"damage":16,"enemies":"3 Cultists","floor":31,"turns":5},{"damage":36,"enemies":"Collector","floor":33,"turns":7},{"damage":16,"enemies":"3 Shapes","floor":35,"turns":5},{"damage":10,"enemies":"Sphère mystérieuse","floor":37,"turns":4},{"damage":16,"enemies":"3 Darklings","floor":38,"turns":7},{"damage":56,"enemies":"4 Shapes","floor":39,"turns":7},{"damage":29,"enemies":"Maw","floor":41,"turns":4},{"damage":53,"enemies":"3 Darklings","floor":44,"turns":4},{"damage":10,"enemies":"Sphere and 2 Shapes","floor":45,"turns":5},{"damage":10,"enemies":"Maw","floor":47,"turns":5},{"damage":22,"enemies":"4 Shapes","floor":48,"turns":5},{"damage":79,"enemies":"Awakened One","floor":50,"turns":4}],"event_choices":[{"event_name":"Big Fish","player_choice":"Donut","floor":11.0,"damage_taken":0.0},{"event_name":"Golden Shrine","player_choice":"Pray","floor":14.0,"damage_taken":0.0},{"event_name":"Duplicator","player_choice":"One dupe","floor":21.0,"damage_taken":0.0},{"event_name":"The Library","player_choice":"Read","floor":22.0,"damage_taken":0.0},{"event_name":"Golden Shrine","player_choice":"Pray","floor":28,"damage_taken":0},{"event_name":"The Mausoleum","player_choice":"Yes","floor":30,"damage_taken":0},{"event_name":"Mysterious Sphere","player_choice":"Fight","floor":37,"damage_taken":0}],"boss_relics":[{"not_picked":["Runic Pyramid","Runic Dome"],"picked":"Black Blood"}],"potions_floor_spawned":[1,2,4,24,29,31,38,41,44,45],"seed_played":"2722078457092154030","killed_by":"Awakened One","ascension_level":0,"is_trial":false}