{"gold_per_floor":[116,116,116,129,56,56,6,6,80,80,99,123,148,161,161,289,289,309,130,405,428,353,353,366,366,389,407,227,326,342,367,367,367],"floor_reached":33,"playtime":2082,"items_purged":["Strike_B","Strike_B"],"score":239,"play_id":"cf9f1530-4e4d-4f05-8010-74952f60a982","local_time":"20190201181724","is_ascension_mode":false,"campfire_choices":[{"data":"Zap","floor":6,"key":"SMITH"},{"data":"Fusion","floor":8,"key":"SMITH"},{"data":"White Noise","floor":10,"key":"SMITH"},{"data":"Consume","floor":15,"key":"SMITH"},{"data":"Dualcast","floor":23,"key":"SMITH"},{"data":"Buffer","floor":25,"key":"SMITH"},{"floor":32,"key":"REST"}],"neow_cost":"NONE","seed_source_timestamp":24786192563655,"circlet_count":0,"master_deck":["Defend_B","Defend_B","Defend_B","Defend_B","Zap+1","Dualcast+1","Cold Snap","White Noise+1","Fusion+1","Consume+1","Machine Learning","Compile Driver","Rip and Tear","Echo Form","Ball Lightning","Conserve Battery","Tempest","Buffer+1","Ball Lightning","Steam Power","Conserve Battery","Auto Shields"],"relics":["Cracked Core","Potion Belt","Golden Idol","Gremlin Horn","Sozu","Happy Flower"],"potions_floor_usage":[24,24],"damage_taken":[{"damage":1,"enemies":"Jaw Worm","floor":1,"turns":3},{"damage":2,"enemies":"2 Louse","floor":4,"turns":2},{"damage":5,"enemies":"Small Slimes","floor":11,"turns":3},{"damage":9,"enemies":"Blue Slaver","floor":12,"turns":3},{"damage":5,"enemies":"Lots of Slimes","floor":13,"turns":4},{"damage":0,"enemies":"Exordium Thugs","floor":14,"turns":4},{"damage":21,"enemies":"Slime Boss","floor":16,"turns":9},{"damage":33,"enemies":"2 Thieves","floor":18,"turns":4},{"damage":13,"enemies":"3 Byrds","floor":21,"turns":5},{"damage":23,"enemies":"Centurion and Healer","floor":24,"turns":7},{"damage":21,"enemies":"Snake Plant","floor":27,"turns":3},{"damage":3,"enemies":"Shelled Parasite and Fungi","floor":30,"turns":5},{"damage":0,"enemies":"Centurion and Healer","floor":31,"turns":5},{"damage":51,"enemies":"Champ","floor":33,"turns":11}],"seed_played":"-5378314993944558732","potions_obtained":[{"floor":4,"key":"Regen Potion"},{"floor":11,"key":"SteroidPotion"},{"floor":12,"key":"Regen Potion"}],"is_trial":false,"path_per_floor":["M","?","?","M","$","R","?","R","T","R","M","M","M","M","R","B",null,"M","$","?","M","?","R","M","R","T","M","$","?","M","M","R","B"],"character_chosen":"DEFECT","items_purchased":["Fusion","Ball Lightning","Conserve Battery","Steam Power"],"campfire_rested":1,"item_purchase_floors":[5,19,19,28],"current_hp_per_floor":[74,69,62,60,60,60,60,60,60,60,55,46,41,41,41,20,69,36,36,36,23,23,23,45,45,45,24,24,24,21,21,41,0],"gold":367,"neow_bonus":"RANDOM_COMMON_RELIC","is_prod":false,"is_daily":false,"chose_seed":false,"campfire_upgraded":6,"win_rate":0,"timestamp":1549066644,"path_taken":["M","?","?","M","?","R","?","R","T","R","?","?","M","M","R","BOSS","M","$","?","?","?","R","M","R","T","M","$","?","M","M","R","BOSS"],"build_version":"2019-01-23","purchased_purges":2,"victory":false,"max_hp_per_floor":[75,69,69,69,69,69,69,69,69,69,69,69,69,69,69,69,69,69,69,69,69,69,69,69,69,69,69,69,69,69,69,69,69],"card_choices":[{"not_picked":["Stack","Redo"],"picked":"Cold Snap","floor":1},{"not_picked":["Gash","Leap"],"picked":"White Noise","floor":4},{"not_picked":["Cold Snap","Undo"],"picked":"Consume","floor":11},{"not_picked":["Heatsinks","Redo"],"picked":"Machine Learning","floor":12},{"not_picked":["Cold Snap","Sunder"],"picked":"Compile Driver","floor":13},{"not_picked":["Leap","Steam"],"picked":"Rip and Tear","floor":14},{"not_picked":["Reboot","Biased Cognition"],"picked":"Echo Form","floor":16},{"not_picked":["Steam","Stack","Rebound"],"picked":"SKIP","floor":18},{"not_picked":["Steam","Stack","Rebound"],"picked":"SKIP","floor":18},{"not_picked":["Gash+1","Redo+1"],"picked":"Tempest","floor":21},{"not_picked":["Blizzard","Scrape"],"picked":"Buffer","floor":24},{"not_picked":["Leap","Rip and Tear+1"],"picked":"Ball Lightning","floor":27},{"not_picked":["Darkness","Steam"],"picked":"Conserve Battery","floor":30},{"not_picked":["Loop","Doom and Gloom+1"],"picked":"Auto Shields","floor":31}],"player_experience":702174,"relics_obtained":[{"floor":9,"key":"Gremlin Horn"},{"floor":26,"key":"Happy Flower"}],"event_choices":[{"damage_healed":0,"gold_gain":0,"player_choice":"Lose Max HP","damage_taken":0,"relics_obtained":["Golden Idol"],"max_hp_gain":0,"max_hp_loss":6,"event_name":"Golden Idol","floor":2,"gold_loss":0},{"cards_removed":["Strike_B"],"damage_healed":0,"gold_gain":0,"player_choice":"Card Removal","damage_taken":7,"max_hp_gain":0,"max_hp_loss":0,"event_name":"Golden Wing","floor":3,"gold_loss":0},{"cards_removed":["Strike_B"],"damage_healed":0,"gold_gain":0,"player_choice":"Card Removal","damage_taken":0,"max_hp_gain":0,"max_hp_loss":0,"event_name":"The Cleric","floor":7,"gold_loss":50},{"damage_healed":0,"gold_gain":275,"player_choice":"Desecrate","damage_taken":0,"max_hp_gain":0,"max_hp_loss":0,"event_name":"Golden Shrine","floor":20,"gold_loss":0,"cards_obtained":["Regret"]},{"cards_removed":["Regret"],"damage_healed":0,"gold_gain":0,"player_choice":"Gave Gold","damage_taken":0,"max_hp_gain":0,"max_hp_loss":0,"event_name":"Beggar","floor":22,"gold_loss":75},{"damage_healed":0,"gold_gain":99,"player_choice":"Stole From Cult","damage_taken":0,"max_hp_gain":0,"max_hp_loss":0,"event_name":"Nest","floor":29,"gold_loss":0}],"is_beta":false,"boss_relics":[{"not_picked":["Empty Cage","Snecko Eye"],"picked":"Sozu"}],"items_purged_floors":[19,28],"is_endless":false,"potions_floor_spawned":[4,11,12,18,21,31],"killed_by":"Champ","ascension_level":0}