{"gold_per_floor":[146,1,14,14,14,14,32,32,55,70,70,85,85,95,95,95],"floor_reached":16,"playtime":465,"items_purged":[],"score":92,"play_id":"9c68876c-d599-45f7-a3e3-1317535a8b5f","local_time":"20181028213723","is_ascension_mode":false,"campfire_choices":[{"data":"Double Tap","floor":6,"key":"SMITH"},{"data":"Flex","floor":8,"key":"SMITH"},{"data":"Fire Breathing","floor":15,"key":"SMITH"}],"neow_cost":"NONE","seed_source_timestamp":1483568727202622,"circlet_count":0,"master_deck":["Strike_R","Strike_R","Strike_R","Strike_R","Strike_R","Defend_R","Defend_R","Defend_R","Bash","Cleave","Double Tap+1","Seeing Red","Flex+1","Clothesline","Headbutt","Fire Breathing+1"],"relics":["Burning Blood","Tiny Chest","Darkstone Periapt","Juzu Bracelet","Pen Nib","Ancient Tea Set"],"potions_floor_usage":[7,16],"damage_taken":[{"damage":1,"enemies":"Cultist","floor":1,"turns":3},{"damage":6,"enemies":"Jaw Worm","floor":3,"turns":3},{"damage":0,"enemies":"2 Louse","floor":7,"turns":1},{"damage":15,"enemies":"Looter","floor":10,"turns":3},{"damage":7,"enemies":"Blue Slaver","floor":12,"turns":2},{"damage":5,"enemies":"Red Slaver","floor":14,"turns":3},{"damage":72,"enemies":"The Guardian","floor":16,"turns":8}],"seed_played":"-1742554667897171547","potions_obtained":[{"floor":3,"key":"SteroidPotion"},{"floor":7,"key":"LiquidBronze"}],"is_trial":false,"path_per_floor":["M","$","M","?","T","R","M","R","T","M","?","M","T","M","R"],"character_chosen":"IRONCLAD","items_purchased":["Double Tap"],"campfire_rested":0,"item_purchase_floors":[2],"current_hp_per_floor":[80,80,80,73,73,73,79,79,79,70,70,69,69,70,70,0],"gold":95,"neow_bonus":"RANDOM_COMMON_RELIC","is_prod":false,"is_daily":false,"chose_seed":false,"campfire_upgraded":3,"win_rate":0.0,"timestamp":1540715843,"path_taken":["M","?","?","?","?","R","M","R","T","M","?","M","?","M","R","BOSS"],"build_version":"2018-10-25v2","purchased_purges":0,"victory":false,"max_hp_per_floor":[80,80,80,80,80,80,80,80,80,80,80,80,80,80,80,80],"card_choices":[{"not_picked":["Wild Strike","True Grit"],"picked":"Cleave","floor":1},{"not_picked":["Feel No Pain","Havoc"],"picked":"Seeing Red","floor":3},{"not_picked":["Flame Barrier","Disarm"],"picked":"Flex","floor":7},{"not_picked":["Headbutt","True Grit"],"picked":"Clothesline","floor":10},{"not_picked":["Body Slam","Thunderclap"],"picked":"Headbutt","floor":12},{"not_picked":["Wild Strike","Combust"],"picked":"Fire Breathing","floor":14}],"player_experience":277698,"relics_obtained":[{"floor":5,"key":"Darkstone Periapt"},{"floor":9,"key":"Juzu Bracelet"},{"floor":13,"key":"Ancient Tea Set"}],"event_choices":[{"cards_removed":["Defend_R"],"damage_healed":0,"gold_gain":0,"player_choice":"Card Removal","damage_taken":7,"max_hp_gain":0,"max_hp_loss":0,"event_name":"Golden Wing","floor":4,"gold_loss":0},{"damage_healed":0,"gold_gain":0,"player_choice":"Searched \u00271\u0027 times","damage_taken":0,"relics_obtained":["Pen Nib"],"max_hp_gain":0,"max_hp_loss":0,"event_name":"Dead Adventurer","floor":11,"gold_loss":0}],"is_beta":false,"boss_relics":[],"items_purged_floors":[],"is_endless":false,"potions_floor_spawned":[3,7],"killed_by":"The Guardian","ascension_level":0}