{"gold_per_floor":[117,117,137,62,237,237,237,237,237,277,17,17,27,39,39,139,139,155,155],"floor_reached":19,"playtime":813,"items_purged":["Strike_G"],"score":190,"play_id":"743ace98-27fc-4654-9a66-1256a4d2c562","local_time":"20181207223314","is_ascension_mode":false,"campfire_choices":[{"data":"Neutralize","floor":6,"key":"SMITH"},{"data":"Burst","floor":8,"key":"SMITH"},{"data":"Night Terror","floor":15,"key":"SMITH"}],"neow_cost":"NONE","seed_source_timestamp":12774736774820,"circlet_count":0,"master_deck":["Defend_G","Defend_G","Defend_G","Defend_G","Defend_G","Strike_G","Strike_G","Strike_G+1","Strike_G","Survivor","Neutralize+1","Deadly Poison+1","Burst+1","Swift Strike","Leg Sweep","Doubt","Night Terror+1","Deflect","Distraction","Envenom+1","Bouncing Flask"],"relics":["Ring of the Snake","NeowsBlessing","MawBank","Ornamental Fan","Frozen Egg 2","Singing Bowl","Lizard Tail"],"potions_floor_usage":[16,19],"damage_taken":[{"damage":0,"enemies":"Cultist","floor":1,"turns":1},{"damage":0,"enemies":"Small Slimes","floor":3,"turns":1},{"damage":0,"enemies":"3 Sentries","floor":10,"turns":1},{"damage":0,"enemies":"Jaw Worm","floor":13,"turns":2},{"damage":5,"enemies":"Looter","floor":14,"turns":3},{"damage":16,"enemies":"The Guardian","floor":16,"turns":11},{"damage":10,"enemies":"Chosen","floor":18,"turns":7},{"damage":36,"enemies":"3 Byrds","floor":19,"turns":7}],"seed_played":"2456395461145532882","potions_obtained":[{"floor":1,"key":"SpeedPotion"},{"floor":13,"key":"LiquidBronze"}],"is_trial":false,"path_per_floor":["M","?","M","$","?","R","?","R","T","E","$","T","M","M","R","B",null,"M","M"],"character_chosen":"THE_SILENT","items_purchased":["Frozen Egg 2","Deflect"],"campfire_rested":0,"item_purchase_floors":[11,11],"current_hp_per_floor":[70,70,70,70,70,70,56,56,56,56,56,56,58,53,53,37,72,62,26],"gold":155,"neow_bonus":"THREE_ENEMY_KILL","is_prod":false,"is_daily":false,"chose_seed":false,"campfire_upgraded":3,"win_rate":0.0,"timestamp":1544175194,"path_taken":["M","?","M","$","?","R","?","R","T","E","?","?","M","M","R","BOSS","M","M"],"build_version":"2018-12-06","purchased_purges":1,"victory":false,"max_hp_per_floor":[70,70,70,70,70,70,70,70,70,70,70,70,72,72,72,72,72,72,72],"card_choices":[{"not_picked":["Predator","Sucker Punch"],"picked":"Deadly Poison","floor":1},{"not_picked":["Skewer","Escape Plan"],"picked":"Leg Sweep","floor":3},{"not_picked":["Backstab","PiercingWail"],"picked":"Night Terror","floor":10},{"not_picked":["Heel Hook","Flying Knee","All Out Attack"],"picked":"Singing Bowl","floor":13},{"not_picked":["Bane","Prepared"],"picked":"Distraction","floor":14},{"not_picked":["Night Terror","Doppelganger"],"picked":"Envenom+1","floor":16},{"not_picked":["Prepared","Slice"],"picked":"Bouncing Flask","floor":18}],"player_experience":425928,"relics_obtained":[{"floor":9,"key":"MawBank"},{"floor":10,"key":"Ornamental Fan"},{"floor":12,"key":"Singing Bowl"}],"event_choices":[{"damage_healed":0,"gold_gain":0,"player_choice":"2 cards matched","damage_taken":0,"max_hp_gain":0,"max_hp_loss":0,"event_name":"Match and Keep!","floor":2,"gold_loss":0,"cards_obtained":["Burst","Swift Strike"]},{"damage_healed":0,"gold_gain":175,"player_choice":"AGREE","damage_taken":0,"max_hp_gain":0,"max_hp_loss":0,"event_name":"Liars Game","floor":5,"gold_loss":0,"cards_obtained":["Doubt"]},{"damage_healed":0,"gold_gain":0,"player_choice":"Entered Light","damage_taken":14,"max_hp_gain":0,"max_hp_loss":0,"event_name":"Shining Light","floor":7,"gold_loss":0,"cards_upgraded":["Strike_G","Deadly Poison"]}],"is_beta":false,"boss_relics":[{"not_picked":["Snecko Eye","Cursed Key"],"picked":"Lizard Tail"}],"items_purged_floors":[4],"is_endless":false,"potions_floor_spawned":[1,13],"killed_by":"3 Byrds","ascension_level":0}