{"gold_per_floor":[116,135,146,36,53,53,85,85,85,97,97,123,135,135,135,208,208,218,143,162,173,173,173,206,206,258,173,173,184,21,34,34,34],"floor_reached":33,"playtime":1384,"items_purged":[],"score":540,"play_id":"dd4faeef-a685-451a-901b-a6df708efefc","local_time":"20181214025911","is_ascension_mode":true,"campfire_choices":[{"data":"Beam Cell","floor":6.0,"key":"SMITH"},{"data":"Defragment","floor":15,"key":"SMITH"},{"data":"Fission","floor":23,"key":"SMITH"},{"data":"Zap","floor":25,"key":"SMITH"},{"data":"Redo","floor":32,"key":"SMITH"}],"neow_cost":"NONE","seed_source_timestamp":0,"circlet_count":0,"master_deck":["AscendersBane","Strike_B","Strike_B","Defend_B","Zap+1","Dualcast","Stack","Defragment+1","Beam Cell+1","Conserve Battery","Rainbow+1","Aggregate","Redo+1","Hologram","Fission+1","Glacier+1","Coolheaded+1","Leap+1","Ball Lightning","Turbo+1","Steam","Auto Shields","Undo","Seek"],"special_seed":0,"relics":["Cracked Core","FossilizedHelix","Meat on the Bone","Shuriken","Gremlin Horn","Astrolabe","Blue Candle","Ancient Tea Set","Question Card","Bag of Preparation"],"potions_floor_usage":[7,12,12,12,20,24,24,33],"damage_taken":[{"damage":0.0,"enemies":"Cultist","floor":1.0,"turns":3.0},{"damage":2.0,"enemies":"2 Louse","floor":2.0,"turns":3.0},{"damage":2.0,"enemies":"Jaw Worm","floor":3.0,"turns":4.0},{"damage":12.0,"enemies":"2 Fungi Beasts","floor":5.0,"turns":3.0},{"damage":35,"enemies":"Lagavulin","floor":7,"turns":7},{"damage":4,"enemies":"3 Louse","floor":10,"turns":3},{"damage":33,"enemies":"Gremlin Nob","floor":12,"turns":4},{"damage":4,"enemies":"Looter","floor":13,"turns":3},{"damage":12,"enemies":"Hexaghost","floor":16,"turns":9},{"damage":0,"enemies":"Chosen","floor":18,"turns":8},{"damage":4,"enemies":"Spheric Guardian","floor":20,"turns":6},{"damage":20,"enemies":"Chosen and Byrds","floor":21,"turns":8},{"damage":22,"enemies":"Book of Stabbing","floor":24,"turns":4},{"damage":8,"enemies":"Snake Plant","floor":29,"turns":3},{"damage":0,"enemies":"Shelled Parasite and Fungi","floor":31,"turns":7},{"damage":43,"enemies":"Collector","floor":33,"turns":6}],"seed_played":"-8894482067675134091","potions_obtained":[{"floor":3.0,"key":"SteroidPotion"},{"floor":5.0,"key":"Regen Potion"},{"floor":7,"key":"FearPotion"},{"floor":12,"key":"Regen Potion"},{"floor":21,"key":"AttackPotion"},{"floor":24,"key":"Fire Potion"}],"is_trial":false,"path_per_floor":["M","M","M","$","M","R","E","?","T","M","?","E","M","?","R","B",null,"M","?","M","M","?","R","E","R","T","?","T","M","$","M","R","B"],"character_chosen":"DEFECT","items_purchased":["EntropicBrew","Bag of Preparation"],"campfire_rested":0,"item_purchase_floors":[4,30],"current_hp_per_floor":[71,69,67,67,55,55,35,35,35,43,43,22,30,19,19,19,63,63,63,74,54,70,70,48,48,48,48,48,40,40,40,40,0],"gold":34,"neow_bonus":"TEN_PERCENT_HP_BONUS","is_prod":false,"is_daily":false,"chose_seed":false,"campfire_upgraded":5,"win_rate":0,"timestamp":1544723951,"path_taken":["M","M","?","?","M","R","E","?","T","M","?","E","?","?","R","BOSS","M","?","M","M","?","R","E","R","T","?","?","M","?","?","R","BOSS"],"build_version":"2018-12-06","purchased_purges":0,"victory":false,"max_hp_per_floor":[78,78,78,78,78,78,78,78,78,78,78,78,78,78,78,78,78,78,78,78,78,78,78,78,78,78,78,78,78,78,78,78,78],"card_choices":[{"not_picked":["Coolheaded","Force Field"],"picked":"Stack","floor":1.0},{"not_picked":["Sweeping Beam","Beam Cell"],"picked":"Defragment","floor":2.0},{"not_picked":["Hyperbeam","Rebound"],"picked":"Beam Cell","floor":3.0},{"not_picked":["Streamline","Leap"],"picked":"Conserve Battery","floor":5.0},{"not_picked":["Leap","Skim"],"picked":"Rainbow","floor":7},{"not_picked":["Go for the Eyes","Sweeping Beam"],"picked":"Aggregate","floor":10},{"not_picked":["Beam Cell","Heatsinks"],"picked":"Redo","floor":12},{"not_picked":["Redo","Compile Driver"],"picked":"Hologram","floor":13},{"not_picked":["Seek","Multi-Cast"],"picked":"Fission","floor":16},{"not_picked":["Defragment","Chaos"],"picked":"Ball Lightning","floor":18},{"not_picked":["Glacier","Coolheaded"],"picked":"Turbo+1","floor":20},{"not_picked":["Rebound","Hello World"],"picked":"Steam","floor":21},{"not_picked":["Defragment","Consume"],"picked":"Auto Shields","floor":24},{"not_picked":["White Noise","Sunder","Beam Cell"],"picked":"Undo","floor":29},{"not_picked":["Coolheaded","Force Field","Redo"],"picked":"Seek","floor":31}],"player_experience":992112,"relics_obtained":[{"floor":7,"key":"FossilizedHelix"},{"floor":9,"key":"Meat on the Bone"},{"floor":12,"key":"Shuriken"},{"floor":24,"key":"Blue Candle"},{"floor":28,"key":"Question Card"}],"event_choices":[{"damage_healed":0,"gold_gain":0,"player_choice":"Grow","damage_taken":0,"max_hp_gain":0,"max_hp_loss":0,"event_name":"Living Wall","floor":8,"gold_loss":0,"cards_upgraded":["Rainbow"]},{"cards_removed":["Defend_B"],"damage_healed":0,"gold_gain":0,"player_choice":"Purged","damage_taken":0,"max_hp_gain":0,"max_hp_loss":0,"event_name":"Purifier","floor":11,"gold_loss":0},{"damage_healed":0,"gold_gain":0,"player_choice":"Success","damage_taken":11,"relics_obtained":["Gremlin Horn"],"max_hp_gain":0,"max_hp_loss":0,"event_name":"Scrap Ooze","floor":14,"gold_loss":0},{"cards_removed":["Defend_B"],"damage_healed":0,"gold_gain":0,"player_choice":"Gave Gold","damage_taken":0,"max_hp_gain":0,"max_hp_loss":0,"event_name":"Beggar","floor":19,"gold_loss":75},{"damage_healed":16,"gold_gain":0,"player_choice":"Heal","damage_taken":0,"max_hp_gain":0,"max_hp_loss":0,"event_name":"The Library","floor":22,"gold_loss":0},{"damage_healed":0,"gold_gain":0,"player_choice":"Obtained Relic","damage_taken":0,"relics_obtained":["Ancient Tea Set"],"max_hp_gain":0,"max_hp_loss":0,"event_name":"Addict","floor":27,"gold_loss":85}],"is_beta":false,"boss_relics":[{"not_picked":["Pandora\u0027s Box","Velvet Choker"],"picked":"Astrolabe"}],"items_purged_floors":[],"is_endless":false,"potions_floor_spawned":[3,5,7,12,21,24],"killed_by":"Collector","ascension_level":19}