{"gold_per_floor":[109,109,39,39,53,94,94,107,107,143,143,68,68,89,89,89],"floor_reached":16,"playtime":835,"items_purged":["Strike_G"],"score":133,"play_id":"4ea20163-43f0-42d7-aeae-efee3e8ca2f8","local_time":"20190125080624","is_ascension_mode":false,"campfire_choices":[{"data":"Dash","floor":7,"key":"SMITH"},{"data":"Neutralize","floor":13,"key":"SMITH"},{"floor":15,"key":"REST"}],"neow_cost":"NONE","seed_source_timestamp":342169827311895,"circlet_count":0,"master_deck":["Defend_G","Defend_G","Defend_G","Defend_G","Defend_G","Strike_G","Strike_G","Strike_G","Strike_G","Survivor","Neutralize+1","Prepared","Footwork+1","Dash+1","Bouncing Flask","Acrobatics","Catalyst"],"relics":["Ring of the Snake","NeowsBlessing","Golden Idol","Meat on the Bone"],"potions_floor_usage":[10,16,16],"damage_taken":[{"damage":0,"enemies":"Cultist","floor":1,"turns":1},{"damage":0,"enemies":"Jaw Worm","floor":5,"turns":1},{"damage":0,"enemies":"Gremlin Nob","floor":6,"turns":1},{"damage":2,"enemies":"Small Slimes","floor":8,"turns":4},{"damage":15,"enemies":"3 Sentries","floor":10,"turns":10},{"damage":17,"enemies":"Exordium Thugs","floor":14,"turns":7},{"damage":58,"enemies":"Slime Boss","floor":16,"turns":13}],"seed_played":"6920701596558518781","potions_obtained":[{"floor":1,"key":"Weak Potion"},{"floor":5,"key":"Strength Potion"},{"floor":14,"key":"Swift Potion"}],"is_trial":false,"path_per_floor":["M","?","$","?","M","E","R","M","T","E","?","$","R","M","R","B"],"character_chosen":"THE_SILENT","items_purchased":["Footwork"],"campfire_rested":1,"item_purchase_floors":[3],"current_hp_per_floor":[70,53,53,53,53,53,53,51,51,36,36,36,36,31,52,0],"gold":89,"neow_bonus":"THREE_ENEMY_KILL","is_prod":false,"is_daily":false,"chose_seed":false,"campfire_upgraded":2,"win_rate":0,"timestamp":1548432384,"path_taken":["M","?","$","?","?","E","R","M","T","E","?","?","R","M","R","BOSS"],"build_version":"2019-01-23","purchased_purges":1,"victory":false,"max_hp_per_floor":[70,70,70,70,70,70,70,70,70,70,70,70,70,70,70,70],"card_choices":[{"not_picked":["Masterful Stab","Sucker Punch"],"picked":"Prepared","floor":1},{"not_picked":["Flying Knee","Skewer"],"picked":"Dash","floor":5},{"not_picked":["Prepared","Blade Dance"],"picked":"Bouncing Flask","floor":6},{"not_picked":["Bane","Flying Knee","Poisoned Stab"],"picked":"SKIP","floor":8},{"not_picked":["Bouncing Flask","Calculated Gamble"],"picked":"Acrobatics","floor":10},{"not_picked":["Deadly Poison","Heel Hook","Blade Dance"],"picked":"SKIP","floor":14}],"player_experience":133439,"relics_obtained":[{"floor":10,"key":"Meat on the Bone"}],"event_choices":[{"damage_healed":0,"gold_gain":0,"player_choice":"Take Damage","damage_taken":17,"relics_obtained":["Golden Idol"],"max_hp_gain":0,"max_hp_loss":0,"event_name":"Golden Idol","floor":2,"gold_loss":0},{"damage_healed":0,"gold_gain":0,"player_choice":"Upgraded","damage_taken":0,"max_hp_gain":0,"max_hp_loss":0,"event_name":"Upgrade Shrine","floor":4,"gold_loss":0,"cards_upgraded":["Footwork"]},{"damage_healed":0,"gold_gain":0,"player_choice":"1 cards matched","damage_taken":0,"max_hp_gain":0,"max_hp_loss":0,"event_name":"Match and Keep!","floor":11,"gold_loss":0,"cards_obtained":["Catalyst"]}],"is_beta":false,"boss_relics":[],"items_purged_floors":[12],"is_endless":false,"potions_floor_spawned":[1,5,14],"killed_by":"Slime Boss","ascension_level":0}