{"gold_per_floor":[118,193,207,207,46,46,57,57,57,92,92,105,105,124,124,198,198,211,222,202,214,225,225,255,255,255,255,265,265,265],"floor_reached":30,"playtime":1602,"items_purged":[],"score":450,"play_id":"ff351022-4901-43a0-8d48-aebaea68c8c7","local_time":"20190130043702","is_ascension_mode":true,"campfire_choices":[{"floor":6.0,"key":"REST"},{"data":"Predator","floor":11.0,"key":"SMITH"},{"data":"Envenom","floor":13.0,"key":"SMITH"},{"data":"Neutralize","floor":15.0,"key":"SMITH"},{"data":"Burst","floor":23,"key":"SMITH"},{"data":"Tactician","floor":25,"key":"SMITH"},{"data":"Cloak And Dagger","floor":29,"key":"SMITH"}],"neow_cost":"TEN_PERCENT_HP_LOSS","seed_source_timestamp":72684502631499,"circlet_count":0,"master_deck":["AscendersBane","Defend_G","Defend_G","Defend_G","Defend_G","Defend_G","Strike_G","Strike_G","Survivor","Neutralize+1","Backstab","Predator+1","Footwork","Cloak And Dagger+1","Heel Hook","Acrobatics","Envenom+1","Finisher","Burst+1","Tactician+1","Dagger Throw","Well Laid Plans","Acrobatics","Endless Agony","Doubt","Tools of the Trade"],"special_seed":0,"relics":["Ring of the Snake","Bag of Marbles","Calipers","Bag of Preparation","Cursed Key","Oddly Smooth Stone","The Specimen"],"potions_floor_usage":[19,24,28,30],"damage_taken":[{"damage":0.0,"enemies":"Cultist","floor":1.0,"turns":2.0},{"damage":2.0,"enemies":"2 Louse","floor":3.0,"turns":2.0},{"damage":0.0,"enemies":"Small Slimes","floor":7.0,"turns":1.0},{"damage":21.0,"enemies":"Lagavulin","floor":10.0,"turns":7.0},{"damage":0.0,"enemies":"Looter","floor":12.0,"turns":1.0},{"damage":0.0,"enemies":"Lots of Slimes","floor":14.0,"turns":4.0},{"damage":19.0,"enemies":"The Guardian","floor":16.0,"turns":10.0},{"damage":0,"enemies":"Shell Parasite","floor":18,"turns":5},{"damage":0,"enemies":"Chosen","floor":19,"turns":4},{"damage":7,"enemies":"Centurion and Healer","floor":21,"turns":6},{"damage":0,"enemies":"Snake Plant","floor":22,"turns":2},{"damage":14,"enemies":"Gremlin Leader","floor":24,"turns":4},{"damage":10,"enemies":"Cultist and Chosen","floor":28,"turns":6},{"damage":29,"enemies":"Slavers","floor":30,"turns":5}],"seed_played":"1869249576033011298","potions_obtained":[{"floor":7.0,"key":"Regen Potion"},{"floor":10.0,"key":"Poison Potion"},{"floor":20,"key":"Weak Potion"},{"floor":21,"key":"SkillPotion"},{"floor":22,"key":"PowerPotion"},{"floor":28,"key":"FearPotion"}],"is_trial":false,"path_per_floor":["M","?","M","?","$","R","M","?","T","E","R","M","R","M","R","B",null,"M","M","?","M","M","R","E","R","T","?","M","R","E"],"character_chosen":"THE_SILENT","items_purchased":["Bag of Marbles"],"campfire_rested":1,"item_purchase_floors":[5],"current_hp_per_floor":[59,48,46,39,39,57,57,57,57,36,36,36,36,36,36,17,49,49,60,60,53,53,53,39,39,39,39,29,29,0],"gold":265,"neow_bonus":"TRANSFORM_TWO_CARDS","is_prod":false,"is_daily":false,"chose_seed":false,"campfire_upgraded":6,"win_rate":0,"timestamp":1548819422,"path_taken":["M","?","M","?","$","R","M","?","T","E","R","M","R","M","R","BOSS","M","M","?","M","?","R","E","R","T","?","M","R","E"],"build_version":"2019-01-23","purchased_purges":0,"victory":false,"max_hp_per_floor":[60,60,60,60,60,60,60,60,60,60,60,60,60,60,60,60,60,60,60,60,60,60,60,60,60,60,60,60,60,60],"card_choices":[{"not_picked":["Dodge and Roll","Dagger Spray"],"picked":"Footwork","floor":1.0},{"not_picked":["Poisoned Stab","Underhanded Strike"],"picked":"Cloak And Dagger","floor":3.0},{"not_picked":["Deadly Poison","Dodge and Roll"],"picked":"Heel Hook","floor":7.0},{"not_picked":["Deadly Poison","Distraction"],"picked":"Acrobatics","floor":10.0},{"not_picked":["Dodge and Roll","Deflect"],"picked":"Envenom","floor":12.0},{"not_picked":["Caltrops","Concentrate"],"picked":"Finisher","floor":14.0},{"not_picked":["Wraith Form v2","Die Die Die"],"picked":"Burst","floor":16.0},{"not_picked":["Expertise","Underhanded Strike"],"picked":"Tactician","floor":18},{"not_picked":["Quick Slash","Flying Knee"],"picked":"Dagger Throw","floor":19},{"not_picked":["Acrobatics","Predator"],"picked":"Well Laid Plans","floor":21},{"not_picked":["Distraction","Deadly Poison"],"picked":"Acrobatics","floor":22},{"not_picked":["Deadly Poison","Setup"],"picked":"Endless Agony","floor":24},{"not_picked":["Cloak And Dagger","Deflect"],"picked":"Tools of the Trade","floor":28}],"player_experience":432796,"relics_obtained":[{"floor":9.0,"key":"Calipers"},{"floor":10.0,"key":"Bag of Preparation"},{"floor":24,"key":"Oddly Smooth Stone"},{"floor":26,"key":"The Specimen"}],"event_choices":[{"damage_healed":0.0,"max_hp_gain":0.0,"max_hp_loss":0.0,"gold_gain":75.0,"event_name":"World of Goop","player_choice":"Gather Gold","floor":2.0,"gold_loss":0.0,"damage_taken":11.0},{"cards_removed":["Strike_G"],"damage_healed":0.0,"max_hp_gain":0.0,"max_hp_loss":0.0,"gold_gain":0.0,"event_name":"Golden Wing","player_choice":"Card Removal","floor":4.0,"gold_loss":0.0,"damage_taken":7.0},{"damage_healed":0.0,"max_hp_gain":0.0,"max_hp_loss":0.0,"gold_gain":0.0,"event_name":"Liars Game","player_choice":"Ignored","floor":8.0,"gold_loss":0.0,"damage_taken":0.0},{"damage_healed":0,"gold_gain":0,"player_choice":"Bought 1 Potion","damage_taken":0,"max_hp_gain":0,"max_hp_loss":0,"event_name":"The Woman in Blue","floor":20,"gold_loss":0},{"damage_healed":0,"gold_gain":0,"player_choice":"Ignored","damage_taken":0,"max_hp_gain":0,"max_hp_loss":0,"event_name":"Ghosts","floor":27,"gold_loss":0}],"is_beta":false,"boss_relics":[{"not_picked":["Fusion Hammer","Runic Pyramid"],"picked":"Cursed Key"}],"items_purged_floors":[],"is_endless":false,"potions_floor_spawned":[7,10,21,22,28],"killed_by":"Slavers","ascension_level":16}