{"gold_per_floor":[112,131,150,150,150,150,150,182,182,182,210,210,238,255,255,255],"floor_reached":16,"playtime":273,"items_purged":[],"score":207,"play_id":"e317ec01-73c6-455c-a67d-cfeaf3d6ac99","local_time":"20180711002814","is_ascension_mode":true,"campfire_choices":[{"data":"Spot Weakness","floor":6.0,"key":"SMITH"},{"data":"Bash","floor":10.0,"key":"SMITH"},{"data":"Bludgeon","floor":12.0,"key":"SMITH"},{"data":"Whirlwind","floor":15.0,"key":"SMITH"}],"neow_cost":"NONE","seed_source_timestamp":196962208370967,"circlet_count":0,"master_deck":["Strike_R","Strike_R","Strike_R","Strike_R","Defend_R","Defend_R","Defend_R","Defend_R","Bash+1","AscendersBane","Cleave+1","Spot Weakness+1","Twin Strike","Injury","Bludgeon+1","Whirlwind+1"],"special_seed":0,"relics":["Burning Blood","NeowsBlessing","CultistMask","Gremlin Horn","Pear","Dream Catcher","Ancient Tea Set"],"potions_floor_usage":[16],"damage_taken":[{"damage":0.0,"enemies":"Cultist","floor":1.0,"turns":1.0},{"damage":0.0,"enemies":"2 Louse","floor":2.0,"turns":1.0},{"damage":0.0,"enemies":"Small Slimes","floor":3.0,"turns":1.0},{"damage":42.0,"enemies":"Lagavulin","floor":8.0,"turns":8.0},{"damage":12.0,"enemies":"3 Sentries","floor":11.0,"turns":4.0},{"damage":18.0,"enemies":"Gremlin Nob","floor":13.0,"turns":3.0},{"damage":7.0,"enemies":"Looter","floor":14.0,"turns":3.0},{"damage":32,"enemies":"Hexaghost","floor":16,"turns":7}],"seed_played":"-403295657020622143","potions_obtained":[{"floor":2.0,"key":"Swift Potion"},{"floor":8.0,"key":"PowerPotion"},{"floor":14.0,"key":"Poison Potion"}],"is_trial":false,"path_per_floor":["M","M","M","?","?","R","?","E","T","R","E","R","E","M","R"],"character_chosen":"IRONCLAD","items_purchased":[],"campfire_rested":0,"item_purchase_floors":[],"current_hp_per_floor":[74,75,75,75,75,75,75,39,49,49,43,43,31,30,30,0],"gold":255,"neow_bonus":"THREE_ENEMY_KILL","is_prod":false,"is_daily":false,"chose_seed":false,"campfire_upgraded":4,"win_rate":0,"timestamp":1531294094,"path_taken":["M","M","?","?","?","R","?","E","T","R","E","R","E","M","R","BOSS"],"build_version":"2018-07-09","purchased_purges":0,"victory":false,"max_hp_per_floor":[75,75,75,75,75,75,75,75,85,85,85,85,85,85,85,85],"card_choices":[{"not_picked":["Clash","Iron Wave"],"picked":"Cleave","floor":1.0},{"not_picked":["Body Slam","True Grit"],"picked":"Spot Weakness","floor":2.0},{"not_picked":["Heavy Blade","Rage"],"picked":"Twin Strike","floor":3.0},{"not_picked":["Second Wind","Infernal Blade"],"picked":"Bludgeon","floor":11.0},{"not_picked":["Havoc","Sentinel"],"picked":"Whirlwind","floor":13.0}],"player_experience":578701,"relics_obtained":[{"floor":8.0,"key":"Gremlin Horn"},{"floor":9.0,"key":"Pear"},{"floor":11.0,"key":"Dream Catcher"},{"floor":13.0,"key":"Ancient Tea Set"}],"event_choices":[{"event_name":"Bonfire Elementals","player_choice":"BASIC","floor":4.0,"damage_taken":0.0},{"event_name":"FaceTrader","player_choice":"Trade","floor":5.0,"damage_taken":0.0},{"event_name":"Accursed Blacksmith","player_choice":"Forge","floor":7.0,"damage_taken":0.0}],"boss_relics":[],"items_purged_floors":[],"is_endless":false,"potions_floor_spawned":[2,8,14],"killed_by":"Hexaghost","ascension_level":15}