{"gold_per_floor":[115,115,127,52,52,52,81,81,81,81,81,96,116,142,142,221,221,232,249,260,260,460,460,489,506,532,544,559,179,179,199,199,271,271,284,300,300,0,0,0,16,36,36,48,68,68,84,100,100,100],"floor_reached":50,"playtime":1960,"items_purged":["Defend_B","Defend_B"],"score":956,"play_id":"7a1e784d-3e91-4f47-92d3-098a8246e227","local_time":"20190120010231","is_ascension_mode":true,"campfire_choices":[{"data":"Defragment","floor":6.0,"key":"SMITH"},{"data":"Dualcast","floor":8.0,"key":"SMITH"},{"floor":10.0,"key":"REST"},{"data":"Hologram","floor":15.0,"key":"SMITH"},{"floor":23.0,"key":"REST"},{"data":"Buffer","floor":30.0,"key":"SMITH"},{"floor":32.0,"key":"REST"},{"data":"White Noise","floor":40.0,"key":"SMITH"},{"floor":46,"key":"REST"},{"floor":49,"key":"REST"}],"neow_cost":"NONE","seed_source_timestamp":0,"circlet_count":0,"master_deck":["AscendersBane","Strike_B","Strike_B","Strike_B","Strike_B","Defend_B","Defend_B","Zap+1","Dualcast+1","Conserve Battery","Defragment+1","Amplify","FTL","Ball Lightning","Hologram+1","Buffer+1","Auto Shields","Beam Cell+1","Ball Lightning","Writhe","White Noise+1","BootSequence","Conserve Battery","Electrodynamics","Hologram+1","Parasite","Stack","Ball Lightning","Self Repair+1"],"special_seed":0,"relics":["Cracked Core","Mercury Hourglass","Meat on the Bone","Unceasing Top","Gremlin Horn","Busted Crown","Centennial Puzzle","Potion Belt","Bag of Marbles","PreservedInsect","Sozu","Red Mask","Sundial"],"potions_floor_usage":[],"damage_taken":[{"damage":3.0,"enemies":"2 Louse","floor":1.0,"turns":2.0},{"damage":6.0,"enemies":"Cultist","floor":3.0,"turns":3.0},{"damage":18.0,"enemies":"Lagavulin","floor":7.0,"turns":6.0},{"damage":0.0,"enemies":"Small Slimes","floor":12.0,"turns":2.0},{"damage":4.0,"enemies":"Exordium Wildlife","floor":13.0,"turns":4.0},{"damage":10.0,"enemies":"3 Sentries","floor":14.0,"turns":4.0},{"damage":25.0,"enemies":"The Guardian","floor":16.0,"turns":9.0},{"damage":29.0,"enemies":"3 Byrds","floor":18.0,"turns":3.0},{"damage":0.0,"enemies":"Chosen","floor":19.0,"turns":4.0},{"damage":23.0,"enemies":"Snake Plant","floor":20.0,"turns":4.0},{"damage":2.0,"enemies":"Gremlin Leader","floor":24.0,"turns":5.0},{"damage":18.0,"enemies":"Snecko","floor":25.0,"turns":4.0},{"damage":17.0,"enemies":"Centurion and Healer","floor":27.0,"turns":4.0},{"damage":14.0,"enemies":"Snake Plant","floor":28.0,"turns":5.0},{"damage":1.0,"enemies":"Snecko","floor":31.0,"turns":5.0},{"damage":32.0,"enemies":"Champ","floor":33.0,"turns":13.0},{"damage":4.0,"enemies":"Orb Walker","floor":35.0,"turns":3.0},{"damage":19.0,"enemies":"3 Darklings","floor":36.0,"turns":5.0},{"damage":0.0,"enemies":"Writhing Mass","floor":41.0,"turns":8.0},{"damage":0.0,"enemies":"Sphere and 2 Shapes","floor":42.0,"turns":3.0},{"damage":30,"enemies":"Spire Growth","floor":44,"turns":5},{"damage":9,"enemies":"4 Shapes","floor":45,"turns":5},{"damage":2,"enemies":"Writhing Mass","floor":47,"turns":4},{"damage":30,"enemies":"Spire Growth","floor":48,"turns":4},{"damage":91,"enemies":"Awakened One","floor":50,"turns":7}],"seed_played":"2773026144247885899","potions_obtained":[{"floor":3.0,"key":"LiquidBronze"},{"floor":7.0,"key":"Fire Potion"},{"floor":16.0,"key":"FearPotion"},{"floor":20.0,"key":"Explosive Potion"},{"floor":25.0,"key":"AttackPotion"},{"floor":27.0,"key":"SkillPotion"},{"floor":33.0,"key":"SpeedPotion"}],"is_trial":false,"path_per_floor":["M","?","M","$","?","R","E","R","T","R","?","M","M","E","R","B",null,"M","M","M","?","?","R","E","M","T","M","M","$","R","M","R","B",null,"M","M","T","?","$","R","M","M","T","M","M","R","M","M","R","B"],"character_chosen":"DEFECT","items_purchased":["PreservedInsect","Fruit Juice"],"campfire_rested":5,"item_purchase_floors":[29,29],"current_hp_per_floor":[68,68,62,62,44,44,26,26,26,49,49,49,45,47,47,34,67,50,50,39,39,39,62,60,42,42,37,35,40,40,51,75,43,73,69,50,50,50,50,50,50,50,50,32,35,59,57,39,63,0],"gold":100,"neow_bonus":"TEN_PERCENT_HP_BONUS","is_prod":false,"is_daily":false,"chose_seed":false,"campfire_upgraded":5,"win_rate":0,"timestamp":1547913751,"path_taken":["M","?","M","?","?","R","E","R","T","R","?","M","M","E","R","BOSS","M","M","M","?","?","R","E","M","T","M","?","?","R","?","R","BOSS","M","?","?","?","?","R","M","M","T","M","M","R","M","M","R","BOSS"],"build_version":"2019-01-17v2","purchased_purges":2,"victory":false,"max_hp_per_floor":[78,78,78,78,78,78,78,78,78,78,78,78,78,78,78,78,78,78,78,78,78,78,78,78,78,78,78,78,83,83,83,83,83,83,83,83,83,83,83,83,83,83,83,83,83,83,83,83,83,83],"card_choices":[{"not_picked":["Rebound","Beam Cell"],"picked":"Conserve Battery","floor":1.0},{"not_picked":["Redo","Consume"],"picked":"Defragment","floor":3.0},{"not_picked":["Go for the Eyes","Streamline"],"picked":"Amplify","floor":7.0},{"not_picked":["Streamline","Redo"],"picked":"FTL","floor":12.0},{"not_picked":["Storm","Doom and Gloom"],"picked":"Ball Lightning","floor":13.0},{"not_picked":["Force Field","Hello World"],"picked":"Hologram","floor":14.0},{"not_picked":["Reboot","Machine Learning"],"picked":"Buffer","floor":16.0},{"not_picked":[],"picked":"Auto Shields","floor":18.0},{"not_picked":[],"picked":"Beam Cell+1","floor":19.0},{"not_picked":[],"picked":"Ball Lightning","floor":20.0},{"not_picked":[],"picked":"White Noise","floor":24.0},{"not_picked":[],"picked":"BootSequence","floor":25.0},{"not_picked":[],"picked":"Conserve Battery","floor":27.0},{"not_picked":["Blizzard"],"picked":"SKIP","floor":28.0},{"not_picked":["Leap"],"picked":"SKIP","floor":31.0},{"not_picked":[],"picked":"Electrodynamics","floor":33.0},{"not_picked":[],"picked":"Hologram+1","floor":35.0},{"not_picked":["Turbo+1"],"picked":"SKIP","floor":36.0},{"not_picked":["Streamline"],"picked":"SKIP","floor":41.0},{"not_picked":[],"picked":"Stack","floor":42.0},{"not_picked":[],"picked":"Ball Lightning","floor":44},{"not_picked":["Loop"],"picked":"SKIP","floor":45},{"not_picked":["Sweeping Beam"],"picked":"SKIP","floor":47},{"not_picked":[],"picked":"Self Repair+1","floor":48}],"player_experience":1054530,"relics_obtained":[{"floor":7.0,"key":"Meat on the Bone"},{"floor":9.0,"key":"Unceasing Top"},{"floor":14.0,"key":"Gremlin Horn"},{"floor":24.0,"key":"Potion Belt"},{"floor":26.0,"key":"Bag of Marbles"},{"floor":43.0,"key":"Sundial"}],"event_choices":[{"damage_healed":0.0,"max_hp_gain":0.0,"max_hp_loss":0.0,"gold_gain":0.0,"event_name":"Upgrade Shrine","player_choice":"Upgraded","floor":2.0,"gold_loss":0.0,"damage_taken":0.0,"cards_upgraded":["Zap"]},{"damage_healed":0.0,"max_hp_gain":0.0,"max_hp_loss":0.0,"gold_gain":0.0,"event_name":"Scrap Ooze","player_choice":"Success","floor":5.0,"gold_loss":0.0,"damage_taken":18.0,"relics_obtained":["Mercury Hourglass"]},{"damage_healed":0.0,"max_hp_gain":0.0,"max_hp_loss":0.0,"gold_gain":0.0,"event_name":"Liars Game","player_choice":"Ignored","floor":11.0,"gold_loss":0.0,"damage_taken":0.0},{"damage_healed":0.0,"max_hp_gain":0.0,"max_hp_loss":0.0,"gold_gain":0.0,"event_name":"The Mausoleum","player_choice":"Opened","floor":21.0,"gold_loss":0.0,"damage_taken":0.0,"relics_obtained":["Centennial Puzzle"],"cards_obtained":["Writhe"]},{"damage_healed":0.0,"max_hp_gain":0.0,"max_hp_loss":0.0,"gold_gain":200.0,"event_name":"Wheel of Change","player_choice":"Gold","floor":22.0,"gold_loss":0.0,"damage_taken":0.0},{"damage_healed":0.0,"max_hp_gain":0.0,"max_hp_loss":0.0,"gold_gain":0.0,"event_name":"Tomb of Lord Red Mask","player_choice":"Paid","floor":38.0,"gold_loss":300.0,"damage_taken":0.0,"relics_obtained":["Red Mask"]}],"is_beta":false,"boss_relics":[{"not_picked":["Astrolabe","Runic Dome"],"picked":"Busted Crown"},{"not_picked":["Velvet Choker","Lizard Tail"],"picked":"Sozu"}],"items_purged_floors":[4,29],"is_endless":false,"potions_floor_spawned":[3,7,16,20,25,27,33,36,41,42,47],"killed_by":"Awakened One","ascension_level":20}