{"gold_per_floor":[118,118,95,95,270,270,284,309,309,334,334,104,179,200,200,319,319,342,342,41,140,140],"floor_reached":22,"playtime":1208,"items_purged":["Doubt","Injury"],"score":172,"play_id":"1d4902bc-db29-4e85-80ee-4f9064768bf2","local_time":"20181206152343","is_ascension_mode":false,"campfire_choices":[{"data":"Burst","floor":6,"key":"SMITH"},{"floor":11,"key":"REST"},{"floor":15,"key":"REST"}],"neow_cost":"NONE","seed_source_timestamp":863189186852988,"circlet_count":0,"master_deck":["Defend_G","Defend_G","Defend_G","Defend_G","Defend_G","Strike_G","Strike_G","Strike_G","Strike_G","Survivor","Neutralize","Burst+1","Quick Slash","Tools of the Trade","Deadly Poison","Deflect","PiercingWail","Crippling Poison","Bane","Venomology","Deadly Poison","Necronomicurse"],"relics":["Ring of the Snake","Golden Idol","Bottled Flame","Juzu Bracelet","Lizard Tail","Necronomicon","Toolbox"],"potions_floor_usage":[14,16,18],"damage_taken":[{"damage":0,"enemies":"2 Louse","floor":1,"turns":4},{"damage":5,"enemies":"Jaw Worm","floor":7,"turns":5},{"damage":4,"enemies":"Cultist","floor":8,"turns":5},{"damage":18,"enemies":"Large Slime","floor":10,"turns":7},{"damage":9,"enemies":"Exordium Thugs","floor":14,"turns":6},{"damage":47,"enemies":"Hexaghost","floor":16,"turns":14},{"damage":22,"enemies":"Chosen","floor":18,"turns":6},{"damage":12,"enemies":"Colosseum Slavers","floor":22,"turns":4}],"seed_played":"8987661061002392528","potions_obtained":[{"floor":7,"key":"Regen Potion"},{"floor":10,"key":"Poison Potion"}],"is_trial":false,"path_per_floor":["M","?","$","?","?","R","M","M","T","M","R","$","?","M","R","B",null,"M","?","$","?","?"],"character_chosen":"THE_SILENT","items_purchased":["Deadly Poison","Juzu Bracelet","Toolbox"],"campfire_rested":2,"item_purchase_floors":[3,12,20],"current_hp_per_floor":[70,70,70,70,70,70,65,61,61,43,64,64,53,44,65,29,70,48,32,32,32,20],"gold":140,"neow_bonus":"ONE_RANDOM_RARE_CARD","is_prod":false,"is_daily":false,"chose_seed":false,"campfire_upgraded":1,"win_rate":0.0,"timestamp":1544063023,"path_taken":["M","?","$","?","?","R","M","M","T","?","R","?","?","M","R","BOSS","M","?","$","?","?"],"build_version":"2018-11-15","purchased_purges":2,"victory":false,"max_hp_per_floor":[70,70,70,70,70,70,70,70,70,70,70,70,70,70,70,70,70,70,70,70,70,70],"card_choices":[{"not_picked":["Dagger Spray","Slice"],"picked":"Quick Slash","floor":1},{"not_picked":["Riddle With Holes","Sucker Punch"],"picked":"Deflect","floor":7},{"not_picked":["Dagger Spray","Cloak And Dagger"],"picked":"PiercingWail","floor":8},{"not_picked":["Skewer","Distraction"],"picked":"Crippling Poison","floor":10},{"not_picked":["Endless Agony","Sucker Punch"],"picked":"Bane","floor":14},{"not_picked":["Doppelganger","Phantasmal Killer"],"picked":"Venomology","floor":16},{"not_picked":["Dagger Throw","Quick Slash"],"picked":"Deadly Poison","floor":18}],"player_experience":393940,"relics_obtained":[{"floor":9,"key":"Bottled Flame"},{"floor":19,"key":"Necronomicon"}],"event_choices":[{"damage_healed":0,"gold_gain":0,"cards_transformed":["Strike_G"],"player_choice":"Change","damage_taken":0,"max_hp_gain":0,"max_hp_loss":0,"event_name":"Living Wall","floor":2,"gold_loss":0,"cards_obtained":["Tools of the Trade"]},{"damage_healed":0,"gold_gain":0,"player_choice":"Take Wound","damage_taken":0,"relics_obtained":["Golden Idol"],"max_hp_gain":0,"max_hp_loss":0,"event_name":"Golden Idol","floor":4,"gold_loss":0,"cards_obtained":["Injury"]},{"damage_healed":0,"gold_gain":175,"player_choice":"AGREE","damage_taken":0,"max_hp_gain":0,"max_hp_loss":0,"event_name":"Liars Game","floor":5,"gold_loss":0,"cards_obtained":["Doubt"]},{"damage_healed":0,"gold_gain":75,"player_choice":"Gather Gold","damage_taken":11,"max_hp_gain":0,"max_hp_loss":0,"event_name":"World of Goop","floor":13,"gold_loss":0},{"damage_healed":0,"gold_gain":0,"player_choice":"Obtained Book","damage_taken":16,"max_hp_gain":0,"max_hp_loss":0,"event_name":"Cursed Tome","floor":19,"gold_loss":0},{"damage_healed":0,"gold_gain":99,"player_choice":"Stole From Cult","damage_taken":0,"max_hp_gain":0,"max_hp_loss":0,"event_name":"Nest","floor":21,"gold_loss":0},{"damage_healed":0,"gold_gain":0,"player_choice":"Fight","damage_taken":0,"max_hp_gain":0,"max_hp_loss":0,"event_name":"Colosseum","floor":22,"gold_loss":0}],"is_beta":false,"boss_relics":[{"not_picked":["Busted Crown","Velvet Choker"],"picked":"Lizard Tail"}],"items_purged_floors":[12,20],"is_endless":false,"potions_floor_spawned":[7,10],"killed_by":"Colosseum Slavers","ascension_level":0}