{"path_per_floor":["M","M","M","M","$","E","M","M","T","M","E","R","E","?","R","B",null,"M","$","?","?","?","E","M","E","T","M","T","?","M","M","R","B",null,"M","?","M","M","$","R","?","R","T","E","M","M","E","M","R","B"],"character_chosen":"THE_SILENT","items_purchased":["Vajra","Footwork","Ninja Scroll","Footwork","Escape Plan","Pantograph","Sadistic Nature"],"gold_per_floor":[119,138,153,167,22,54,70,90,116,131,159,159,192,192,192,287,287,306,21,271,271,271,299,310,344,420,433,485,485,504,519,519,616,616,636,636,652,664,17,17,67,67,115,143,159,172,204,219,219,219],"floor_reached":51,"campfire_rested":2,"playtime":5150,"current_hp_per_floor":[73,73,72,56,56,38,38,35,35,36,30,55,22,14,39,21,68,70,70,70,70,70,61,57,32,32,33,33,33,47,61,61,47,79,84,76,70,76,76,76,80,80,80,74,86,100,100,100,100,30],"items_purged":["Writhe"],"gold":219,"score":1062,"play_id":"7187dd7a-f856-4345-80db-ee4093ea136d","local_time":"20180421165725","is_prod":false,"is_daily":false,"chose_seed":false,"is_ascension_mode":true,"campfire_upgraded":4,"timestamp":1524322645,"path_taken":["M","M","M","M","$","E","M","M","T","M","E","R","E","?","R","BOSS","M","$","?","?","?","E","?","E","T","M","?","?","M","M","R","BOSS","M","?","?","M","$","R","?","R","T","E","M","M","E","M","R","BOSS"],"build_version":"2018-04-19","seed_source_timestamp":1150520553887,"purchased_purges":2,"victory":true,"master_deck":["Defend_G+1","Defend_G+1","Defend_G+1","Defend_G+1","Defend_G+1","Survivor","Neutralize","Well Laid Plans","Backflip","Endless Agony","Noxious Fumes+1","Backflip","Storm of Steel","Dagger Throw","Finisher","Envenom","Backstab","Slice","A Thousand Cuts+1","Cloak And Dagger","Footwork+1","Dodge and Roll+1","Cloak And Dagger","Doubt","Bite","Bite","Bite","Bite","Bite","Expertise+1","Envenom","Panache","Apotheosis+1","Choke+1","Footwork","Escape Plan","Sadistic Nature","Regret","Dash+1","Dodge and Roll+1","Deflect+1","Dodge and Roll+1"],"max_hp_per_floor":[84,84,84,84,84,84,84,84,84,84,84,84,84,84,84,84,84,84,84,84,84,84,84,84,86,86,88,88,88,88,90,90,90,90,92,94,94,96,96,96,98,98,98,98,100,100,100,100,100,100],"relics":["Ring of the Snake","Vajra","Anchor","Omamori","Dream Catcher","Cursed Key","Ninja Scroll","Singing Bowl","Bronze Scales","Meat on the Bone","Art of War","Lizard Tail","Pantograph","Bird Faced Urn","Orichalcum","Letter Opener","Snake Skull"],"card_choices":[{"not_picked":["Bane","Heel Hook"],"picked":"Well Laid Plans","floor":1},{"not_picked":["Outmaneuver","Deadly Poison"],"picked":"Backflip","floor":2},{"not_picked":["PiercingWail","Riddle With Holes"],"picked":"Endless Agony","floor":3},{"not_picked":["Poisoned Stab","Terror"],"picked":"Noxious Fumes","floor":4},{"not_picked":["Acrobatics","Quick Slash"],"picked":"Backflip","floor":6},{"not_picked":["Expertise","Quick Slash"],"picked":"Storm of Steel","floor":7},{"not_picked":["Setup","Backflip"],"picked":"Dagger Throw","floor":8},{"not_picked":["Prepared","Backflip"],"picked":"Finisher","floor":10},{"not_picked":["Acrobatics","Slice"],"picked":"Envenom","floor":11},{"not_picked":["Dash","Dodge and Roll"],"picked":"Backstab","floor":13},{"not_picked":["Accuracy","Deadly Poison"],"picked":"Slice","floor":15},{"not_picked":["Die Die Die","Storm of Steel"],"picked":"A Thousand Cuts","floor":16},{"not_picked":["Underhanded Strike","Backflip"],"picked":"Cloak And Dagger","floor":18},{"not_picked":["Sucker Punch","Deadly Poison"],"picked":"Dodge and Roll","floor":23},{"not_picked":["Predator","Masterful Stab"],"picked":"Cloak And Dagger","floor":24},{"not_picked":["Grand Finale","Flying Knee"],"picked":"Expertise","floor":30},{"not_picked":["Unload","Venomology"],"picked":"Envenom","floor":33},{"not_picked":["Apotheosis","Finesse"],"picked":"Panache","floor":36},{"not_picked":["Dark Shackles","Secret Technique"],"picked":"Apotheosis","floor":36},{"not_picked":["Reflex","Distraction"],"picked":"Choke","floor":37},{"not_picked":["Flying Knee","Storm of Steel"],"picked":"Dash","floor":44},{"not_picked":["Terror","Sucker Punch"],"picked":"Dodge and Roll","floor":46},{"not_picked":["Reflex","Deadly Poison"],"picked":"Deflect","floor":47},{"not_picked":["Riddle With Holes","Bane"],"picked":"Dodge and Roll","floor":48}],"player_experience":607486,"potions_floor_usage":[6,7,16,16,25,31,33,41,50,50,50],"damage_taken":[{"damage":4,"enemies":"Jaw Worm","floor":1,"turns":6},{"damage":0,"enemies":"Cultist","floor":2,"turns":5},{"damage":1,"enemies":"Small Slimes","floor":3,"turns":4},{"damage":16,"enemies":"Exordium Thugs","floor":4,"turns":8},{"damage":30,"enemies":"Gremlin Nob","floor":6,"turns":5},{"damage":0,"enemies":"3 Louse","floor":7,"turns":1},{"damage":3,"enemies":"Large Slime","floor":8,"turns":6},{"damage":1,"enemies":"Looter","floor":10,"turns":2},{"damage":8,"enemies":"3 Sentries","floor":11,"turns":6},{"damage":35,"enemies":"Gremlin Nob","floor":13,"turns":5},{"damage":20,"enemies":"Slime Boss","floor":16,"turns":9},{"damage":0,"enemies":"3 Byrds","floor":18,"turns":3},{"damage":11,"enemies":"Slavers","floor":23,"turns":5},{"damage":6,"enemies":"2 Thieves","floor":24,"turns":3},{"damage":29,"enemies":"Book of Stabbing","floor":25,"turns":6},{"damage":15,"enemies":"Snecko","floor":27,"turns":5},{"damage":6,"enemies":"Cultist and Chosen","floor":30,"turns":4},{"damage":0,"enemies":"Centurion and Healer","floor":31,"turns":5},{"damage":55,"enemies":"Automaton","floor":33,"turns":8},{"damage":3,"enemies":"Orb Walker","floor":35,"turns":4},{"damage":12,"enemies":"3 Shapes","floor":37,"turns":4},{"damage":0,"enemies":"Sphere and 2 Shapes","floor":38,"turns":5},{"damage":7,"enemies":"Mysterious Sphere","floor":41,"turns":5},{"damage":28,"enemies":"Nemesis","floor":44,"turns":7},{"damage":0,"enemies":"3 Darklings","floor":45,"turns":4},{"damage":7,"enemies":"Maw","floor":46,"turns":6},{"damage":3,"enemies":"2 Orb Walkers","floor":47,"turns":4},{"damage":7,"enemies":"Sphere and 2 Shapes","floor":48,"turns":6},{"damage":102,"enemies":"Donu and Deca","floor":50,"turns":9}],"event_choices":[{"event_name":"Wheel of Change","player_choice":"Damage","floor":14,"damage_taken":0},{"event_name":"Golden Shrine","player_choice":"Desecrate","floor":20,"damage_taken":0},{"event_name":"Drug Dealer","player_choice":"Ignored","floor":21,"damage_taken":0},{"event_name":"Back to Basics","player_choice":"Simplicity","floor":22,"damage_taken":0},{"event_name":"Vampires","player_choice":"Became a vampire (Vial)","floor":29,"damage_taken":0},{"event_name":"SensoryStone","player_choice":"Memory 3","floor":36,"damage_taken":0},{"event_name":"Mysterious Sphere","player_choice":"Fight","floor":41,"damage_taken":0}],"boss_relics":[{"not_picked":["Astrolabe","Philosopher\u0027s Stone"],"picked":"Cursed Key"},{"not_picked":["White Beast Statue","Tiny House"],"picked":"Lizard Tail"}],"potions_floor_spawned":[4,6,8,10,23,24,31,33,35,38,44,46,47],"seed_played":"-2051647303212963811","ascension_level":6,"is_trial":false}