{"path_per_floor":["M","?","?","$","?","E","$","E","T","R","E","M","$","M","R","B",null,"M","?","M","M","M","E","R","M","T","R","?","E","?","M","R","B",null,"M","?","$"],"character_chosen":"THE_SILENT","items_purchased":["Noxious Fumes","Happy Flower","Acrobatics","Apotheosis","Tingsha","Master of Strategy"],"gold_per_floor":[112,362,312,122,122,156,110,141,165,165,197,216,30,46,46,147,147,162,162,182,195,205,238,238,250,277,277,277,309,309,321,321,424,424,442,497,20],"floor_reached":38,"campfire_rested":5,"playtime":4335,"current_hp_per_floor":[70,70,70,70,63,38,38,19,19,55,39,39,39,29,65,62,70,61,61,57,39,31,12,48,45,45,70,70,30,30,13,49,51,70,70,1,1],"items_purged":[],"gold":20,"score":480,"play_id":"123a4148-522c-4c6c-8c59-8cc9f86ea17b","local_time":"20180318062113","is_prod":false,"is_daily":false,"is_ascension_mode":false,"campfire_upgraded":0,"timestamp":1521350473,"path_taken":["M","?","?","?","?","E","$","E","T","R","E","?","?","M","R","BOSS","M","?","M","M","M","E","R","M","T","R","?","E","?","M","R","BOSS","M","?","$","M"],"build_version":"2018-03-15v3","purchased_purges":0,"victory":false,"master_deck":["Defend_G","Defend_G","Defend_G","Defend_G","Strike_G","Strike_G","Strike_G","Strike_G","Strike_G","Survivor","Neutralize","Noxious Fumes","Noxious Fumes","Backflip","Acrobatics","Bouncing Flask","Distraction","Blur","Apotheosis","Predator","After Image","Leg Sweep","Catalyst","Quick Slash","Backflip","Footwork","Bane+1","Tools of the Trade","Terror","Good Instincts","Dagger Spray","Underhanded Strike","Bullet Time","Flechettes+1","Flying Knee","Deadly Poison+1","Doppelganger","Outmaneuver+1","Poisoned Stab+1","Predator+1","Master of Strategy"],"max_hp_per_floor":[70,70,70,70,70,70,70,70,70,70,70,70,70,70,70,70,70,70,70,70,70,70,70,70,70,70,70,70,70,70,70,70,70,70,70,70,70],"relics":["Runic Dome","Happy Flower","Ancient Tea Set","Smiling Mask","Regal Pillow","Girya","Snecko Eye","Darkstone Periapt","Vajra","Oddly Smooth Stone","Orrery","Peace Pipe","Tingsha"],"card_choices":[{"not_picked":["Adrenaline","Endless Agony"],"picked":"Noxious Fumes"},{"not_picked":["Underhanded Strike","Sucker Punch"],"picked":"Backflip"},{"not_picked":["Caltrops","Poisoned Stab"],"picked":"Bouncing Flask"},{"not_picked":["Flying Knee","Riddle With Holes"],"picked":"Distraction"},{"not_picked":["PiercingWail","Dagger Throw"],"picked":"Blur"},{"not_picked":["Outmaneuver","Accuracy"],"picked":"Predator"},{"not_picked":["Die Die Die","Night Terror"],"picked":"After Image"},{"not_picked":["Reflex","Dagger Throw"],"picked":"Leg Sweep"},{"not_picked":["Blade Dance","Slice"],"picked":"Quick Slash"},{"not_picked":["Flechettes","Cloak And Dagger"],"picked":"Backflip"},{"not_picked":["Dodge and Roll","Heel Hook"],"picked":"Footwork"},{"not_picked":["Dodge and Roll","Dagger Throw"],"picked":"Bane"},{"not_picked":["Underhanded Strike","Deadly Poison"],"picked":"Tools of the Trade"},{"not_picked":["Eviscerate","Accuracy"],"picked":"Underhanded Strike"},{"not_picked":["Tactician","Tools of the Trade"],"picked":"Bullet Time"},{"not_picked":["Acrobatics","Cloak And Dagger"],"picked":"Flechettes"},{"not_picked":["Accuracy","Dagger Spray"],"picked":"Flying Knee"},{"not_picked":["Finisher","Acrobatics"],"picked":"Deadly Poison"},{"not_picked":["Riddle With Holes","Prepared"],"picked":"Doppelganger"},{"not_picked":["Crippling Poison","Finisher"],"picked":"Outmaneuver"},{"not_picked":["PiercingWail","Dagger Spray"],"picked":"Poisoned Stab"},{"not_picked":["Underhanded Strike","Dagger Throw"],"picked":"Predator"}],"player_experience":116618,"potions_floor_usage":[8,33,33,38,38,38],"damage_taken":[{"damage":0,"enemies":"Jaw Worm","floor":1,"turns":6},{"damage":25,"enemies":"Lagavulin","floor":6,"turns":7},{"damage":19,"enemies":"Gremlin Nob","floor":8,"turns":4},{"damage":16,"enemies":"Lagavulin","floor":11,"turns":6},{"damage":0,"enemies":"Cultist","floor":12,"turns":4},{"damage":10,"enemies":"2 Louse","floor":14,"turns":3},{"damage":3,"enemies":"The Guardian","floor":16,"turns":8},{"damage":9,"enemies":"Spheric Guardian","floor":18,"turns":5},{"damage":4,"enemies":"2 Thieves","floor":20,"turns":4},{"damage":18,"enemies":"Chosen and Byrds","floor":21,"turns":5},{"damage":8,"enemies":"Centurion and Healer","floor":22,"turns":5},{"damage":19,"enemies":"Book of Stabbing","floor":23,"turns":6},{"damage":3,"enemies":"Snecko","floor":25,"turns":4},{"damage":40,"enemies":"Gremlin Leader","floor":29,"turns":4},{"damage":17,"enemies":"Slaver and Parasite","floor":31,"turns":5},{"damage":13,"enemies":"Collector","floor":33,"turns":6},{"damage":0,"enemies":"3 Shapes","floor":35,"turns":4},{"damage":69,"enemies":"Mysterious Sphere","floor":36,"turns":5},{"damage":1,"enemies":"3 Darklings","floor":38,"turns":4}],"event_choices":[{"event_name":"Golden Shrine","player_choice":"Desecrate","floor":2,"damage_taken":0},{"event_name":"The Cleric","player_choice":"Card Removal","floor":3,"damage_taken":0},{"event_name":"Golden Wing","player_choice":"Card Removal","floor":5,"damage_taken":0},{"event_name":"The Library","player_choice":"Read","floor":19,"damage_taken":0},{"event_name":"Match and Keep!","player_choice":"3 cards matched","floor":28,"damage_taken":0},{"event_name":"Drug Dealer","player_choice":"Ignored","floor":30,"damage_taken":0},{"event_name":"Mysterious Sphere","player_choice":"Fight","floor":36,"damage_taken":0}],"boss_relics":[{"not_picked":["Sozu","Philosopher\u0027s Stone"],"picked":"Snecko Eye"},{"not_picked":["White Beast Statue","Tiny House"],"picked":"Orrery"}],"potions_floor_spawned":[1,14,16,23,29,33,35,36],"seed_played":"7687965088712459871","killed_by":"3 Darklings","ascension_level":0,"is_trial":false}