{"gold_per_floor":[114,39,54,69,69,69,84,84,84,84,84,84,34,34,34,134,134,134,34,4,4,4,4,4,4,4,4,4,4,4,4,4,4,4,4,4,4,4,4,4,4,4,4,4,4,4,4,4,4,4],"floor_reached":51,"playtime":1660,"items_purged":["Defend_G","Strike_G"],"score":937,"play_id":"b91ad259-2411-4ef8-a511-cce71c696af2","local_time":"20180803161104","daily_mods":["Heirloom","Time Dilation","Night Terrors"],"is_ascension_mode":false,"campfire_choices":[{"data":"Defend_G","floor":6.0,"key":"PURGE"},{"data":"Defend_G","floor":8.0,"key":"PURGE"},{"data":"Defend_G","floor":15.0,"key":"PURGE"},{"data":"Strike_G","floor":23.0,"key":"PURGE"},{"data":"Night Terror","floor":25.0,"key":"SMITH"},{"data":"Survivor","floor":32.0,"key":"SMITH"},{"data":"Reflex","floor":41,"key":"PURGE"},{"data":"Grand Finale","floor":47,"key":"SMITH"},{"data":"Writhe","floor":49,"key":"PURGE"}],"neow_cost":"","seed_source_timestamp":0,"circlet_count":0,"master_deck":["Survivor+1","Neutralize","Heel Hook","Night Terror+1","Finisher","Grand Finale+1","Backflip"],"special_seed":17746,"relics":["Ring of the Snake","Peace Pipe","Ornamental Fan","Ectoplasm","Red Mask","Orichalcum","Gremlin Horn","Pandora\u0027s Box","Snake Skull","Pen Nib"],"potions_floor_usage":[],"damage_taken":[{"damage":0.0,"enemies":"2 Louse","floor":1.0,"turns":3.0},{"damage":0.0,"enemies":"Small Slimes","floor":3.0,"turns":3.0},{"damage":0.0,"enemies":"Jaw Worm","floor":4.0,"turns":7.0},{"damage":0.0,"enemies":"2 Fungi Beasts","floor":7.0,"turns":5.0},{"damage":17.0,"enemies":"The Guardian","floor":16.0,"turns":13.0},{"damage":2.0,"enemies":"Shell Parasite","floor":18.0,"turns":2.0},{"damage":12.0,"enemies":"2 Thieves","floor":20.0,"turns":2.0},{"damage":0.0,"floor":21.0,"turns":2.0},{"damage":7.0,"enemies":"Centurion and Healer","floor":22.0,"turns":2.0},{"damage":3.0,"enemies":"Gremlin Leader","floor":24.0,"turns":2.0},{"damage":0.0,"enemies":"Snecko","floor":27.0,"turns":2.0},{"damage":0.0,"enemies":"Snake Plant","floor":30.0,"turns":2.0},{"damage":0.0,"enemies":"Centurion and Healer","floor":31.0,"turns":2.0},{"damage":0.0,"enemies":"Collector","floor":33.0,"turns":2.0},{"damage":0.0,"enemies":"Flame Bruiser 1 Orb","floor":35.0,"turns":2.0},{"damage":0.0,"enemies":"3 Darklings","floor":36.0,"turns":2.0},{"damage":0.0,"enemies":"Sphere and 2 Shapes","floor":39.0,"turns":1.0},{"damage":0,"enemies":"2 Orb Walkers","floor":40,"turns":1},{"damage":0,"enemies":"Maw","floor":44,"turns":2},{"damage":0,"enemies":"Transient","floor":45,"turns":2},{"damage":0,"enemies":"3 Darklings","floor":46,"turns":1},{"damage":1,"enemies":"Donu and Deca","floor":50,"turns":3}],"seed_played":"1315967547394537302","potions_obtained":[{"floor":7.0,"key":"SkillPotion"},{"floor":18.0,"key":"Fire Potion"},{"floor":21.0,"key":"FearPotion"}],"is_trial":false,"path_per_floor":["M","$","M","M","?","R","M","R","T","?","$","?","?","$","R","B",null,"M","$","M","?","M","R","E","R","T","M","?","?","M","M","R","B",null,"M","M","?","?","M","E","R","?","T","M","M","M","R","?","R","B"],"character_chosen":"THE_SILENT","items_purchased":[],"campfire_rested":0,"item_purchase_floors":[],"current_hp_per_floor":[70,70,70,70,56,56,56,56,56,56,56,49,49,49,49,32,70,68,68,56,56,49,49,46,46,46,46,46,46,46,46,46,46,70,70,70,70,70,70,70,70,70,70,70,70,70,70,70,70,69],"gold":4,"neow_bonus":"","is_prod":false,"is_daily":true,"chose_seed":false,"campfire_upgraded":3,"win_rate":0,"timestamp":1533337864,"path_taken":["M","$","M","M","?","R","M","R","T","?","$","?","?","?","R","BOSS","M","$","M","?","?","R","E","R","T","M","?","?","?","M","R","BOSS","M","?","?","?","M","E","R","?","T","M","M","M","R","?","R","BOSS"],"build_version":"2018-08-01","purchased_purges":2,"victory":true,"max_hp_per_floor":[70,70,70,70,70,70,70,70,70,70,70,70,70,70,70,70,70,70,70,70,70,70,70,70,70,70,70,70,70,70,70,70,70,70,70,70,70,70,70,70,70,70,70,70,70,70,70,70,70,70],"card_choices":[{"not_picked":["PiercingWail","Cloak And Dagger"],"picked":"Backflip","floor":1.0},{"not_picked":["Poisoned Stab","Quick Slash"],"picked":"Heel Hook","floor":7.0},{"not_picked":["Bullet Time","Malaise"],"picked":"Night Terror","floor":16.0},{"not_picked":["Flying Knee","Poisoned Stab"],"picked":"Finisher","floor":21.0},{"not_picked":["Flying Knee","Catalyst","Phantasmal Killer"],"picked":"SKIP","floor":24.0},{"not_picked":["Dagger Spray+1","Dodge and Roll","Night Terror"],"picked":"SKIP","floor":40},{"not_picked":["Expertise","Choke+1"],"picked":"Backflip","floor":45}],"player_experience":715142,"relics_obtained":[{"floor":9.0,"key":"Ornamental Fan"},{"floor":21.0,"key":"Red Mask"},{"floor":24.0,"key":"Orichalcum"},{"floor":26.0,"key":"Gremlin Horn"},{"floor":40,"key":"Snake Skull"},{"floor":43,"key":"Pen Nib"}],"event_choices":[{"event_name":"Shining Light","player_choice":"Entered Light","floor":5.0,"damage_taken":0.0},{"event_name":"Liars Game","player_choice":"disagreed","floor":10.0,"damage_taken":0.0},{"event_name":"Golden Wing","player_choice":"Card Removal","floor":12.0,"damage_taken":0.0},{"event_name":"The Cleric","player_choice":"Card Removal","floor":13.0,"damage_taken":0.0},{"event_name":"Masked Bandits","player_choice":"Fought over 4 gold","floor":21.0,"damage_taken":0.0},{"event_name":"Beggar","player_choice":"Ignored","floor":28.0,"damage_taken":0.0},{"event_name":"Golden Shrine","player_choice":"Pray","floor":29.0,"damage_taken":0.0},{"event_name":"Transmorgrifier","player_choice":"Transform","floor":37.0,"damage_taken":0.0},{"event_name":"Tomb of Lord Red Mask","player_choice":"Wore Mask","floor":38.0,"damage_taken":0.0},{"event_name":"Falling","player_choice":"Removed Skill","floor":42,"damage_taken":0},{"event_name":"Winding Halls","player_choice":"Writhe","floor":48,"damage_taken":0}],"is_beta":true,"boss_relics":[{"not_picked":["Lizard Tail","Tiny House"],"picked":"Ectoplasm"},{"not_picked":["Philosopher\u0027s Stone","Runic Pyramid"],"picked":"Pandora\u0027s Box"}],"items_purged_floors":[2,19],"is_endless":false,"potions_floor_spawned":[7,18,21,24,31,33,40,44,46],"ascension_level":0}