{"gold_per_floor":[11,28,42,117,133,133,149,164,164,184,184,184,184,201,201,298,298,310,255,104,104,115,165,176,188,237,337,347,347,247,260,260,260],"floor_reached":33,"playtime":5653,"items_purged":["Strike_R","Strike_R"],"score":243,"play_id":"49a4105a-a9bb-428b-b157-0441b4b10288","local_time":"20190127172811","is_ascension_mode":false,"campfire_choices":[{"data":"Seeing Red","floor":6,"key":"SMITH"},{"floor":11,"key":"REST"},{"data":"Body Slam","floor":13,"key":"SMITH"},{"floor":15,"key":"REST"},{"floor":29,"key":"REST"},{"data":"Evolve","floor":32,"key":"SMITH"}],"neow_cost":"NO_GOLD","seed_source_timestamp":77999007668400,"circlet_count":0,"master_deck":["Strike_R","Strike_R","Strike_R+1","Defend_R","Defend_R","Defend_R","Defend_R","Bash","Seeing Red+1","Evolve+1","Iron Wave","Headbutt","Second Wind+1","Ghostly Armor","Body Slam+1","Immolate","Shrug It Off+1","Power Through","Reckless Charge"],"relics":["Burning Blood","Calipers","Juzu Bracelet","Tiny Chest","Centennial Puzzle"],"potions_floor_usage":[5,8,14,16,16,18,22,28,33],"damage_taken":[{"damage":1,"enemies":"Cultist","floor":1,"turns":4},{"damage":2,"enemies":"Small Slimes","floor":2,"turns":3},{"damage":2,"enemies":"2 Louse","floor":3,"turns":4},{"damage":15,"enemies":"Large Slime","floor":5,"turns":12},{"damage":1,"enemies":"2 Fungi Beasts","floor":7,"turns":5},{"damage":16,"enemies":"Exordium Thugs","floor":8,"turns":5},{"damage":19,"enemies":"Gremlin Gang","floor":10,"turns":7},{"damage":0,"enemies":"Lots of Slimes","floor":14,"turns":2},{"damage":62,"enemies":"The Guardian","floor":16,"turns":13},{"damage":24,"enemies":"Shell Parasite","floor":18,"turns":7},{"damage":0,"enemies":"Spheric Guardian","floor":22,"turns":6},{"damage":27,"enemies":"Snake Plant","floor":24,"turns":6},{"damage":16,"enemies":"Sentry and Sphere","floor":25,"turns":10},{"damage":2,"enemies":"Snecko","floor":28,"turns":7},{"damage":7,"enemies":"Shelled Parasite and Fungi","floor":31,"turns":6},{"damage":68,"enemies":"Champ","floor":33,"turns":18}],"seed_played":"6776463047699679489","potions_obtained":[{"floor":1,"key":"Block Potion"},{"floor":2,"key":"BloodPotion"},{"floor":7,"key":"Block Potion"},{"floor":8,"key":"FearPotion"},{"floor":10,"key":"Explosive Potion"},{"floor":16,"key":"SpeedPotion"},{"floor":18,"key":"EssenceOfSteel"},{"floor":25,"key":"SkillPotion"},{"floor":31,"key":"SpeedPotion"}],"is_trial":false,"path_per_floor":["M","M","M","?","M","R","M","M","T","M","R","?","R","M","R","B",null,"M","?","$","?","M","?","M","M","T","?","M","R","$","M","R","B"],"character_chosen":"IRONCLAD","items_purchased":["Power Through"],"campfire_rested":3,"item_purchase_floors":[20],"current_hp_per_floor":[80,80,80,69,60,60,65,55,55,42,66,50,50,56,80,32,80,62,62,62,62,68,68,47,37,37,37,41,65,65,64,64,0],"gold":260,"neow_bonus":"ONE_RARE_RELIC","is_prod":false,"is_daily":false,"chose_seed":false,"campfire_upgraded":3,"win_rate":0,"timestamp":1548628091,"path_taken":["M","?","M","?","M","R","M","M","T","M","R","?","R","M","R","BOSS","M","?","$","?","M","?","M","M","T","?","M","R","$","M","R","BOSS"],"build_version":"2019-01-23","purchased_purges":2,"victory":false,"max_hp_per_floor":[80,80,80,80,80,80,80,80,80,80,80,80,80,80,80,80,80,80,80,80,80,80,80,80,80,80,80,80,80,80,80,80,80],"card_choices":[{"not_picked":["Twin Strike","Wild Strike"],"picked":"Seeing Red","floor":1},{"not_picked":["Sword Boomerang","Rupture"],"picked":"Evolve","floor":2},{"not_picked":["Cleave","Blood for Blood"],"picked":"Iron Wave","floor":3},{"not_picked":["Searing Blow","Exhume"],"picked":"Headbutt","floor":5},{"not_picked":["Anger","Thunderclap"],"picked":"Second Wind","floor":7},{"not_picked":["Entrench","Rupture"],"picked":"Ghostly Armor","floor":8},{"not_picked":["Anger","Rampage"],"picked":"Body Slam","floor":10},{"not_picked":["Power Through","Heavy Blade","Second Wind"],"picked":"SKIP","floor":14},{"not_picked":["Exhume","Bludgeon"],"picked":"Immolate","floor":16},{"not_picked":["Pommel Strike","Heavy Blade+1"],"picked":"Shrug It Off+1","floor":18},{"not_picked":["Heavy Blade","Ghostly Armor","Reckless Charge"],"picked":"SKIP","floor":22},{"not_picked":["Warcry+1","Flex","Thunderclap"],"picked":"SKIP","floor":24},{"not_picked":["Limit Break","Pommel Strike+1","Ghostly Armor"],"picked":"SKIP","floor":25},{"not_picked":["Evolve","Clothesline","Headbutt"],"picked":"SKIP","floor":28},{"not_picked":["Anger","Heavy Blade+1","Fire Breathing"],"picked":"SKIP","floor":31}],"player_experience":101481,"relics_obtained":[{"floor":9,"key":"Juzu Bracelet"},{"floor":26,"key":"Centennial Puzzle"}],"event_choices":[{"damage_healed":0,"gold_gain":75,"player_choice":"Gather Gold","damage_taken":11,"max_hp_gain":0,"max_hp_loss":0,"event_name":"World of Goop","floor":4,"gold_loss":0},{"damage_healed":0,"gold_gain":0,"player_choice":"Entered Light","damage_taken":16,"max_hp_gain":0,"max_hp_loss":0,"event_name":"Shining Light","floor":12,"gold_loss":0,"cards_upgraded":["Strike_R","Second Wind"]},{"damage_healed":0,"gold_gain":0,"player_choice":"Obtained Relic","damage_taken":0,"relics_obtained":["Tiny Chest"],"max_hp_gain":0,"max_hp_loss":0,"event_name":"Addict","floor":19,"gold_loss":85},{"damage_healed":0,"gold_gain":0,"player_choice":"1 cards matched","damage_taken":0,"max_hp_gain":0,"max_hp_loss":0,"event_name":"Match and Keep!","floor":21,"gold_loss":0,"cards_obtained":["Reckless Charge"]},{"damage_healed":0,"gold_gain":100,"player_choice":"Bet on Murderer","damage_taken":0,"max_hp_gain":0,"max_hp_loss":0,"event_name":"The Joust","floor":23,"gold_loss":50},{"damage_healed":0,"gold_gain":100,"player_choice":"Pray","damage_taken":0,"max_hp_gain":0,"max_hp_loss":0,"event_name":"Golden Shrine","floor":27,"gold_loss":0}],"is_beta":false,"boss_relics":[{"not_picked":["Astrolabe","Busted Crown","Mark of Pain"]}],"items_purged_floors":[20,30],"is_endless":false,"potions_floor_spawned":[1,2,7,8,10,16,18,25,31],"killed_by":"Champ","ascension_level":0}