{"gold_per_floor":[109,123,133,133,133,133,167,167,167,185,201,215,215,249,261,347,359,390,270,297,297,310,310,340,356,430,450,450,478,492,504,504,504],"floor_reached":33,"playtime":2756,"items_purged":["Strike_B"],"score":706,"play_id":"a85d6721-7cc1-4e1e-a331-0ef3c08b2d38","local_time":"20190118235614","is_ascension_mode":true,"campfire_choices":[{"data":"Zap","floor":6.0,"key":"SMITH"},{"data":"Redo","floor":8.0,"key":"SMITH"},{"data":"Genetic Algorithm","floor":13.0,"key":"SMITH"},{"data":"Electrodynamics","floor":15.0,"key":"SMITH"},{"data":"Stack","floor":23.0,"key":"SMITH"},{"data":"Dualcast","floor":28,"key":"SMITH"},{"floor":32,"key":"REST"}],"neow_cost":"NONE","seed_source_timestamp":0,"circlet_count":0,"master_deck":["AscendersBane","Strike_B","Strike_B","Strike_B","Defend_B","Defend_B","Zap+1","Dualcast+1","Glacier","Redo+1","Conserve Battery","Electrodynamics+1","Stack+1","Genetic Algorithm+1","FTL","Stack+1","Conserve Battery","Melter","Ball Lightning","Sweeping Beam+1"],"special_seed":0,"relics":["Cracked Core","Singing Bowl","Meat on the Bone","MawBank","Velvet Choker","Red Mask","MutagenicStrength","Prayer Wheel","Cables","Blue Candle"],"potions_floor_usage":[24,29],"damage_taken":[{"damage":1.0,"enemies":"Cultist","floor":1.0,"turns":3.0},{"damage":2.0,"enemies":"Jaw Worm","floor":2.0,"turns":3.0},{"damage":2.0,"enemies":"2 Louse","floor":3.0,"turns":2.0},{"damage":0.0,"enemies":"Lagavulin","floor":7.0,"turns":8.0},{"damage":0.0,"enemies":"Large Slime","floor":10.0,"turns":4.0},{"damage":0.0,"enemies":"2 Fungi Beasts","floor":11.0,"turns":2.0},{"damage":24.0,"enemies":"Exordium Wildlife","floor":12.0,"turns":3.0},{"damage":12.0,"enemies":"3 Sentries","floor":14.0,"turns":3.0},{"damage":25.0,"enemies":"The Guardian","floor":16.0,"turns":17.0},{"damage":12.0,"enemies":"Shell Parasite","floor":18.0,"turns":5.0},{"damage":0.0,"enemies":"Masked Bandits","floor":20.0,"turns":2.0},{"damage":4.0,"enemies":"3 Byrds","floor":22.0,"turns":4.0},{"damage":0,"enemies":"Gremlin Leader","floor":24,"turns":7},{"damage":14,"enemies":"Cultist and Chosen","floor":25,"turns":7},{"damage":5,"enemies":"Snake Plant","floor":27,"turns":4},{"damage":19,"enemies":"Slavers","floor":29,"turns":4},{"damage":10,"enemies":"Centurion and Healer","floor":30,"turns":3},{"damage":18,"enemies":"Cultist and Chosen","floor":31,"turns":4},{"damage":93,"enemies":"Collector","floor":33,"turns":13}],"seed_played":"-2109003050321755026","potions_obtained":[{"floor":1.0,"key":"Poison Potion"},{"floor":2.0,"key":"FocusPotion"},{"floor":7.0,"key":"Poison Potion"},{"floor":14.0,"key":"FocusPotion"},{"floor":18.0,"key":"SkillPotion"},{"floor":22.0,"key":"Strength Potion"},{"floor":25,"key":"AttackPotion"}],"is_trial":false,"path_per_floor":["M","M","M","?","?","R","E","R","T","M","M","M","R","E","R","B",null,"M","$","?","?","M","R","E","M","T","M","R","E","M","M","R","B"],"character_chosen":"DEFECT","items_purchased":["Conserve Battery"],"campfire_rested":1,"item_purchase_floors":[19],"current_hp_per_floor":[70,68,66,66,66,66,66,66,66,68,68,44,44,44,44,33,70,58,58,60,60,58,58,60,48,48,57,57,52,56,54,84,0],"gold":504,"neow_bonus":"TEN_PERCENT_HP_BONUS","is_prod":false,"is_daily":false,"chose_seed":false,"campfire_upgraded":6,"win_rate":0,"timestamp":1547823374,"path_taken":["M","M","M","?","?","R","E","R","T","M","M","M","R","E","R","BOSS","M","?","?","?","M","R","E","M","T","M","R","E","M","M","R","BOSS"],"build_version":"2019-01-17v2","purchased_purges":1,"victory":false,"max_hp_per_floor":[78,78,78,78,78,78,78,78,78,80,80,80,80,80,80,82,82,82,82,84,84,86,86,88,90,90,92,92,94,96,100,100,100],"card_choices":[{"not_picked":["Coolheaded","Storm"],"picked":"Glacier","floor":1.0},{"not_picked":["Hologram","Force Field"],"picked":"Redo","floor":2.0},{"not_picked":["Compile Driver","Loop"],"picked":"Conserve Battery","floor":3.0},{"not_picked":["Rebound","Turbo"],"picked":"Electrodynamics","floor":7.0},{"not_picked":["Capacitor","Aggregate","Leap"],"picked":"Singing Bowl","floor":10.0},{"not_picked":["Leap","Static Discharge"],"picked":"Stack","floor":11.0},{"not_picked":["Streamline","Rebound"],"picked":"Genetic Algorithm","floor":12.0},{"not_picked":["Rip and Tear","White Noise"],"picked":"FTL","floor":14.0},{"not_picked":["Multi-Cast","Machine Learning","Creative AI"],"picked":"Singing Bowl","floor":16.0},{"not_picked":["Scrape","Gash"],"picked":"Stack+1","floor":18.0},{"not_picked":["Aggregate","Beam Cell","Barrage"],"picked":"Singing Bowl","floor":20.0},{"not_picked":["Static Discharge","Leap","Stack"],"picked":"Singing Bowl","floor":22.0},{"not_picked":["Amplify","Genetic Algorithm","Beam Cell"],"picked":"Singing Bowl","floor":24},{"not_picked":["Stack","Hologram","Beam Cell"],"picked":"Singing Bowl","floor":25},{"not_picked":["Sweeping Beam","Beam Cell"],"picked":"Melter","floor":25},{"not_picked":["Storm","Stack","Capacitor"],"picked":"Singing Bowl","floor":27},{"not_picked":["Hologram","Gash"],"picked":"Ball Lightning","floor":27},{"not_picked":["Hologram","Consume","Electrodynamics"],"picked":"Singing Bowl","floor":29},{"not_picked":["Cold Snap","BootSequence","Steam Power"],"picked":"Singing Bowl","floor":30},{"not_picked":["Rebound","Coolheaded"],"picked":"Sweeping Beam+1","floor":30},{"not_picked":["Fusion","Hello World","Barrage"],"picked":"Singing Bowl","floor":31},{"not_picked":["Redo","Streamline","Cold Snap"],"picked":"Singing Bowl","floor":31}],"player_experience":1046458,"relics_obtained":[{"floor":7.0,"key":"Singing Bowl"},{"floor":9.0,"key":"Meat on the Bone"},{"floor":14.0,"key":"MawBank"},{"floor":20.0,"key":"Red Mask"},{"floor":24,"key":"Prayer Wheel"},{"floor":26,"key":"Cables"},{"floor":29,"key":"Blue Candle"}],"event_choices":[{"cards_removed":["Defend_B"],"damage_healed":0.0,"max_hp_gain":0.0,"max_hp_loss":0.0,"gold_gain":0.0,"event_name":"Living Wall","player_choice":"Forget","floor":4.0,"gold_loss":0.0,"damage_taken":0.0},{"cards_removed":["Defend_B"],"damage_healed":0.0,"max_hp_gain":0.0,"max_hp_loss":0.0,"gold_gain":0.0,"event_name":"Purifier","player_choice":"Purged","floor":5.0,"gold_loss":0.0,"damage_taken":0.0},{"damage_healed":0.0,"max_hp_gain":0.0,"max_hp_loss":0.0,"gold_gain":0.0,"event_name":"Masked Bandits","player_choice":"Fought Bandits","floor":20.0,"gold_loss":0.0,"damage_taken":0.0},{"damage_healed":0.0,"max_hp_gain":0.0,"max_hp_loss":0.0,"gold_gain":0.0,"event_name":"Drug Dealer","player_choice":"Inject Mutagens","floor":21.0,"gold_loss":0.0,"damage_taken":0.0,"relics_obtained":["MutagenicStrength"]}],"is_beta":false,"boss_relics":[{"not_picked":["Lizard Tail","Pandora\u0027s Box"],"picked":"Velvet Choker"}],"items_purged_floors":[19],"is_endless":false,"potions_floor_spawned":[1,2,3,7,14,18,22,25],"killed_by":"Collector","ascension_level":19}