{"gold_per_floor":[116,129,404,404,404,443,443,484,509,533,533,548,561,100,100,230,230,249,262,9,9,9,9,30,54,80,104,104,104,120,120],"floor_reached":31,"playtime":1821,"items_purged":["Defend_R","Strike_R"],"score":272,"play_id":"c6f4cf89-3859-42d5-b65f-e0a7cec1eaf3","local_time":"20181021133232","is_ascension_mode":false,"campfire_choices":[{"data":"Armaments","floor":7,"key":"SMITH"},{"data":"Infernal Blade","floor":11,"key":"SMITH"},{"floor":15,"key":"REST"},{"floor":23,"key":"REST"},{"floor":28,"key":"REST"}],"neow_cost":"NONE","seed_source_timestamp":848297348872259,"circlet_count":0,"master_deck":["Strike_R","Strike_R","Strike_R","Defend_R","Defend_R","Bash","Rage","Armaments+1","Regret","Infernal Blade+1","Perfected Strike","Double Tap","Fire Breathing","Shrug It Off","Demon Form","Flash of Steel+1","Heavy Blade+1","Demon Form","Pummel+1","Clash+1","Infernal Blade+1","Rampage+1","Carnage+1","Flex","Limit Break","Perfected Strike+1","Whirlwind+1"],"relics":["Burning Blood","NeowsBlessing","Golden Idol","Dream Catcher","Dead Branch","Smiling Mask","Molten Egg 2","Empty Cage","DollysMirror","Orichalcum","Nilry\u0027s Codex"],"potions_floor_usage":[8,8,16,19,19,24,27,31],"damage_taken":[{"damage":0,"enemies":"Small Slimes","floor":1,"turns":1},{"damage":0,"enemies":"Cultist","floor":2,"turns":1},{"damage":0,"enemies":"Gremlin Nob","floor":6,"turns":1},{"damage":34,"enemies":"3 Sentries","floor":8,"turns":10},{"damage":10,"enemies":"2 Louse","floor":10,"turns":5},{"damage":17,"enemies":"Large Slime","floor":12,"turns":6},{"damage":12,"enemies":"Looter","floor":13,"turns":3},{"damage":42,"enemies":"Hexaghost","floor":16,"turns":7},{"damage":21,"enemies":"Shell Parasite","floor":18,"turns":4},{"damage":34,"enemies":"2 Thieves","floor":19,"turns":4},{"damage":30,"enemies":"Chosen and Byrds","floor":24,"turns":6},{"damage":25,"enemies":"Cultist and Chosen","floor":25,"turns":5},{"damage":0,"enemies":"Sentry and Sphere","floor":27,"turns":3},{"damage":27,"enemies":"Snecko","floor":30,"turns":5},{"damage":3,"enemies":"Centurion and Healer","floor":31,"turns":4}],"seed_played":"1980598953138677720","potions_obtained":[{"floor":1,"key":"Poison Potion"},{"floor":2,"key":"SkillPotion"},{"floor":12,"key":"Strength Potion"},{"floor":13,"key":"Explosive Potion"},{"floor":16,"key":"GamblersBrew"},{"floor":19,"key":"SkillPotion"},{"floor":25,"key":"Poison Potion"},{"floor":30,"key":"Poison Potion"}],"is_trial":false,"path_per_floor":["M","M","?","?","?","E","R","E","T","M","R","M","M","$","R","B",null,"M","M","$","?","$","R","M","M","T","M","R","?","M"],"character_chosen":"IRONCLAD","items_purchased":["Molten Egg 2","Demon Form","Flash of Steel+1","DollysMirror"],"campfire_rested":3,"item_purchase_floors":[14,14,14,20],"current_hp_per_floor":[80,80,80,85,79,79,79,51,51,47,47,36,30,30,53,17,79,64,36,36,36,36,59,35,16,16,22,45,29,8,5],"gold":120,"neow_bonus":"THREE_ENEMY_KILL","is_prod":false,"is_daily":false,"chose_seed":false,"campfire_upgraded":2,"win_rate":0.0,"timestamp":1540081952,"path_taken":["M","M","?","?","?","E","R","E","T","M","R","M","M","$","R","BOSS","M","M","$","?","?","R","?","M","T","M","R","?","M","M"],"build_version":"2018-10-18","purchased_purges":2,"victory":false,"max_hp_per_floor":[80,80,80,85,79,79,79,79,79,79,79,79,79,79,79,79,79,79,79,79,79,79,79,79,79,79,79,79,79,79,79],"card_choices":[{"not_picked":["Pommel Strike","Second Wind"],"picked":"Rage","floor":1},{"not_picked":["Warcry","Evolve"],"picked":"Armaments","floor":2},{"not_picked":["Whirlwind","Anger"],"picked":"Infernal Blade","floor":6},{"not_picked":["Twin Strike","Thunderclap"],"picked":"Perfected Strike","floor":8},{"not_picked":["Disarm","Searing Blow"],"picked":"Double Tap","floor":10},{"not_picked":["Heavy Blade","Havoc"],"picked":"Fire Breathing","floor":12},{"not_picked":["Reckless Charge","True Grit"],"picked":"Shrug It Off","floor":13},{"not_picked":["Clothesline+1","Shockwave"],"picked":"Heavy Blade+1","floor":15},{"not_picked":["Juggernaut","Double Tap"],"picked":"Demon Form","floor":16},{"not_picked":["Shrug It Off","Second Wind"],"picked":"Pummel+1","floor":18},{"not_picked":["Sever Soul+1","Blood for Blood+1"],"picked":"Clash+1","floor":19},{"not_picked":["Warcry+1","True Grit+1"],"picked":"Rampage+1","floor":23},{"not_picked":["Body Slam+1","Headbutt+1"],"picked":"Carnage+1","floor":24},{"not_picked":["Carnage+1","Cleave+1"],"picked":"Flex","floor":25},{"not_picked":["Flame Barrier","Cleave+1"],"picked":"Limit Break","floor":27},{"not_picked":["Clothesline+1","Shockwave"],"picked":"Perfected Strike+1","floor":28},{"not_picked":["Anger+1","Seeing Red"],"picked":"Whirlwind+1","floor":30}],"player_experience":157089,"relics_obtained":[{"floor":6,"key":"Dream Catcher"},{"floor":8,"key":"Dead Branch"},{"floor":9,"key":"Smiling Mask"},{"floor":26,"key":"Orichalcum"},{"floor":29,"key":"Nilry\u0027s Codex"}],"event_choices":[{"damage_healed":0,"gold_gain":275,"player_choice":"Desecrate","damage_taken":0,"max_hp_gain":0,"max_hp_loss":0,"event_name":"Golden Shrine","floor":3,"gold_loss":0,"cards_obtained":["Regret"]},{"damage_healed":0,"gold_gain":0,"player_choice":"Donut","damage_taken":0,"max_hp_gain":5,"max_hp_loss":0,"event_name":"Big Fish","floor":4,"gold_loss":0},{"damage_healed":0,"gold_gain":0,"player_choice":"Lose Max HP","damage_taken":0,"relics_obtained":["Golden Idol"],"max_hp_gain":0,"max_hp_loss":6,"event_name":"Golden Idol","floor":5,"gold_loss":0},{"damage_healed":0,"gold_gain":0,"player_choice":"Ignored","damage_taken":0,"max_hp_gain":0,"max_hp_loss":0,"event_name":"WeMeetAgain","floor":21,"gold_loss":0},{"damage_healed":0,"gold_gain":0,"player_choice":"Obtained Book","damage_taken":16,"max_hp_gain":0,"max_hp_loss":0,"event_name":"Cursed Tome","floor":29,"gold_loss":0}],"is_beta":false,"boss_relics":[{"not_picked":["Ectoplasm","Cursed Key"],"picked":"Empty Cage"}],"items_purged_floors":[14,20],"is_endless":false,"potions_floor_spawned":[1,2,12,13,16,19,25,30],"killed_by":"Centurion and Healer","ascension_level":0}