{"gold_per_floor":[19,32,45,45,65,95,95,111,111,127,127,161,161,175,175,251,251,270,270,305,305,315,377,388,4,28,47,47,79,79,108,108,108],"floor_reached":33,"playtime":2615,"items_purged":[],"score":634,"play_id":"9c7d4783-4c31-4773-b133-b08062852a66","local_time":"20190720011209","is_ascension_mode":true,"campfire_choices":[{"data":"Die Die Die","floor":7.0,"key":"SMITH"},{"data":"Deadly Poison","floor":13.0,"key":"SMITH"},{"data":"Well Laid Plans","floor":15.0,"key":"SMITH"},{"data":"Malaise","floor":30,"key":"SMITH"},{"data":"Predator","floor":32,"key":"SMITH"}],"neow_cost":"NO_GOLD","seed_source_timestamp":775067868718350,"circlet_count":0,"master_deck":["AscendersBane","Strike_G","Strike_G","Strike_G","Strike_G","Strike_G","Defend_G","Defend_G","Defend_G","Defend_G","Defend_G","Survivor","Neutralize","Dagger Spray","Crippling Poison","Deadly Poison+1","Die Die Die+1","Crippling Poison","Leg Sweep","Well Laid Plans+1","Corpse Explosion","Backflip","PiercingWail","Ghostly","Ghostly","Ghostly","Malaise+1","Predator+1"],"special_seed":0,"relics":["Ring of the Snake","Ginger","Meat on the Bone","The Courier","Darkstone Periapt","Gremlin Horn","Snecko Eye","Red Mask","Tiny Chest","Snake Skull","Lantern","Strawberry","Happy Flower","Smiling Mask"],"potions_floor_usage":[18,20,22,27,31],"damage_taken":[{"damage":2.0,"enemies":"2 Louse","floor":1.0,"turns":3.0},{"damage":0.0,"enemies":"Small Slimes","floor":2.0,"turns":3.0},{"damage":11.0,"enemies":"Jaw Worm","floor":3.0,"turns":6.0},{"damage":11.0,"enemies":"Lots of Slimes","floor":5.0,"turns":3.0},{"damage":17.0,"enemies":"3 Sentries","floor":6.0,"turns":4.0},{"damage":3.0,"enemies":"Blue Slaver","floor":8.0,"turns":3.0},{"damage":6.0,"enemies":"2 Fungi Beasts","floor":10.0,"turns":3.0},{"damage":8.0,"enemies":"Gremlin Nob","floor":12.0,"turns":3.0},{"damage":6.0,"enemies":"3 Louse","floor":14.0,"turns":4.0},{"damage":25,"enemies":"Hexaghost","floor":16,"turns":12},{"damage":0,"enemies":"Chosen","floor":18,"turns":4},{"damage":9,"enemies":"Masked Bandits","floor":20,"turns":3},{"damage":0,"enemies":"Shell Parasite","floor":22,"turns":7},{"damage":18,"enemies":"Slavers","floor":23,"turns":3},{"damage":15,"enemies":"Centurion and Healer","floor":24,"turns":5},{"damage":0,"enemies":"Shelled Parasite and Fungi","floor":27,"turns":9},{"damage":18,"enemies":"Book of Stabbing","floor":29,"turns":7},{"damage":12,"enemies":"Gremlin Leader","floor":31,"turns":6},{"damage":13,"enemies":"Champ","floor":33,"turns":12}],"seed_played":"8922419112613666143","potions_obtained":[{"floor":5.0,"key":"Explosive Potion"},{"floor":10.0,"key":"Strength Potion"},{"floor":12.0,"key":"Ancient Potion"},{"floor":16,"key":"PowerPotion"},{"floor":18,"key":"GamblersBrew"},{"floor":23,"key":"PowerPotion"},{"floor":27,"key":"Regen Potion"},{"floor":31,"key":"Energy Potion"}],"is_trial":false,"path_per_floor":["M","M","M","?","M","E","R","M","T","M","?","E","R","M","R","B",null,"M","?","?","?","M","E","M","$","T","M","?","E","R","E","R","B"],"character_chosen":"THE_SILENT","items_purchased":["Snake Skull","Lantern","Strawberry"],"campfire_rested":0,"item_purchase_floors":[25,25,25],"current_hp_per_floor":[57,57,46,28,29,24,24,33,33,39,39,43,43,37,37,24,56,56,38,41,35,35,29,26,33,33,33,33,27,27,30,30,17],"gold":108,"neow_bonus":"ONE_RARE_RELIC","is_prod":false,"is_daily":false,"chose_seed":false,"campfire_upgraded":5,"win_rate":0,"timestamp":1563577929,"path_taken":["M","M","M","?","M","E","R","M","T","M","?","E","R","M","R","BOSS","M","?","?","?","M","E","M","$","T","M","?","E","R","E","R","BOSS"],"build_version":"2019-07-17","purchased_purges":0,"victory":false,"max_hp_per_floor":[66,66,66,66,66,66,66,66,66,66,66,66,66,66,66,66,66,66,71,71,35,35,35,35,42,42,42,42,42,42,42,42,42],"card_choices":[{"not_picked":["Bane","Dodge and Roll"],"picked":"Dagger Spray","floor":1.0},{"not_picked":["Expertise","Acrobatics"],"picked":"Crippling Poison","floor":2.0},{"not_picked":["Footwork","Bouncing Flask"],"picked":"Deadly Poison","floor":3.0},{"not_picked":["Dagger Spray","Prepared"],"picked":"Die Die Die","floor":5.0},{"not_picked":["Poisoned Stab","Concentrate"],"picked":"Masterful Stab","floor":6.0},{"not_picked":["Distraction","Outmaneuver"],"picked":"Crippling Poison","floor":8.0},{"not_picked":["Expertise","Caltrops"],"picked":"Leg Sweep","floor":12.0},{"not_picked":["Infinite Blades","Dodge and Roll"],"picked":"Well Laid Plans","floor":14.0},{"not_picked":["Night Terror","Storm of Steel"],"picked":"Corpse Explosion","floor":16},{"not_picked":["Deflect","Dagger Throw"],"picked":"Backflip","floor":18},{"not_picked":["Flying Knee","Sucker Punch"],"picked":"PiercingWail","floor":20},{"not_picked":["Terror","Blur"],"picked":"Malaise","floor":29},{"not_picked":["Bouncing Flask","Cloak And Dagger+1"],"picked":"Predator","floor":31}],"player_experience":1305368,"relics_obtained":[{"floor":6.0,"key":"The Courier"},{"floor":9.0,"key":"Darkstone Periapt"},{"floor":12.0,"key":"Gremlin Horn"},{"floor":20,"key":"Red Mask"},{"floor":23,"key":"Tiny Chest"},{"floor":29,"key":"Happy Flower"},{"floor":31,"key":"Smiling Mask"}],"event_choices":[{"damage_healed":0.0,"max_hp_gain":0.0,"max_hp_loss":0.0,"gold_gain":0.0,"event_name":"Scrap Ooze","player_choice":"Success","floor":4.0,"gold_loss":0.0,"damage_taken":18.0,"relics_obtained":["Meat on the Bone"]},{"damage_healed":0.0,"max_hp_gain":0.0,"max_hp_loss":0.0,"gold_gain":0.0,"event_name":"Shining Light","player_choice":"Ignored","floor":11.0,"gold_loss":0.0,"damage_taken":0.0},{"damage_healed":0,"gold_gain":0,"player_choice":"Shed Blood","damage_taken":23,"max_hp_gain":5,"max_hp_loss":0,"event_name":"Forgotten Altar","floor":19,"gold_loss":0},{"damage_healed":0,"gold_gain":0,"player_choice":"Fought Bandits","damage_taken":0,"max_hp_gain":0,"max_hp_loss":0,"event_name":"Masked Bandits","floor":20,"gold_loss":0},{"damage_healed":0,"gold_gain":0,"player_choice":"Became a Ghost","damage_taken":0,"max_hp_gain":0,"max_hp_loss":36,"event_name":"Ghosts","floor":21,"gold_loss":0,"cards_obtained":["Ghostly","Ghostly","Ghostly"]},{"cards_removed":["Masterful Stab"],"damage_healed":0,"gold_gain":0,"player_choice":"Elegance","damage_taken":0,"max_hp_gain":0,"max_hp_loss":0,"event_name":"Back to Basics","floor":28,"gold_loss":0}],"is_beta":false,"boss_relics":[{"not_picked":["Runic Pyramid","WristBlade"],"picked":"Snecko Eye"}],"items_purged_floors":[],"is_endless":false,"potions_floor_spawned":[5,10,12,16,18,23,27,31],"killed_by":"Champ","ascension_level":20}