{"gold_per_floor":[119,119,129,129,140,172,172,192,219,219,254,254,254,254,254,254],"floor_reached":16,"playtime":2003,"items_purged":[],"score":108,"play_id":"eb512971-26f4-4e27-8a9e-c8cdf7acf68a","local_time":"20190226181138","is_ascension_mode":false,"campfire_choices":[{"floor":7,"key":"REST"},{"data":"Masterful Stab","floor":10,"key":"SMITH"},{"floor":13,"key":"REST"},{"floor":15,"key":"RECALL"}],"neow_cost":"NONE","seed_source_timestamp":618586926054075,"circlet_count":0,"master_deck":["Defend_G","Defend_G","Defend_G","Defend_G","Defend_G","Strike_G","Strike_G","Strike_G","Strike_G","Strike_G","Survivor","Neutralize","Slice+1","Calculated Gamble","Tactician","Deflect","Masterful Stab+1","Concentrate+1"],"relics":["Ring of the Snake","Ancient Tea Set","Smiling Mask"],"potions_floor_usage":[6,16],"damage_taken":[{"damage":0,"enemies":"Jaw Worm","floor":1,"turns":5},{"damage":1,"enemies":"Cultist","floor":3,"turns":4},{"damage":0,"enemies":"2 Louse","floor":5,"turns":3},{"damage":23,"enemies":"Lagavulin","floor":6,"turns":11},{"damage":0,"enemies":"Blue Slaver","floor":8,"turns":3},{"damage":25,"enemies":"3 Sentries","floor":11,"turns":12},{"damage":67,"enemies":"Hexaghost","floor":16,"turns":16}],"seed_played":"-2096089921967907751","potions_obtained":[{"floor":0,"key":"LiquidBronze"},{"floor":0,"key":"GhostInAJar"},{"floor":0,"key":"Explosive Potion"},{"floor":6,"key":"Weak Potion"}],"is_trial":false,"path_per_floor":["M","?","M","$","M","E","R","M","T","R","E","?","R","?","R","B"],"character_chosen":"THE_SILENT","items_purchased":[],"campfire_rested":2,"item_purchase_floors":[],"current_hp_per_floor":[70,70,69,69,69,46,67,67,67,67,42,42,63,63,63,0],"gold":254,"neow_bonus":"THREE_SMALL_POTIONS","is_prod":false,"is_daily":false,"chose_seed":false,"campfire_upgraded":1,"win_rate":0,"timestamp":1551197498,"path_taken":["M","?","M","$","?","E","R","M","T","R","E","?","R","?","R","BOSS"],"build_version":"2019-01-23","purchased_purges":0,"victory":false,"max_hp_per_floor":[70,70,70,70,70,70,70,70,70,70,70,70,70,70,70,70],"card_choices":[{"not_picked":["Catalyst","Blur"],"picked":"Slice","floor":1},{"not_picked":["Choke","Eviscerate"],"picked":"Calculated Gamble","floor":3},{"not_picked":["Flying Knee","Leg Sweep"],"picked":"Tactician","floor":5},{"not_picked":["Glass Knife","Flying Knee"],"picked":"Deflect","floor":6},{"not_picked":["Quick Slash","Outmaneuver"],"picked":"Masterful Stab","floor":8},{"not_picked":["Skewer","Poisoned Stab"],"picked":"Concentrate","floor":11}],"player_experience":988585,"relics_obtained":[{"floor":6,"key":"Ancient Tea Set"},{"floor":11,"key":"Smiling Mask"}],"event_choices":[{"damage_healed":0,"gold_gain":0,"player_choice":"Upgraded","damage_taken":0,"max_hp_gain":0,"max_hp_loss":0,"event_name":"Upgrade Shrine","floor":2,"gold_loss":0,"cards_upgraded":["Slice"]},{"damage_healed":0,"gold_gain":0,"player_choice":"Ignored","damage_taken":0,"max_hp_gain":0,"max_hp_loss":0,"event_name":"Shining Light","floor":12,"gold_loss":0},{"damage_healed":0,"gold_gain":0,"player_choice":"Grow","damage_taken":0,"max_hp_gain":0,"max_hp_loss":0,"event_name":"Living Wall","floor":14,"gold_loss":0,"cards_upgraded":["Concentrate"]}],"is_beta":false,"boss_relics":[],"items_purged_floors":[],"is_endless":false,"potions_floor_spawned":[5,6],"killed_by":"Hexaghost","ascension_level":0}