{"gold_per_floor":[365,382,32,32,32,32,58,106,106,138,138,157,174,16,16,90,90,100,100,100,50,69,69,89,114,164,179,179,179,192,48,48,125,125,138,153,169,188,188,219,219,239,239,251,265,292,132,132,132,132,132,132,132,33,62,62],"floor_reached":57,"playtime":3807,"items_purged":["Strike_R","Strike_R","Strike_R","Strike_R"],"score":2684,"play_id":"4da25e17-c9ab-4fd1-863f-39f82a5a9049","local_time":"20190711162543","is_ascension_mode":true,"campfire_choices":[{"floor":6,"key":"REST"},{"data":"Bash","floor":11,"key":"SMITH"},{"data":"Cleave","floor":15,"key":"SMITH"},{"data":"Evolve","floor":23,"key":"SMITH"},{"data":"True Grit","floor":28,"key":"SMITH"},{"data":"Pommel Strike","floor":32,"key":"SMITH"},{"data":"True Grit","floor":41,"key":"SMITH"},{"floor":49,"key":"RECALL"},{"data":"Burning Pact","floor":53,"key":"SMITH"}],"neow_cost":"PERCENT_DAMAGE","seed_source_timestamp":1692421183600,"circlet_count":0,"master_deck":["AscendersBane","Strike_R+1","Defend_R","Defend_R","Defend_R","Defend_R","Bash+1","Twin Strike+1","Cleave+1","Evolve+1","Impervious","Pommel Strike+1","Power Through","Warcry+1","True Grit+1","Pommel Strike+1","Demon Form","Shrug It Off","True Grit+1","Fiend Fire+1","Burning Pact+1","Evolve","Seeing Red"],"relics":["Burning Blood","Membership Card","Sundial","Pear","Bag of Marbles","Meat on the Bone","Bag of Preparation","Oddly Smooth Stone","Mark of Pain","Kunai","FossilizedHelix","Vajra","Pantograph","Runic Dome","Singing Bowl","Omamori","Smiling Mask","TheAbacus","Whetstone"],"potions_floor_usage":[10,10,33,33,45,50,56,56],"damage_taken":[{"damage":11,"enemies":"Jaw Worm","floor":1,"turns":6},{"damage":9,"enemies":"2 Louse","floor":2,"turns":3},{"damage":32,"enemies":"Gremlin Nob","floor":7,"turns":4},{"damage":15,"enemies":"3 Sentries","floor":10,"turns":6},{"damage":0,"enemies":"Cultist","floor":12,"turns":3},{"damage":14,"enemies":"Lots of Slimes","floor":13,"turns":4},{"damage":36,"enemies":"Slime Boss","floor":16,"turns":9},{"damage":18,"enemies":"Spheric Guardian","floor":18,"turns":4},{"damage":10,"enemies":"2 Thieves","floor":22,"turns":4},{"damage":0,"enemies":"3 Cultists","floor":24,"turns":4},{"damage":55,"enemies":"Book of Stabbing","floor":25,"turns":5},{"damage":0,"enemies":"Centurion and Healer","floor":27,"turns":4},{"damage":8,"enemies":"Snake Plant","floor":30,"turns":3},{"damage":50,"enemies":"Collector","floor":33,"turns":10},{"damage":21,"enemies":"Orb Walker","floor":35,"turns":3},{"damage":34,"enemies":"3 Darklings","floor":36,"turns":4},{"damage":2,"enemies":"Sphere and 2 Shapes","floor":37,"turns":6},{"damage":0,"enemies":"Transient","floor":38,"turns":6},{"damage":9,"enemies":"Nemesis","floor":40,"turns":7},{"damage":20,"enemies":"Maw","floor":42,"turns":7},{"damage":0,"enemies":"Sphere and 2 Shapes","floor":44,"turns":8},{"damage":34,"enemies":"Writhing Mass","floor":45,"turns":7},{"damage":0,"enemies":"Giant Head","floor":46,"turns":5},{"damage":62,"enemies":"Awakened One","floor":50,"turns":7},{"damage":30,"enemies":"Donu and Deca","floor":51,"turns":7},{"damage":15,"enemies":"Shield and Spear","floor":55,"turns":3},{"damage":25,"enemies":"The Heart","floor":56,"turns":8}],"seed_played":"6855432524901450420","potions_obtained":[{"floor":1,"key":"SkillPotion"},{"floor":7,"key":"Explosive Potion"},{"floor":24,"key":"SpeedPotion"},{"floor":25,"key":"Weak Potion"},{"floor":35,"key":"SkillPotion"},{"floor":38,"key":"Weak Potion"},{"floor":46,"key":"PowerPotion"}],"is_trial":false,"path_per_floor":["M","M","$","?","?","R","E","T","T","E","R","M","M","$","R","B",null,"M","?","T","$","M","R","M","E","T","M","R","?","M","$","R","B",null,"M","M","M","M","?","E","R","M","T","M","M","E","$","?","R","B","B",null,"R","$","E","B",null],"character_chosen":"IRONCLAD","items_purchased":["Membership Card","Sundial","Oddly Smooth Stone","Evolve","Pantograph","TheAbacus","Evolve","Strength Potion"],"campfire_rested":1,"item_purchase_floors":[3,3,14,14,31,47,54,54],"current_hp_per_floor":[45,42,42,19,19,41,25,25,25,28,28,46,50,50,50,32,72,60,60,60,60,56,56,62,25,25,43,43,18,28,28,28,21,73,58,42,58,64,64,61,61,61,61,69,55,61,61,61,61,42,55,82,82,82,73,72],"gold":62,"neow_bonus":"TWO_FIFTY_GOLD","is_prod":false,"is_daily":false,"chose_seed":false,"campfire_upgraded":7,"win_rate":0,"timestamp":1562829943,"path_taken":["M","M","$","?","?","R","E","?","T","E","R","?","M","?","R","BOSS","M","?","?","?","M","R","M","E","T","M","R","?","?","$","R","BOSS","M","M","M","M","?","E","R","M","T","?","M","E","?","?","R","BOSS","BOSS","R","$","E","BOSS"],"build_version":"2019-07-05","purchased_purges":4,"victory":true,"max_hp_per_floor":[75,75,75,75,75,75,85,85,85,85,85,85,85,85,85,85,85,85,85,85,85,85,85,85,85,85,85,85,90,90,90,90,90,90,90,90,90,90,90,90,90,92,92,94,96,96,96,91,91,91,91,91,91,91,91,91],"card_choices":[{"not_picked":["Sever Soul","Reckless Charge"],"picked":"Twin Strike","floor":1},{"not_picked":["True Grit","Rupture","Heavy Blade"],"picked":"SKIP","floor":2},{"not_picked":["Warcry","Twin Strike","Havoc"],"picked":"SKIP","floor":7},{"not_picked":["Rampage","Perfected Strike","Entrench"],"picked":"SKIP","floor":10},{"not_picked":["Clothesline","Havoc","Brutality"],"picked":"SKIP","floor":12},{"not_picked":["Twin Strike","Clothesline"],"picked":"Cleave","floor":13},{"not_picked":["Exhume","Berserk"],"picked":"Impervious","floor":16},{"not_picked":["Hemokinesis","Clash"],"picked":"Pommel Strike","floor":18},{"not_picked":["Rupture","Armaments"],"picked":"Warcry+1","floor":22},{"not_picked":["Twin Strike+1","Cleave","Blood for Blood"],"picked":"SKIP","floor":24},{"not_picked":["Feed","Dropkick+1"],"picked":"True Grit","floor":25},{"not_picked":["Sword Boomerang","Ghostly Armor"],"picked":"Pommel Strike","floor":27},{"not_picked":["Flex","Pommel Strike","Clothesline"],"picked":"SKIP","floor":30},{"not_picked":["Bludgeon","Limit Break"],"picked":"Demon Form","floor":33},{"not_picked":["Inflame","Metallicize"],"picked":"Shrug It Off","floor":35},{"not_picked":["Infernal Blade","Uppercut"],"picked":"True Grit","floor":36},{"not_picked":["Combust+1","Body Slam","Perfected Strike"],"picked":"SKIP","floor":37},{"not_picked":["Fire Breathing","Wild Strike","Twin Strike"],"picked":"SKIP","floor":38},{"not_picked":["Armaments","Carnage"],"picked":"Fiend Fire","floor":40},{"not_picked":["Havoc","Combust+1","Pommel Strike"],"picked":"Singing Bowl","floor":42},{"not_picked":["Body Slam","Thunderclap+1","Clash"],"picked":"Singing Bowl","floor":44},{"not_picked":["Shrug It Off","Cleave","Rampage+1"],"picked":"Singing Bowl","floor":45},{"not_picked":["Cleave+1","Pummel"],"picked":"Burning Pact","floor":46},{"not_picked":["Berserk","Anger"],"picked":"Seeing Red","floor":55}],"player_experience":969964,"relics_obtained":[{"floor":7,"key":"Pear"},{"floor":8,"key":"Bag of Marbles"},{"floor":9,"key":"Meat on the Bone"},{"floor":10,"key":"Bag of Preparation"},{"floor":20,"key":"Kunai"},{"floor":25,"key":"FossilizedHelix"},{"floor":26,"key":"Vajra"},{"floor":39,"key":"Singing Bowl"},{"floor":40,"key":"Omamori"},{"floor":46,"key":"Smiling Mask"},{"floor":55,"key":"Whetstone"}],"event_choices":[{"damage_healed":0,"gold_gain":0,"player_choice":"Entered Light","damage_taken":23,"max_hp_gain":0,"max_hp_loss":0,"event_name":"Shining Light","floor":4,"gold_loss":0,"cards_upgraded":["Twin Strike","Strike_R"]},{"damage_healed":0,"gold_gain":0,"player_choice":"Ignored","damage_taken":0,"max_hp_gain":0,"max_hp_loss":0,"event_name":"Liars Game","floor":5,"gold_loss":0},{"damage_healed":0,"gold_gain":0,"player_choice":"Read","damage_taken":0,"max_hp_gain":0,"max_hp_loss":0,"event_name":"The Library","floor":19,"gold_loss":0,"cards_obtained":["Power Through"]},{"damage_healed":0,"gold_gain":0,"player_choice":"Shed Blood","damage_taken":30,"max_hp_gain":5,"max_hp_loss":0,"event_name":"Forgotten Altar","floor":29,"gold_loss":0},{"damage_healed":0,"gold_gain":0,"player_choice":"Relic","damage_taken":0,"max_hp_gain":0,"max_hp_loss":0,"event_name":"Wheel of Change","floor":39,"gold_loss":0},{"damage_healed":0,"gold_gain":0,"player_choice":"Max HP","damage_taken":0,"max_hp_gain":0,"max_hp_loss":5,"event_name":"Winding Halls","floor":48,"gold_loss":0}],"is_beta":false,"boss_relics":[{"not_picked":["Black Star","Calling Bell"],"picked":"Mark of Pain"},{"not_picked":["Runic Pyramid","Black Blood"],"picked":"Runic Dome"}],"items_purged_floors":[14,21,47,54],"is_endless":false,"potions_floor_spawned":[1,7,24,25,30,35,38,44,46,55],"ascension_level":20}