{"path_per_floor":["M","?","T","M","M","R","M","M","T","M","T","M","R","$","R","B",null,"M","$","M","T","M"],"character_chosen":"THE_SILENT","items_purchased":["Snake Skull","Ancient Tea Set"],"gold_per_floor":[144,144,169,181,192,192,203,217,272,290,317,330,330,29,29,130,130,142,142,156,156,171,171],"floor_reached":23,"campfire_rested":1,"playtime":1517,"current_hp_per_floor":[70,70,70,70,70,70,70,59,59,58,58,50,70,70,70,37,70,43,43,41,41,24,0],"items_purged":[],"gold":171,"score":194,"play_id":"7fd3de5a-aec9-4cb9-ba7d-e4640e949612","local_time":"20180329014027","is_prod":false,"is_daily":false,"is_ascension_mode":true,"campfire_upgraded":2,"timestamp":1522280427,"path_taken":["M","?","?","M","M","R","?","?","T","M","?","M","R","?","R","BOSS","M","$","M","?","M","M"],"build_version":"2018-03-22v2","purchased_purges":0,"victory":false,"master_deck":["Defend_G","Defend_G","Defend_G","Defend_G","Defend_G","Strike_G+1","Strike_G+1","Strike_G","Strike_G","Strike_G","Survivor","Neutralize+1","Poisoned Stab+1","Deadly Poison+1","Bane"],"max_hp_per_floor":[70,70,70,70,70,70,70,70,70,70,70,70,70,70,70,70,70,70,70,70,70,70,70],"relics":["Calling Bell","Anchor","Tiny Chest","Centennial Puzzle","Regal Pillow","Juzu Bracelet","Whetstone","Snake Skull","Ancient Tea Set","Runic Dome","Blood Vial"],"card_choices":[{"not_picked":["Expertise","Infinite Blades"],"picked":"Poisoned Stab","floor":4},{"not_picked":["Leg Sweep","Prepared"],"picked":"Deadly Poison","floor":8},{"not_picked":["Calculated Gamble","Quick Slash"],"picked":"Bane","floor":18}],"player_experience":280580,"potions_floor_usage":[12,16,22,23],"damage_taken":[{"damage":0,"enemies":"Jaw Worm","floor":1,"turns":6},{"damage":0,"enemies":"2 Louse","floor":4,"turns":3},{"damage":0,"enemies":"Cultist","floor":5,"turns":4},{"damage":0,"enemies":"Blue Slaver","floor":7,"turns":4},{"damage":11,"enemies":"Exordium Thugs","floor":8,"turns":6},{"damage":1,"enemies":"Red Slaver","floor":10,"turns":3},{"damage":8,"enemies":"Exordium Wildlife","floor":12,"turns":3},{"damage":33,"enemies":"Hexaghost","floor":16,"turns":8},{"damage":27,"enemies":"Chosen","floor":18,"turns":4},{"damage":2,"enemies":"Shell Parasite","floor":20,"turns":5},{"damage":19,"enemies":"Centurion and Healer","floor":22,"turns":5},{"damage":29,"enemies":"Sentry and Sphere","floor":23,"turns":7}],"event_choices":[{"event_name":"Living Wall","player_choice":"Grow","floor":2,"damage_taken":0}],"boss_relics":[{"not_picked":["Philosopher\u0027s Stone","Ectoplasm"],"picked":"Runic Dome"}],"potions_floor_spawned":[1,5,8,10,22],"seed_played":"-1327935046263314726","killed_by":"Sentry and Sphere","ascension_level":1,"is_trial":false}