{"gold_per_floor":[117,134,149,149,149,149],"floor_reached":6,"playtime":309,"items_purged":[],"score":65,"play_id":"bc3214f1-903b-47b2-acc7-de654883979a","local_time":"20190515133825","is_ascension_mode":true,"campfire_choices":[],"neow_cost":"NONE","seed_source_timestamp":269627372450373,"circlet_count":0,"master_deck":["AscendersBane","Defend_G","Defend_G","Defend_G","Defend_G","Defend_G","Strike_G","Strike_G","Strike_G","Strike_G","Strike_G","Survivor","Neutralize","Dagger Spray","Flying Knee","Terror","PiercingWail","PiercingWail","Dagger Spray","Venomology","Footwork"],"relics":["Orrery","Torii"],"potions_floor_usage":[],"damage_taken":[{"damage":1,"enemies":"2 Louse","floor":1,"turns":4},{"damage":1,"enemies":"Small Slimes","floor":2,"turns":3},{"damage":4,"enemies":"Cultist","floor":3,"turns":4},{"damage":22,"enemies":"Gremlin Nob","floor":6,"turns":4}],"seed_played":"-2061201715412595764","potions_obtained":[{"floor":2,"key":"Ancient Potion"}],"is_trial":false,"path_per_floor":["M","M","M","?","?","E"],"character_chosen":"THE_SILENT","items_purchased":[],"campfire_rested":0,"item_purchase_floors":[],"current_hp_per_floor":[58,57,53,27,27,5],"gold":149,"neow_bonus":"BOSS_RELIC","is_prod":false,"is_daily":false,"chose_seed":false,"campfire_upgraded":0,"win_rate":0,"timestamp":1557920305,"path_taken":["M","M","M","?","?","E"],"build_version":"2019-01-23","purchased_purges":0,"victory":false,"max_hp_per_floor":[66,66,66,66,66,66],"card_choices":[{"not_picked":["PiercingWail","Backflip"],"picked":"Dagger Spray","floor":0},{"not_picked":["Concentrate","Dagger Throw"],"picked":"Flying Knee","floor":0},{"not_picked":["Outmaneuver","Slice"],"picked":"Terror","floor":0},{"not_picked":["Venomology","Bouncing Flask"],"picked":"PiercingWail","floor":0},{"not_picked":["Bane","Deflect"],"picked":"PiercingWail","floor":0},{"not_picked":["Sucker Punch","PiercingWail"],"picked":"Dagger Spray","floor":1},{"not_picked":["Dagger Spray","Catalyst"],"picked":"Venomology","floor":2},{"not_picked":["Quick Slash","Poisoned Stab"],"picked":"Footwork","floor":3}],"player_experience":893988,"relics_obtained":[],"event_choices":[{"damage_healed":0,"gold_gain":0,"player_choice":"Success","damage_taken":26,"relics_obtained":["Torii"],"max_hp_gain":0,"max_hp_loss":0,"event_name":"Scrap Ooze","floor":4,"gold_loss":0},{"damage_healed":0,"gold_gain":0,"player_choice":"Ignored","damage_taken":0,"max_hp_gain":0,"max_hp_loss":0,"event_name":"Liars Game","floor":5,"gold_loss":0}],"is_beta":false,"boss_relics":[],"items_purged_floors":[],"is_endless":false,"potions_floor_spawned":[2],"killed_by":"Gremlin Nob","ascension_level":16}