{"gold_per_floor":[15,31,49,49,63,63,80,113,113,113,125,145,145,204,204,204],"floor_reached":16,"playtime":717,"items_purged":[],"score":208,"play_id":"6b3c8b25-be2d-4a55-a743-9a7e05ed036a","local_time":"20190726185342","is_ascension_mode":true,"campfire_choices":[{"data":"Flechettes","floor":6,"key":"SMITH"},{"data":"Neutralize","floor":13,"key":"SMITH"},{"data":"Reflex","floor":15,"key":"SMITH"}],"neow_cost":"NO_GOLD","seed_source_timestamp":616971235800500,"circlet_count":0,"master_deck":["AscendersBane","Strike_G","Strike_G","Strike_G","Strike_G","Defend_G","Defend_G","Defend_G","Defend_G","Defend_G","Survivor","Neutralize+1","Adrenaline","Flechettes+1","Backstab","Finisher","Tactician","Well Laid Plans","Grand Finale","Prepared","Reflex+1"],"relics":["Ring of the Snake","Meat on the Bone","Vajra","Omamori"],"potions_floor_usage":[8,16],"damage_taken":[{"damage":1,"enemies":"Small Slimes","floor":1,"turns":4},{"damage":12,"enemies":"Jaw Worm","floor":2,"turns":6},{"damage":0,"enemies":"Cultist","floor":3,"turns":2},{"damage":15,"enemies":"Exordium Thugs","floor":5,"turns":6},{"damage":0,"enemies":"Red Slaver","floor":7,"turns":1},{"damage":15,"enemies":"Lagavulin","floor":8,"turns":5},{"damage":0,"enemies":"Blue Slaver","floor":11,"turns":2},{"damage":5,"enemies":"Large Slime","floor":12,"turns":3},{"damage":30,"enemies":"Gremlin Nob","floor":14,"turns":4},{"damage":25,"enemies":"Hexaghost","floor":16,"turns":9}],"seed_played":"-6706004467607818519","potions_obtained":[{"floor":1,"key":"Strength Potion"},{"floor":5,"key":"SpeedPotion"},{"floor":8,"key":"Energy Potion"},{"floor":14,"key":"Dexterity Potion"}],"is_trial":false,"path_per_floor":["M","M","M","?","M","R","M","E","T","?","M","M","R","?","R","B"],"character_chosen":"THE_SILENT","items_purchased":[],"campfire_rested":0,"item_purchase_floors":[],"current_hp_per_floor":[58,46,46,46,31,31,31,16,16,21,33,40,40,22,22,0],"gold":204,"neow_bonus":"THREE_RARE_CARDS","is_prod":false,"is_daily":false,"chose_seed":false,"campfire_upgraded":3,"win_rate":0,"timestamp":1564134822,"path_taken":["M","M","M","?","M","R","M","E","T","?","M","?","R","?","R","BOSS"],"build_version":"2019-07-17","purchased_purges":0,"victory":false,"max_hp_per_floor":[66,66,66,66,66,66,66,66,66,71,71,71,71,71,71,71],"card_choices":[{"not_picked":["Storm of Steel","Burst"],"picked":"Adrenaline","floor":0},{"not_picked":["Acrobatics","Dodge and Roll"],"picked":"Flechettes","floor":1},{"not_picked":["Outmaneuver","Prepared","Flying Knee"],"picked":"SKIP","floor":2},{"not_picked":["Flying Knee","Underhanded Strike"],"picked":"Backstab","floor":3},{"not_picked":["Dagger Throw","Dodge and Roll"],"picked":"Tactician","floor":5},{"not_picked":["Backflip","Endless Agony"],"picked":"Well Laid Plans","floor":7},{"not_picked":["All Out Attack","Prepared"],"picked":"Grand Finale","floor":8},{"not_picked":["Concentrate","Leg Sweep"],"picked":"Prepared","floor":11},{"not_picked":["Masterful Stab","Flying Knee","Slice"],"picked":"SKIP","floor":12},{"not_picked":["Sucker Punch","Eviscerate"],"picked":"Reflex","floor":14}],"player_experience":1227095,"relics_obtained":[{"floor":8,"key":"Meat on the Bone"},{"floor":9,"key":"Vajra"},{"floor":14,"key":"Omamori"}],"event_choices":[{"damage_healed":0,"gold_gain":0,"cards_transformed":["Strike_G"],"player_choice":"Change","damage_taken":0,"max_hp_gain":0,"max_hp_loss":0,"event_name":"Living Wall","floor":4,"gold_loss":0,"cards_obtained":["Finisher"]},{"damage_healed":0,"gold_gain":0,"player_choice":"Donut","damage_taken":0,"max_hp_gain":5,"max_hp_loss":0,"event_name":"Big Fish","floor":10,"gold_loss":0},{"damage_healed":0,"gold_gain":0,"player_choice":"Searched \u00272\u0027 times","damage_taken":0,"max_hp_gain":0,"max_hp_loss":0,"event_name":"Dead Adventurer","floor":14,"gold_loss":0}],"is_beta":false,"boss_relics":[],"items_purged_floors":[],"is_endless":false,"potions_floor_spawned":[1,5,8,12,14],"killed_by":"Hexaghost","ascension_level":20}