{"gold_per_floor":[114,114,79,25,51,96,108,143,155,167,213,225,237,21,21,97,147,123,123,25,25,44,44,56,56,127,127,152,7,341,356,356,427,427,447,447,458,408,422,422,457,477,477,477,493,520,520,520,520,520,520,520,520,11,45,45],"floor_reached":57,"playtime":2739,"items_purged":["Strike_B","Defend_B"],"score":2925,"play_id":"48e36ab7-0de8-425e-abda-0ef5cb36db5f","local_time":"20190626143013","is_ascension_mode":true,"campfire_choices":[{"floor":7.0,"key":"REST"},{"data":"Barrage","floor":10.0,"key":"SMITH"},{"data":"Consume","floor":15.0,"key":"SMITH"},{"data":"Creative AI","floor":23.0,"key":"SMITH"},{"data":"Buffer","floor":25.0,"key":"SMITH"},{"data":"Chill","floor":27.0,"key":"SMITH"},{"data":"Loop","floor":32.0,"key":"SMITH"},{"data":"Defragment","floor":40.0,"key":"SMITH"},{"floor":44.0,"key":"REST"},{"floor":49.0,"key":"RECALL"},{"data":"Capacitor","floor":53.0,"key":"SMITH"}],"neow_cost":"TEN_PERCENT_HP_LOSS","seed_source_timestamp":346115199304100,"circlet_count":0,"master_deck":["AscendersBane","Strike_B+1","Defend_B+1","Zap","Dualcast+1","BootSequence","Self Repair","Glacier+1","Cold Snap","Barrage+1","Rip and Tear","Consume+1","Capacitor+1","Creative AI+1","Chill+1","Double Energy","Scrape","Buffer+1","White Noise+1","Coolheaded+1","Defragment+1","Defragment+1","Loop+1","Turbo","Coolheaded","Multi-Cast","Finesse","Purity","White Noise","Defragment","Chill","Discovery","Reboot","Hologram"],"special_seed":0,"relics":["Cracked Core","MawBank","Bag of Preparation","Odd Mushroom","Art of War","The Courier","Oddly Smooth Stone","Membership Card","Nloth\u0027s Gift","Omamori","Symbiotic Virus","Old Coin","Busted Crown","War Paint","Question Card","Ginger","Singing Bowl","Dead Branch","Medical Kit","Lantern","Bronze Scales","Strawberry"],"potions_floor_usage":[56],"damage_taken":[{"damage":0.0,"enemies":"Jaw Worm","floor":1.0,"turns":3.0},{"damage":51.0,"enemies":"Gremlin Nob","floor":6.0,"turns":5.0},{"damage":5.0,"enemies":"The Mushroom Lair","floor":8.0,"turns":6.0},{"damage":16.0,"enemies":"Lagavulin","floor":11.0,"turns":9.0},{"damage":14.0,"enemies":"Hexaghost","floor":16.0,"turns":10.0},{"damage":5.0,"enemies":"2 Thieves","floor":18.0,"turns":4.0},{"damage":3.0,"enemies":"Spheric Guardian","floor":22.0,"turns":7.0},{"damage":4.0,"enemies":"Shelled Parasite and Fungi","floor":24.0,"turns":7.0},{"damage":42.0,"enemies":"Book of Stabbing","floor":28.0,"turns":7.0},{"damage":0.0,"enemies":"Slavers","floor":30.0,"turns":8.0},{"damage":0.0,"enemies":"Sentry and Sphere","floor":31.0,"turns":6.0},{"damage":0.0,"enemies":"Champ","floor":33.0,"turns":9.0},{"damage":0.0,"enemies":"Orb Walker","floor":35.0,"turns":4.0},{"damage":0.0,"enemies":"3 Shapes","floor":37.0,"turns":6.0},{"damage":0.0,"enemies":"Sphere and 2 Shapes","floor":39.0,"turns":6.0},{"damage":25.0,"enemies":"Reptomancer","floor":41.0,"turns":8.0},{"damage":33.0,"enemies":"4 Shapes","floor":42.0,"turns":4.0},{"damage":0.0,"enemies":"Maw","floor":45.0,"turns":8.0},{"damage":0.0,"enemies":"Nemesis","floor":46.0,"turns":3.0},{"damage":21.0,"enemies":"Time Eater","floor":50.0,"turns":15.0},{"damage":16.0,"enemies":"Donu and Deca","floor":51.0,"turns":11.0},{"damage":5.0,"enemies":"Shield and Spear","floor":55.0,"turns":12.0},{"damage":68,"enemies":"The Heart","floor":56,"turns":12}],"seed_played":"1983278925832527548","potions_obtained":[{"floor":11.0,"key":"LiquidBronze"},{"floor":16.0,"key":"SteroidPotion"},{"floor":17.0,"key":"Block Potion"},{"floor":24.0,"key":"Fire Potion"},{"floor":35.0,"key":"Block Potion"},{"floor":39.0,"key":"FocusPotion"},{"floor":42.0,"key":"Energy Potion"}],"is_trial":false,"path_per_floor":["M","?","?","$","T","E","R","?","T","R","E","$","?","$","R","B",null,"M","?","$","?","M","R","M","R","T","R","E","$","E","M","R","B",null,"M","?","M","?","M","R","E","M","T","R","M","E","?","T","R","B","B",null,"R","$","E","B",null],"character_chosen":"DEFECT","items_purchased":["Cold Snap","Membership Card","Capacitor","Omamori","Double Energy","Defragment","Defragment","Loop","Dead Branch","Medical Kit","Lantern","Bronze Scales","Defragment","Chill","Discovery","Reboot","Hologram"],"campfire_rested":2,"item_purchase_floors":[4,14,14,20,20,29,29,29,54,54,54,54,54,54,54,54,54],"current_hp_per_floor":[64,45,61,61,61,17,36,38,38,38,29,29,18,18,18,11,56,58,58,58,58,62,62,65,65,65,65,30,30,37,44,44,51,65,69,59,66,66,69,69,51,25,25,45,59,59,59,59,59,45,43,63,63,63,74,13],"gold":45,"neow_bonus":"TRANSFORM_TWO_CARDS","is_prod":false,"is_daily":false,"chose_seed":false,"campfire_upgraded":8,"win_rate":0,"timestamp":1561527013,"path_taken":["M","?","?","$","?","E","R","?","T","R","E","?","?","$","R","BOSS","M","?","?","?","?","R","M","R","T","R","E","$","E","?","R","BOSS","M","?","M","?","M","R","E","?","T","R","M","E","?","?","R","BOSS","BOSS","R","$","E","BOSS"],"build_version":"2019-01-23","purchased_purges":2,"victory":true,"max_hp_per_floor":[64,64,64,64,64,64,64,64,64,64,64,64,64,64,64,64,69,69,69,69,69,69,69,69,69,69,69,69,69,69,69,69,69,69,69,69,69,69,69,69,69,69,69,69,69,69,69,69,69,69,69,69,69,69,78,78],"card_choices":[{"not_picked":["Leap","Rebound"],"picked":"Glacier","floor":1.0},{"not_picked":["Leap","Cold Snap"],"picked":"Barrage","floor":6.0},{"not_picked":["Conserve Battery","BootSequence"],"picked":"Rip and Tear","floor":8.0},{"not_picked":["Stack","Steam"],"picked":"Consume","floor":11.0},{"not_picked":["Buffer","Hyperbeam"],"picked":"Creative AI","floor":16.0},{"not_picked":["Force Field","Sweeping Beam"],"picked":"Chill","floor":17.0},{"not_picked":["Conserve Battery","Gash","Redo"],"picked":"SKIP","floor":18.0},{"not_picked":["Go for the Eyes","Lockon"],"picked":"White Noise","floor":22.0},{"not_picked":["Hologram","Doom and Gloom"],"picked":"Coolheaded","floor":24.0},{"not_picked":["All For One","Leap","Gash"],"picked":"SKIP","floor":28.0},{"not_picked":["All For One","Leap","Gash"],"picked":"SKIP","floor":28.0},{"not_picked":["Stack","Barrage"],"picked":"Turbo","floor":30.0},{"not_picked":["Multi-Cast","Chaos"],"picked":"Coolheaded","floor":31.0},{"not_picked":["Buffer","All For One"],"picked":"Multi-Cast","floor":33.0},{"not_picked":["Sweeping Beam"],"picked":"SKIP","floor":35.0},{"not_picked":[],"picked":"Finesse","floor":36.0},{"not_picked":[],"picked":"Purity","floor":36.0},{"not_picked":["Turbo+1"],"picked":"SKIP","floor":37.0},{"not_picked":["Compile Driver"],"picked":"SKIP","floor":39.0},{"not_picked":["Compile Driver"],"picked":"SKIP","floor":39.0},{"not_picked":["Rebound"],"picked":"SKIP","floor":41.0},{"not_picked":[],"picked":"White Noise","floor":42.0},{"not_picked":["Fusion","Go for the Eyes+1"],"picked":"SKIP","floor":45.0},{"not_picked":["Double Energy","Thunder Strike"],"picked":"SKIP","floor":46.0},{"not_picked":["Thunder Strike","Self Repair"],"picked":"Singing Bowl","floor":55.0}],"player_experience":806005,"relics_obtained":[{"floor":5.0,"key":"MawBank"},{"floor":6.0,"key":"Bag of Preparation"},{"floor":8.0,"key":"Odd Mushroom"},{"floor":9.0,"key":"Art of War"},{"floor":11.0,"key":"The Courier"},{"floor":28.0,"key":"Symbiotic Virus"},{"floor":30.0,"key":"Old Coin"},{"floor":41.0,"key":"War Paint"},{"floor":43.0,"key":"Question Card"},{"floor":46.0,"key":"Ginger"},{"floor":48.0,"key":"Singing Bowl"},{"floor":55.0,"key":"Strawberry"}],"event_choices":[{"damage_healed":0.0,"max_hp_gain":0.0,"max_hp_loss":0.0,"gold_gain":0.0,"event_name":"Shining Light","player_choice":"Entered Light","floor":2.0,"gold_loss":0.0,"damage_taken":19.0,"cards_upgraded":["Strike_B","Dualcast"]},{"damage_healed":16.0,"max_hp_gain":0.0,"max_hp_loss":0.0,"gold_gain":0.0,"event_name":"The Cleric","player_choice":"Healed","floor":3.0,"gold_loss":35.0,"damage_taken":0.0},{"damage_healed":0.0,"max_hp_gain":0.0,"max_hp_loss":0.0,"gold_gain":0.0,"event_name":"Mushrooms","player_choice":"Fought Mushrooms","floor":8.0,"gold_loss":0.0,"damage_taken":0.0},{"damage_healed":0.0,"max_hp_gain":0.0,"max_hp_loss":0.0,"gold_gain":0.0,"event_name":"Scrap Ooze","player_choice":"Success","floor":13.0,"gold_loss":0.0,"damage_taken":11.0,"relics_obtained":["Oddly Smooth Stone"]},{"damage_healed":0.0,"max_hp_gain":0.0,"max_hp_loss":0.0,"gold_gain":0.0,"event_name":"N\u0027loth","player_choice":"Traded Relic","floor":19.0,"relics_lost":["Tiny House"],"gold_loss":0.0,"damage_taken":0.0,"relics_obtained":["Nloth\u0027s Gift"]},{"damage_healed":0.0,"max_hp_gain":0.0,"max_hp_loss":0.0,"gold_gain":0.0,"cards_transformed":["Defend_B","Strike_B"],"event_name":"Drug Dealer","player_choice":"Became Test Subject","floor":21.0,"gold_loss":0.0,"damage_taken":0.0,"cards_obtained":["Scrape","Buffer"]},{"damage_healed":0.0,"max_hp_gain":0.0,"max_hp_loss":0.0,"gold_gain":0.0,"event_name":"SensoryStone","player_choice":"Memory 3","floor":36.0,"gold_loss":0.0,"damage_taken":10.0},{"damage_healed":0.0,"max_hp_gain":0.0,"max_hp_loss":0.0,"gold_gain":0.0,"event_name":"Designer","player_choice":"Upgraded Two","floor":38.0,"gold_loss":50.0,"damage_taken":0.0,"cards_upgraded":["White Noise","Defragment"]},{"damage_healed":0.0,"max_hp_gain":0.0,"max_hp_loss":0.0,"gold_gain":0.0,"event_name":"Mysterious Sphere","player_choice":"Ignored","floor":47.0,"gold_loss":0.0,"damage_taken":0.0}],"is_beta":false,"boss_relics":[{"not_picked":["Lizard Tail","Eternal Feather"],"picked":"Tiny House"},{"not_picked":["Velvet Choker","Pandora\u0027s Box"],"picked":"Busted Crown"}],"items_purged_floors":[14,29],"is_endless":false,"potions_floor_spawned":[11,16,18,24,35,39,42],"ascension_level":20}