{"gold_per_floor":[117,42,42,42,66,66,66,66,92,167,167,0,31,51,51,51],"floor_reached":16,"playtime":248,"items_purged":[],"score":242,"play_id":"9cdebade-a0a5-4bfe-ba79-fba5c185e463","local_time":"20190612222532","is_ascension_mode":true,"campfire_choices":[{"data":"Whirlwind","floor":6,"key":"SMITH"},{"data":"Bludgeon","floor":8,"key":"SMITH"},{"data":"Disarm","floor":15,"key":"SMITH"}],"neow_cost":"NONE","seed_source_timestamp":376709880319200,"circlet_count":0,"master_deck":["AscendersBane","Bash","Body Slam","Offering","Bludgeon+1","Feel No Pain","Whirlwind+1","Entrench","Rage","Disarm+1","Intimidate"],"relics":["Pandora\u0027s Box","Golden Idol","Juzu Bracelet","Potion Belt","Ancient Tea Set"],"potions_floor_usage":[16],"damage_taken":[{"damage":6,"enemies":"Cultist","floor":1,"turns":2},{"damage":8,"enemies":"2 Louse","floor":5,"turns":2},{"damage":6,"enemies":"Lagavulin","floor":13,"turns":3},{"damage":9,"enemies":"Jaw Worm","floor":14,"turns":2},{"damage":13,"enemies":"Hexaghost","floor":16,"turns":7}],"seed_played":"7907896111067194541","potions_obtained":[{"floor":5,"key":"Weak Potion"}],"is_trial":false,"path_per_floor":["M","?","?","?","M","R","?","R","T","?","?","$","E","M","R","B"],"character_chosen":"IRONCLAD","items_purchased":["Potion Belt"],"campfire_rested":0,"item_purchase_floors":[12],"current_hp_per_floor":[62,62,62,62,54,54,54,54,54,43,36,36,30,21,21,8],"gold":51,"neow_bonus":"BOSS_RELIC","is_prod":false,"is_daily":false,"chose_seed":false,"campfire_upgraded":3,"win_rate":0,"timestamp":1560345932,"path_taken":["M","?","?","?","?","R","?","R","T","?","?","$","E","M","R","BOSS"],"build_version":"2019-01-23","purchased_purges":0,"victory":false,"max_hp_per_floor":[75,75,68,68,68,68,68,68,68,68,68,68,68,68,68,68],"card_choices":[{"not_picked":["Sword Boomerang","Inflame"],"picked":"Rage","floor":1},{"not_picked":["Thunderclap","Havoc","Reckless Charge"],"picked":"SKIP","floor":5},{"not_picked":["Clash","Sentinel"],"picked":"Disarm","floor":13},{"not_picked":["Perfected Strike","Bloodletting"],"picked":"Intimidate","floor":14}],"player_experience":624307,"relics_obtained":[{"floor":13,"key":"Ancient Tea Set"}],"event_choices":[{"cards_removed":["Perfected Strike"],"damage_healed":0,"gold_gain":0,"player_choice":"Card Removal","damage_taken":0,"max_hp_gain":0,"max_hp_loss":0,"event_name":"The Cleric","floor":2,"gold_loss":75},{"damage_healed":0,"gold_gain":0,"player_choice":"Lose Max HP","damage_taken":0,"relics_obtained":["Golden Idol"],"max_hp_gain":0,"max_hp_loss":7,"event_name":"Golden Idol","floor":3,"gold_loss":0},{"damage_healed":0,"gold_gain":0,"player_choice":"Ignored","damage_taken":0,"max_hp_gain":0,"max_hp_loss":0,"event_name":"Liars Game","floor":4,"gold_loss":0},{"cards_removed":["Thunderclap"],"damage_healed":0,"gold_gain":0,"player_choice":"Gave Card","damage_taken":0,"relics_obtained":["Juzu Bracelet"],"max_hp_gain":0,"max_hp_loss":0,"event_name":"WeMeetAgain","floor":7,"gold_loss":0},{"damage_healed":0,"gold_gain":75,"player_choice":"Gather Gold","damage_taken":11,"max_hp_gain":0,"max_hp_loss":0,"event_name":"World of Goop","floor":10,"gold_loss":0},{"cards_removed":["Clash"],"damage_healed":0,"gold_gain":0,"player_choice":"Card Removal","damage_taken":7,"max_hp_gain":0,"max_hp_loss":0,"event_name":"Golden Wing","floor":11,"gold_loss":0}],"is_beta":false,"boss_relics":[],"items_purged_floors":[],"is_endless":false,"potions_floor_spawned":[5],"killed_by":"Hexaghost","ascension_level":20}