{"gold_per_floor":[115,132,207,207,207,237,237,263,317,317,352,195,225,237,20,20,123,123,134,49,49,49,49,49,68,103,127,127,141,160,520,520,520,520,616,616,636,636,1635,868,868,868,885,904,904,904,904,933,952,952,447,447,447,447,447,109,140,140],"floor_reached":59,"playtime":2680,"items_purged":["Perfected Strike","Normality","Normality","Hemokinesis"],"score":1704,"play_id":"00540ab6-6bf2-4ffd-9694-d79bc35c821a","local_time":"20190628031948","is_ascension_mode":true,"campfire_choices":[{"floor":7,"key":"REST"},{"floor":16,"key":"REST"},{"floor":24,"key":"REST"},{"floor":32,"key":"REST"},{"floor":34,"key":"REST"},{"floor":42,"key":"REST"},{"floor":50,"key":"REST"},{"floor":52,"key":"RECALL"},{"floor":55,"key":"REST"}],"neow_cost":"NONE","seed_source_timestamp":0,"circlet_count":0,"master_deck":["Cleave","Dual Wield","Entrench","Shrug It Off","Shrug It Off","Body Slam","Shrug It Off","Reaper","Impervious","Corruption","Sword Boomerang","Anger","Burning Pact","Armaments","Combust","Flame Barrier","Uppercut","Perfected Strike","Perfected Strike+1","Perfected Strike","Perfected Strike+1","Cleave+1","Havoc+1","Infernal Blade+1","Havoc+1","Feel No Pain","Barricade","Entrench","Fiend Fire","Jack Of All Trades","Havoc+1","Cleave","Searing Blow+1","Power Through","Evolve","Master of Strategy","Bludgeon"],"special_seed":0,"relics":["Fusion Hammer","Blood Vial","Happy Flower","Dodecahedron","Ancient Tea Set","Bag of Preparation","Philosopher\u0027s Stone","Kunai","Self Forming Clay","Anchor","Orrery","Lantern","Centennial Puzzle","Paper Frog","Bottled Tornado","Pantograph"],"potions_floor_usage":[5,8,11,33,35,49,58,58,58,58,58,58],"damage_taken":[{"damage":0.0,"enemies":"Jaw Worm","floor":1.0,"turns":1.0},{"damage":0.0,"enemies":"2 Louse","floor":2.0,"turns":2.0},{"damage":0,"enemies":"Gremlin Nob","floor":6,"turns":2},{"damage":42,"enemies":"Lagavulin","floor":8,"turns":8},{"damage":10,"enemies":"Gremlin Nob","floor":11,"turns":4},{"damage":0,"enemies":"Lagavulin","floor":13,"turns":5},{"damage":0,"enemies":"Cultist","floor":14,"turns":4},{"damage":12,"enemies":"Hexaghost","floor":17,"turns":6},{"damage":0,"enemies":"2 Thieves","floor":19,"turns":3},{"damage":0,"enemies":"Spheric Guardian","floor":25,"turns":1},{"damage":50,"enemies":"Gremlin Leader","floor":26,"turns":3},{"damage":0,"enemies":"Chosen and Byrds","floor":29,"turns":4},{"damage":0,"enemies":"Snake Plant","floor":30,"turns":3},{"damage":0,"enemies":"Sentry and Sphere","floor":33,"turns":1},{"damage":54,"enemies":"Collector","floor":35,"turns":8},{"damage":3,"enemies":"Orb Walker","floor":37,"turns":3},{"damage":0,"enemies":"3 Shapes","floor":43,"turns":4},{"damage":1,"enemies":"Spire Growth","floor":44,"turns":5},{"damage":29,"enemies":"Reptomancer","floor":48,"turns":5},{"damage":1,"enemies":"Writhing Mass","floor":49,"turns":3},{"damage":18,"enemies":"Time Eater","floor":53,"turns":13},{"damage":20,"enemies":"Shield and Spear","floor":57,"turns":5},{"damage":54,"enemies":"The Heart","floor":58,"turns":13}],"seed_played":"-3953411523153882011","potions_obtained":[{"floor":1.0,"key":"Weak Potion"},{"floor":5,"key":"PowerPotion"},{"floor":5,"key":"Fruit Juice"},{"floor":5,"key":"SmokeBomb"},{"floor":11,"key":"LiquidBronze"},{"floor":14,"key":"Strength Potion"},{"floor":29,"key":"Dexterity Potion"},{"floor":43,"key":"Fire Potion"}],"is_trial":false,"path_per_floor":["M","M","?","?","?","E","R","E","T","T","E","$","E","M","$","R","B",null,"M","?","?","?","$","R","M","E","T","T","M","M","?","R","M","R","B",null,"M","?","?","$","?","R","M","M","T","T","?","E","M","R","$","R","B",null,"R","$","E","B",null],"character_chosen":"IRONCLAD","items_purchased":["Burning Pact","Armaments","Bag of Preparation","Flame Barrier","Barricade","Entrench","Lantern","Centennial Puzzle","PowerPotion","Fiend Fire","Bottled Tornado","Evolve","EntropicBrew","Master of Strategy"],"campfire_rested":8,"item_purchase_floors":[12,12,15,15,40,40,40,40,40,40,51,51,51,56],"current_hp_per_floor":[72,80,69,69,74,74,85,43,43,43,39,39,45,51,51,76,70,81,85,85,85,69,69,90,90,40,40,40,48,50,5,32,42,69,35,76,79,79,79,79,79,90,90,89,89,89,89,61,62,89,89,89,72,86,90,90,73,51],"gold":140,"neow_bonus":"BOSS_RELIC","is_prod":false,"is_daily":false,"chose_seed":false,"campfire_upgraded":0,"win_rate":0,"timestamp":1561659588,"path_taken":["M","M","?","?","?","E","R","E","T","E","$","E","?","$","R","BOSS","M","?","?","?","?","R","M","E","T","M","?","?","R","?","R","BOSS","M","?","?","$","?","R","M","M","T","?","E","M","R","$","R","BOSS","R","$","E","BOSS"],"build_version":"2019-01-23","purchased_purges":4,"victory":true,"max_hp_per_floor":[80,80,80,80,85,85,85,85,85,85,85,85,85,85,85,85,85,85,85,85,85,90,90,90,90,90,90,90,90,90,90,90,90,90,90,90,90,90,90,90,90,90,90,90,90,90,90,90,90,90,90,90,90,90,90,90,90,90],"card_choices":[{"not_picked":["Whirlwind","Flame Barrier"],"picked":"Sword Boomerang","floor":1.0},{"not_picked":["Clash","Armaments"],"picked":"Perfected Strike","floor":2},{"not_picked":["Infernal Blade","Second Wind"],"picked":"Anger","floor":6},{"not_picked":["Dropkick","Reckless Charge"],"picked":"Body Slam","floor":11},{"not_picked":["Corruption","Limit Break"],"picked":"Hemokinesis","floor":13},{"not_picked":["Inflame","Flex"],"picked":"Combust","floor":14},{"not_picked":["Armaments","Flex"],"picked":"Uppercut","floor":19},{"not_picked":["Flex","Wild Strike"],"picked":"Perfected Strike","floor":25},{"not_picked":["Feel No Pain","Sentinel"],"picked":"Perfected Strike+1","floor":26},{"not_picked":["Clothesline","Uppercut"],"picked":"Perfected Strike","floor":30},{"not_picked":["Dual Wield","True Grit"],"picked":"Perfected Strike+1","floor":36},{"not_picked":["True Grit+1","Ghostly Armor+1"],"picked":"Cleave+1","floor":36},{"not_picked":["Flame Barrier","Entrench"],"picked":"Havoc+1","floor":36},{"not_picked":["Clothesline","Ghostly Armor"],"picked":"Infernal Blade+1","floor":36},{"not_picked":["Iron Wave","Headbutt"],"picked":"Havoc+1","floor":36},{"not_picked":["Double Tap","Clothesline"],"picked":"Feel No Pain","floor":37},{"not_picked":["Finesse","Discovery"],"picked":"Jack Of All Trades","floor":41},{"not_picked":["Wild Strike","Rage"],"picked":"Havoc+1","floor":43},{"not_picked":["Clothesline+1","Battle Trance"],"picked":"Cleave","floor":44},{"not_picked":["True Grit+1","Inflame"],"picked":"Searing Blow+1","floor":48},{"not_picked":["Whirlwind+1","True Grit+1"],"picked":"Power Through","floor":49},{"not_picked":["Pommel Strike+1","Disarm+1"],"picked":"Bludgeon","floor":57}],"player_experience":859384,"relics_obtained":[{"floor":6,"key":"Blood Vial"},{"floor":9,"key":"Happy Flower"},{"floor":11,"key":"Dodecahedron"},{"floor":13,"key":"Ancient Tea Set"},{"floor":26,"key":"Self Forming Clay"},{"floor":27,"key":"Anchor"},{"floor":48,"key":"Paper Frog"},{"floor":57,"key":"Pantograph"}],"event_choices":[{"damage_healed":0,"gold_gain":75,"player_choice":"Gather Gold","damage_taken":11,"max_hp_gain":0,"max_hp_loss":0,"event_name":"World of Goop","floor":3,"gold_loss":0},{"damage_healed":0,"gold_gain":0,"player_choice":"Ignored","damage_taken":0,"max_hp_gain":0,"max_hp_loss":0,"event_name":"Liars Game","floor":4,"gold_loss":0},{"damage_healed":0,"gold_gain":0,"player_choice":"Got Potions","damage_taken":0,"max_hp_gain":0,"max_hp_loss":0,"event_name":"Lab","floor":5,"gold_loss":0},{"damage_healed":0,"gold_gain":0,"player_choice":"Obtained Relic","damage_taken":0,"relics_obtained":["Kunai"],"max_hp_gain":0,"max_hp_loss":0,"event_name":"Addict","floor":20,"gold_loss":85},{"damage_healed":0,"gold_gain":0,"player_choice":"Ignored","damage_taken":0,"max_hp_gain":0,"max_hp_loss":0,"event_name":"Ghosts","floor":21,"gold_loss":0},{"damage_healed":0,"gold_gain":0,"player_choice":"Shed Blood","damage_taken":21,"max_hp_gain":5,"max_hp_loss":0,"event_name":"Forgotten Altar","floor":22,"gold_loss":0},{"damage_healed":0,"gold_gain":360,"player_choice":"GOLD GOLD GOLD GOLD ","damage_taken":45,"max_hp_gain":0,"max_hp_loss":0,"event_name":"Knowing Skull","floor":31,"potions_obtained":[],"gold_loss":0,"cards_obtained":[]},{"cards_removed":["Body Slam"],"damage_healed":0,"gold_gain":0,"player_choice":"Removed Attack","damage_taken":0,"max_hp_gain":0,"max_hp_loss":0,"event_name":"Falling","floor":38,"gold_loss":0},{"damage_healed":0,"gold_gain":999,"player_choice":"Gold","damage_taken":0,"max_hp_gain":0,"max_hp_loss":0,"event_name":"MindBloom","floor":39,"gold_loss":0,"cards_obtained":["Normality","Normality"]},{"damage_healed":0,"gold_gain":0,"player_choice":"Memory 1","damage_taken":0,"max_hp_gain":0,"max_hp_loss":0,"event_name":"SensoryStone","floor":41,"gold_loss":0},{"damage_healed":0,"gold_gain":0,"player_choice":"Ignored","damage_taken":0,"max_hp_gain":0,"max_hp_loss":0,"event_name":"Mysterious Sphere","floor":47,"gold_loss":0}],"is_beta":false,"boss_relics":[{"not_picked":["Runic Pyramid","Cursed Key"],"picked":"Philosopher\u0027s Stone"},{"not_picked":["White Beast Statue","Astrolabe"],"picked":"Orrery"}],"items_purged_floors":[12,40,51,56],"is_endless":false,"potions_floor_spawned":[1,11,14,29,33,43,44,57],"ascension_level":6}