{"gold_per_floor":[115,130,130,144,160,189,339,339,339,339,299,124,168,183,183,183],"floor_reached":16,"playtime":350,"items_purged":["Doubt"],"score":220,"play_id":"596fb6b4-7318-47c5-9409-0b1bfda0d156","local_time":"20190725080801","is_ascension_mode":true,"campfire_choices":[{"floor":8,"key":"REST"},{"data":"Corruption","floor":15,"key":"SMITH"}],"neow_cost":"NONE","seed_source_timestamp":492194767205500,"circlet_count":0,"master_deck":["AscendersBane","Strike_R","Strike_R","Strike_R","Strike_R","Strike_R","Defend_R","Defend_R","Defend_R","Defend_R","Bash","Evolve","Barricade","Spot Weakness","Anger","Power Through","Pommel Strike","Corruption+1","Feel No Pain"],"relics":["Burning Blood","NeowsBlessing","Regal Pillow","Pear","Golden Idol","StoneCalendar"],"potions_floor_usage":[6,11,13],"damage_taken":[{"damage":0,"enemies":"2 Louse","floor":1,"turns":1},{"damage":0,"enemies":"Cultist","floor":2,"turns":1},{"damage":0,"enemies":"Jaw Worm","floor":4,"turns":1},{"damage":26,"enemies":"3 Louse","floor":5,"turns":5},{"damage":36,"enemies":"Gremlin Nob","floor":6,"turns":4},{"damage":2,"enemies":"Looter","floor":11,"turns":4},{"damage":42,"enemies":"3 Sentries","floor":13,"turns":7},{"damage":8,"enemies":"Large Slime","floor":14,"turns":6},{"damage":0,"enemies":"Slime Boss","floor":16,"turns":3}],"seed_played":"2123010708667087340","potions_obtained":[{"floor":2,"key":"Strength Potion"},{"floor":4,"key":"Swift Potion"}],"is_trial":false,"path_per_floor":["M","M","?","M","M","E","?","R","T","?","M","$","E","M","R","B"],"character_chosen":"IRONCLAD","items_purchased":["Corruption","PowerPotion"],"campfire_rested":1,"item_purchase_floors":[12,12],"current_hp_per_floor":[74,75,75,75,55,25,25,62,72,43,47,47,11,9,9,9],"gold":183,"neow_bonus":"THREE_ENEMY_KILL","is_prod":false,"is_daily":false,"chose_seed":false,"campfire_upgraded":1,"win_rate":0,"timestamp":1564009681,"path_taken":["M","M","?","?","?","E","?","R","T","?","M","$","E","M","R","BOSS"],"build_version":"2019-07-17","purchased_purges":1,"victory":false,"max_hp_per_floor":[75,75,75,75,75,75,75,75,85,85,85,85,85,85,85,85],"card_choices":[{"not_picked":["Flex","Sentinel","Intimidate"],"picked":"SKIP","floor":1},{"not_picked":["Clash","Shrug It Off"],"picked":"Evolve","floor":2},{"not_picked":["Hemokinesis","Power Through"],"picked":"Spot Weakness","floor":4},{"not_picked":["Pommel Strike","Body Slam"],"picked":"Anger","floor":5},{"not_picked":["Rampage","Twin Strike"],"picked":"Power Through","floor":6},{"not_picked":["Heavy Blade","Iron Wave"],"picked":"Pommel Strike","floor":11},{"not_picked":["Cleave","Demon Form"],"picked":"Feel No Pain","floor":13},{"not_picked":["Heavy Blade","Anger","Flex"],"picked":"SKIP","floor":14}],"player_experience":1188766,"relics_obtained":[{"floor":6,"key":"Regal Pillow"},{"floor":9,"key":"Pear"},{"floor":13,"key":"StoneCalendar"}],"event_choices":[{"damage_healed":0,"gold_gain":0,"player_choice":"1 cards matched","damage_taken":0,"max_hp_gain":0,"max_hp_loss":0,"event_name":"Match and Keep!","floor":3,"gold_loss":0,"cards_obtained":["Barricade"]},{"damage_healed":0,"gold_gain":150,"player_choice":"AGREE","damage_taken":0,"max_hp_gain":0,"max_hp_loss":0,"event_name":"Liars Game","floor":7,"gold_loss":0,"cards_obtained":["Doubt"]},{"damage_healed":0,"gold_gain":0,"player_choice":"Take Damage","damage_taken":29,"relics_obtained":["Golden Idol"],"max_hp_gain":0,"max_hp_loss":0,"event_name":"Golden Idol","floor":10,"gold_loss":0}],"is_beta":false,"boss_relics":[],"items_purged_floors":[12],"is_endless":false,"potions_floor_spawned":[2,4],"killed_by":"Slime Boss","ascension_level":20}