{"gold_per_floor":[109,184,334,334,399,425,505,505,577,577,10,10,60,110,110,188,188,204,23,123,139,154,188,188,216,242,292,292,307,341,391,391,391],"floor_reached":33,"playtime":690,"items_purged":["Doubt"],"score":669,"play_id":"5f4040ae-ca83-455e-9f50-80d3ed8a6e33","local_time":"20190722194843","is_ascension_mode":true,"campfire_choices":[{"data":"Bouncing Flask","floor":8.0,"key":"SMITH"},{"data":"Catalyst","floor":10.0,"key":"SMITH"},{"data":"Apotheosis","floor":12.0,"key":"SMITH"},{"data":"Footwork","floor":15.0,"key":"SMITH"},{"floor":24.0,"key":"REST"},{"data":"Catalyst","floor":28.0,"key":"SMITH"},{"data":"Calculated Gamble","floor":32.0,"key":"SMITH"}],"neow_cost":"NONE","seed_source_timestamp":274469030107799,"circlet_count":0,"master_deck":["AscendersBane","Strike_G","Strike_G","Strike_G","Strike_G","Strike_G","Defend_G","Defend_G","Defend_G","Defend_G","Defend_G","Survivor","Neutralize","Bouncing Flask+1","Calculated Gamble+1","Catalyst+1","Footwork+1","Apotheosis+1","Adrenaline","Deflect","Deadly Poison","Dagger Spray","Burst","Adrenaline","Catalyst+1","Deflect","Ghostly","Ghostly","Ghostly"],"special_seed":0,"relics":["Ring of the Snake","NeowsBlessing","SsserpentHead","The Courier","Tiny Chest","Meat on the Bone","Juzu Bracelet","TwistedFunnel","Strawberry","Black Star","Art of War","Letter Opener","Anchor","Frozen Egg 2","Dream Catcher","Omamori","Darkstone Periapt","WingedGreaves"],"potions_floor_usage":[],"damage_taken":[{"damage":0.0,"enemies":"Small Slimes","floor":1.0,"turns":1.0},{"damage":0.0,"enemies":"2 Louse","floor":5.0,"turns":1.0},{"damage":0.0,"enemies":"3 Sentries","floor":6.0,"turns":2.0},{"damage":30.0,"enemies":"Hexaghost","floor":16.0,"turns":6.0},{"damage":4.0,"enemies":"Shell Parasite","floor":18.0,"turns":3.0},{"damage":0.0,"enemies":"Spheric Guardian","floor":21.0,"turns":5.0},{"damage":12.0,"enemies":"Snake Plant","floor":22.0,"turns":3.0},{"damage":34.0,"enemies":"Slavers","floor":23.0,"turns":4.0},{"damage":16.0,"enemies":"Book of Stabbing","floor":25.0,"turns":4.0},{"damage":0.0,"enemies":"Shelled Parasite and Fungi","floor":29.0,"turns":3.0},{"damage":28.0,"enemies":"Slavers","floor":30.0,"turns":3.0},{"damage":30,"enemies":"Automaton","floor":33,"turns":4}],"seed_played":"7570884197072948182","potions_obtained":[{"floor":16.0,"key":"Strength Potion"},{"floor":21.0,"key":"SteroidPotion"},{"floor":25.0,"key":"Ancient Potion"},{"floor":30.0,"key":"LiquidBronze"}],"is_trial":false,"path_per_floor":["M","?","?","?","M","E","?","R","T","R","$","R","$","T","R","B",null,"M","$","?","M","M","E","R","E","T","?","R","M","E","?","R","B"],"character_chosen":"THE_SILENT","items_purchased":["Footwork","Juzu Bracelet","TwistedFunnel","Apotheosis","Art of War","Deflect"],"campfire_rested":1,"item_purchase_floors":[11,11,11,11,19,19],"current_hp_per_floor":[59,48,48,48,48,48,43,43,43,43,43,43,43,50,50,32,63,59,59,59,59,47,25,46,42,42,42,42,42,26,26,26,0],"gold":391,"neow_bonus":"THREE_ENEMY_KILL","is_prod":false,"is_daily":false,"chose_seed":false,"campfire_upgraded":6,"win_rate":0,"timestamp":1563792523,"path_taken":["M","?","?","?","?","E","?","R","T","R","$","R","?","?","R","BOSS","M","$","?","M","M","E","R","E","T","?","R","M","E","?","R","BOSS"],"build_version":"2019-07-17","purchased_purges":1,"victory":false,"max_hp_per_floor":[66,66,66,66,66,66,66,66,66,66,66,66,66,73,73,73,73,73,73,73,73,73,73,73,73,73,73,73,73,73,36,36,36],"card_choices":[{"not_picked":["Underhanded Strike","Bane"],"picked":"Bouncing Flask","floor":1.0},{"not_picked":["Underhanded Strike","Dagger Spray"],"picked":"Calculated Gamble","floor":5.0},{"not_picked":["Underhanded Strike","Bouncing Flask"],"picked":"Catalyst","floor":6.0},{"not_picked":["Envenom","Unload"],"picked":"Adrenaline","floor":16.0},{"not_picked":["Quick Slash","Finisher+1","All Out Attack"],"picked":"SKIP","floor":18.0},{"not_picked":["Acrobatics","Caltrops"],"picked":"Deadly Poison","floor":21.0},{"not_picked":["Terror","Expertise"],"picked":"Dagger Spray","floor":22.0},{"not_picked":["Sucker Punch","Dodge and Roll"],"picked":"Burst","floor":23.0},{"not_picked":["Flying Knee","Well Laid Plans"],"picked":"Adrenaline","floor":25.0},{"not_picked":["Bane","All Out Attack","Accuracy+1"],"picked":"SKIP","floor":29.0},{"not_picked":["Bouncing Flask","Blade Dance"],"picked":"Deflect","floor":30.0}],"player_experience":1138681,"relics_obtained":[{"floor":6.0,"key":"The Courier"},{"floor":9.0,"key":"Meat on the Bone"},{"floor":14.0,"key":"Strawberry"},{"floor":23.0,"key":"Letter Opener"},{"floor":23.0,"key":"Anchor"},{"floor":25.0,"key":"Frozen Egg 2"},{"floor":25.0,"key":"Dream Catcher"},{"floor":26.0,"key":"Omamori"},{"floor":30.0,"key":"Darkstone Periapt"},{"floor":30.0,"key":"WingedGreaves"}],"event_choices":[{"damage_healed":0.0,"max_hp_gain":0.0,"max_hp_loss":0.0,"gold_gain":75.0,"event_name":"World of Goop","player_choice":"Gather Gold","floor":2.0,"gold_loss":0.0,"damage_taken":11.0},{"damage_healed":0.0,"max_hp_gain":0.0,"max_hp_loss":0.0,"gold_gain":150.0,"event_name":"Liars Game","player_choice":"AGREE","floor":3.0,"gold_loss":0.0,"damage_taken":0.0,"cards_obtained":["Doubt"]},{"damage_healed":0.0,"max_hp_gain":0.0,"max_hp_loss":0.0,"gold_gain":0.0,"event_name":"FaceTrader","player_choice":"Trade","floor":4.0,"gold_loss":0.0,"damage_taken":0.0,"relics_obtained":["SsserpentHead"]},{"damage_healed":0.0,"max_hp_gain":0.0,"max_hp_loss":0.0,"gold_gain":0.0,"event_name":"Scrap Ooze","player_choice":"Success","floor":7.0,"gold_loss":0.0,"damage_taken":5.0,"relics_obtained":["Tiny Chest"]},{"damage_healed":0.0,"max_hp_gain":0.0,"max_hp_loss":0.0,"gold_gain":50.0,"event_name":"Golden Shrine","player_choice":"Pray","floor":20.0,"gold_loss":0.0,"damage_taken":0.0},{"damage_healed":0.0,"max_hp_gain":0.0,"max_hp_loss":0.0,"gold_gain":0.0,"event_name":"The Library","player_choice":"Read","floor":27.0,"gold_loss":0.0,"damage_taken":0.0,"cards_obtained":["Catalyst"]},{"damage_healed":0.0,"max_hp_gain":0.0,"max_hp_loss":37.0,"gold_gain":0.0,"event_name":"Ghosts","player_choice":"Became a Ghost","floor":31.0,"gold_loss":0.0,"damage_taken":0.0,"cards_obtained":["Ghostly","Ghostly","Ghostly"]}],"is_beta":false,"boss_relics":[{"not_picked":["Ring of the Serpent","WristBlade"],"picked":"Black Star"}],"items_purged_floors":[11],"is_endless":false,"potions_floor_spawned":[16,21,22,25,30],"killed_by":"Automaton","ascension_level":20}