{"gold_per_floor":[117,128,128,128,141,141,173,173,199,215,215,123,134,163,163,238,238,257,257,257,276,326,326,343,378,378,378,378,392,73,88,88,165,165,178,91,12,28,128,128,138,169,169,169],"floor_reached":44,"playtime":1676,"items_purged":["Strike_B","Defend_B","Defend_B"],"score":932,"play_id":"56317127-f82b-4478-86b7-64753af6a85c","local_time":"20190615185707","is_ascension_mode":true,"campfire_choices":[{"data":"Zap","floor":6.0,"key":"SMITH"},{"data":"Dualcast","floor":8,"key":"SMITH"},{"data":"Cold Snap","floor":11,"key":"SMITH"},{"data":"Defragment","floor":15,"key":"SMITH"},{"data":"Sunder","floor":23,"key":"SMITH"},{"data":"Blizzard","floor":27,"key":"SMITH"},{"data":"Defragment","floor":32,"key":"SMITH"},{"data":"Fission","floor":40,"key":"SMITH"}],"neow_cost":"TEN_PERCENT_HP_LOSS","seed_source_timestamp":100946319255200,"circlet_count":0,"master_deck":["AscendersBane","Defend_B","Zap+1","Dualcast+1","Cold Snap+1","Sunder+1","Defragment+1","Glacier","FTL","Blizzard+1","Turbo","Clumsy","Buffer","Self Repair","Defragment+1","Biased Cognition","Fission+1","Double Energy+1","White Noise","Coolheaded","Cold Snap+1"],"special_seed":0,"relics":["Cracked Core","Symbiotic Virus","Bag of Marbles","Bronze Scales","Smiling Mask","Empty Cage","Bag of Preparation","Question Card","Omamori","Cursed Key","Girya","The Courier"],"potions_floor_usage":[7,7,16,16,21,25,25,31,33,38,44],"damage_taken":[{"damage":1.0,"enemies":"Cultist","floor":1.0,"turns":4.0},{"damage":4.0,"enemies":"Small Slimes","floor":2.0,"turns":4.0},{"damage":2.0,"enemies":"Jaw Worm","floor":5.0,"turns":3.0},{"damage":8,"enemies":"Gremlin Nob","floor":7,"turns":3},{"damage":11,"enemies":"Exordium Thugs","floor":10,"turns":3},{"damage":1,"enemies":"Blue Slaver","floor":13,"turns":2},{"damage":17,"enemies":"3 Sentries","floor":14,"turns":5},{"damage":33,"enemies":"Slime Boss","floor":16,"turns":9},{"damage":2,"enemies":"Spheric Guardian","floor":18,"turns":3},{"damage":17,"enemies":"2 Thieves","floor":21,"turns":4},{"damage":1,"enemies":"Cultist and Chosen","floor":24,"turns":6},{"damage":11,"enemies":"Book of Stabbing","floor":25,"turns":4},{"damage":16,"enemies":"Snake Plant","floor":29,"turns":3},{"damage":0,"enemies":"Chosen and Byrds","floor":31,"turns":4},{"damage":3,"enemies":"Champ","floor":33,"turns":19},{"damage":22,"enemies":"Orb Walker","floor":35,"turns":3},{"damage":16,"enemies":"3 Darklings","floor":38,"turns":4},{"damage":0,"enemies":"Mind Bloom Boss Battle","floor":39,"turns":8},{"damage":0,"enemies":"Maw","floor":41,"turns":8},{"damage":35,"enemies":"Reptomancer","floor":42,"turns":6},{"damage":7,"enemies":"Giant Head","floor":44,"turns":9}],"seed_played":"-1315850648194144361","potions_obtained":[{"floor":2.0,"key":"FearPotion"},{"floor":5.0,"key":"Poison Potion"},{"floor":13,"key":"Dexterity Potion"},{"floor":14,"key":"Regen Potion"},{"floor":16,"key":"Regen Potion"},{"floor":18,"key":"Energy Potion"},{"floor":21,"key":"LiquidBronze"},{"floor":29,"key":"Explosive Potion"},{"floor":35,"key":"PowerPotion"},{"floor":42,"key":"Weak Potion"}],"is_trial":false,"path_per_floor":["M","M","?","T","M","R","E","R","T","M","R","$","M","E","R","B",null,"M","?","?","M","?","R","M","E","T","R","?","M","$","M","R","B",null,"M","$","$","M","?","R","M","E","T","E"],"character_chosen":"DEFECT","items_purchased":["Sunder","PowerPotion","Defragment","Omamori","PowerPotion","White Noise","Coolheaded"],"campfire_rested":0,"item_purchase_floors":[12,12,30,30,30,36,37],"current_hp_per_floor":[63,59,64,64,62,62,54,54,54,43,43,43,42,25,25,7,54,52,52,52,47,47,47,46,35,35,35,35,19,19,26,26,30,59,44,44,44,35,42,42,49,21,21,14],"gold":169,"neow_bonus":"REMOVE_TWO","is_prod":false,"is_daily":false,"chose_seed":false,"campfire_upgraded":8,"win_rate":0,"timestamp":1560592627,"path_taken":["M","?","?","?","M","R","E","R","T","?","R","$","M","E","R","BOSS","M","?","?","?","?","R","M","E","T","R","?","M","$","?","R","BOSS","M","?","$","M","?","R","M","E","T","E"],"build_version":"2019-01-23","purchased_purges":3,"victory":false,"max_hp_per_floor":[64,64,69,69,69,69,69,69,69,69,69,69,69,69,69,69,69,69,69,69,69,69,69,69,69,69,69,69,69,69,69,69,69,69,69,69,69,69,69,69,69,69,69,69],"card_choices":[{"not_picked":["Conserve Battery","Storm","Beam Cell"],"picked":"SKIP","floor":1.0},{"not_picked":["Go for the Eyes","Compile Driver","Sweeping Beam"],"picked":"SKIP","floor":2.0},{"not_picked":["Stack","Steam","Go for the Eyes"],"picked":"SKIP","floor":5.0},{"not_picked":["BootSequence","Coolheaded"],"picked":"Cold Snap","floor":7},{"not_picked":["Gash","Barrage","Redo"],"picked":"SKIP","floor":10},{"not_picked":["Chaos","Compile Driver","Hologram"],"picked":"SKIP","floor":13},{"not_picked":["Glacier","Force Field"],"picked":"Defragment","floor":14},{"not_picked":["Go for the Eyes","Hologram"],"picked":"Glacier","floor":18},{"not_picked":["Leap","Stack"],"picked":"FTL","floor":21},{"not_picked":["Compile Driver","Stack"],"picked":"Blizzard","floor":24},{"not_picked":["Leap","Static Discharge"],"picked":"Turbo","floor":25},{"not_picked":["Tempest","Cold Snap","Leap","Steam Power+1"],"picked":"SKIP","floor":29},{"not_picked":["Go for the Eyes","Beam Cell","Hologram"],"picked":"Biased Cognition","floor":31},{"not_picked":["Reboot","Machine Learning","Meteor Strike"],"picked":"Fission","floor":33},{"not_picked":["Sweeping Beam","Compile Driver","Steam+1"],"picked":"Double Energy+1","floor":35},{"not_picked":["Hologram","Compile Driver+1","Streamline+1","Barrage+1"],"picked":"SKIP","floor":38},{"not_picked":["Self Repair","Rip and Tear","Redo"],"picked":"Cold Snap+1","floor":39},{"not_picked":["Tempest","Leap","Rip and Tear","Biased Cognition"],"picked":"SKIP","floor":41},{"not_picked":["Redo","Static Discharge","Streamline","Hologram"],"picked":"SKIP","floor":42}],"player_experience":665925,"relics_obtained":[{"floor":4.0,"key":"Symbiotic Virus"},{"floor":7,"key":"Bag of Marbles"},{"floor":9,"key":"Bronze Scales"},{"floor":14,"key":"Smiling Mask"},{"floor":25,"key":"Bag of Preparation"},{"floor":26,"key":"Question Card"},{"floor":39,"key":"Girya"},{"floor":42,"key":"The Courier"}],"event_choices":[{"damage_healed":0.0,"max_hp_gain":5.0,"max_hp_loss":0.0,"gold_gain":0.0,"event_name":"Big Fish","player_choice":"Donut","floor":3.0,"gold_loss":0.0,"damage_taken":0.0},{"damage_healed":0,"gold_gain":0,"player_choice":"Ignored","damage_taken":0,"max_hp_gain":0,"max_hp_loss":0,"event_name":"Vampires","floor":19,"gold_loss":0},{"damage_healed":0,"gold_gain":0,"player_choice":"Got Potions","damage_taken":0,"max_hp_gain":0,"max_hp_loss":0,"event_name":"Lab","floor":20,"gold_loss":0},{"damage_healed":0,"gold_gain":50,"player_choice":"Stole From Cult","damage_taken":0,"max_hp_gain":0,"max_hp_loss":0,"event_name":"Nest","floor":22,"gold_loss":0},{"damage_healed":0,"gold_gain":0,"player_choice":"3 cards matched","damage_taken":0,"max_hp_gain":0,"max_hp_loss":0,"event_name":"Match and Keep!","floor":28,"gold_loss":0,"cards_obtained":["Clumsy","Buffer","Self Repair"]},{"damage_healed":0,"gold_gain":0,"player_choice":"Fight","damage_taken":0,"max_hp_gain":0,"max_hp_loss":0,"event_name":"MindBloom","floor":39,"gold_loss":0}],"is_beta":false,"boss_relics":[{"not_picked":["Busted Crown","Ectoplasm"],"picked":"Empty Cage"},{"not_picked":["Sozu","Pandora\u0027s Box"],"picked":"Cursed Key"}],"items_purged_floors":[30,36,37],"is_endless":false,"potions_floor_spawned":[2,5,13,14,16,18,21,29,35,42],"killed_by":"Giant Head","ascension_level":20}