{"gold_per_floor":[117,117,134,153,46,46,71,91,146,106],"floor_reached":10,"playtime":326,"items_purged":[],"score":136,"play_id":"0c00f1f8-bb11-4cd5-a7bd-c69c96dee626","local_time":"20190627191253","is_ascension_mode":true,"campfire_choices":[{"data":"Inflame","floor":6,"key":"SMITH"}],"neow_cost":"CURSE","seed_source_timestamp":62029212792200,"circlet_count":0,"master_deck":["AscendersBane","Strike_R","Strike_R","Strike_R","Strike_R","Strike_R","Defend_R","Defend_R","Defend_R","Defend_R","Bash","Feed","Sword Boomerang","Disarm","Exhume","Inflame+1","Shrug It Off","Armaments","Flame Barrier"],"relics":["Burning Blood","Dodecahedron","Omamori"],"potions_floor_usage":[8,8],"damage_taken":[{"damage":11,"enemies":"Jaw Worm","floor":1,"turns":7},{"damage":18,"enemies":"Small Slimes","floor":3,"turns":4},{"damage":9,"enemies":"2 Louse","floor":4,"turns":2},{"damage":32,"enemies":"Gremlin Nob","floor":7,"turns":4},{"damage":25,"enemies":"Gremlin Gang","floor":8,"turns":8},{"damage":0,"enemies":"Looter","floor":10,"turns":3}],"seed_played":"-6903163675049608941","potions_obtained":[{"floor":4,"key":"SpeedPotion"},{"floor":7,"key":"Ancient Potion"}],"is_trial":false,"path_per_floor":["M","?","M","M","$","R","E","M","T","M"],"character_chosen":"IRONCLAD","items_purchased":["Inflame","Shrug It Off"],"campfire_rested":0,"item_purchase_floors":[5,5],"current_hp_per_floor":[66,59,50,47,47,47,21,8,8,8],"gold":106,"neow_bonus":"THREE_RARE_CARDS","is_prod":false,"is_daily":false,"chose_seed":false,"campfire_upgraded":1,"win_rate":0,"timestamp":1561630373,"path_taken":["M","?","M","M","$","R","E","M","T","M"],"build_version":"2019-01-23","purchased_purges":0,"victory":false,"max_hp_per_floor":[78,78,81,81,81,81,81,87,87,87],"card_choices":[{"not_picked":["Limit Break","Offering"],"picked":"Feed","floor":0},{"not_picked":["Pommel Strike","Shrug It Off"],"picked":"Sword Boomerang","floor":1},{"not_picked":["Wild Strike","Dropkick"],"picked":"Disarm","floor":3},{"not_picked":["Ghostly Armor","Pommel Strike"],"picked":"Exhume","floor":4},{"not_picked":["Warcry","Sentinel"],"picked":"Armaments","floor":7},{"not_picked":["Warcry","Blood for Blood"],"picked":"Flame Barrier","floor":8}],"player_experience":835204,"relics_obtained":[{"floor":7,"key":"Dodecahedron"},{"floor":9,"key":"Omamori"}],"event_choices":[{"cards_removed":["Normality"],"damage_healed":0,"gold_gain":0,"player_choice":"Card Removal","damage_taken":7,"max_hp_gain":0,"max_hp_loss":0,"event_name":"Golden Wing","floor":2,"gold_loss":0}],"is_beta":false,"boss_relics":[],"items_purged_floors":[],"is_endless":false,"potions_floor_spawned":[4,7],"killed_by":"Looter","ascension_level":20}