{"gold_per_floor":[109,121,137,137,53,53,79,90,90,90,119,119],"floor_reached":12,"playtime":319,"items_purged":[],"score":176,"play_id":"d87bea2b-8726-47a4-b6b6-c64aac693856","local_time":"20190610135212","is_ascension_mode":true,"campfire_choices":[{"data":"Sunder","floor":6,"key":"SMITH"},{"floor":10,"key":"REST"}],"neow_cost":"TEN_PERCENT_HP_LOSS","seed_source_timestamp":173034183019800,"circlet_count":0,"master_deck":["AscendersBane","Strike_B","Strike_B","Strike_B","Strike_B","Defend_B","Defend_B+1","Defend_B","Defend_B","Zap+1","Dualcast","Consume","Cold Snap","Sunder+1","Defragment"],"relics":["Cracked Core","Bird Faced Urn","Mango","Singing Bowl","The Courier","War Paint"],"potions_floor_usage":[7,7,11],"damage_taken":[{"damage":1,"enemies":"Cultist","floor":1,"turns":3},{"damage":1,"enemies":"2 Louse","floor":2,"turns":3},{"damage":9,"enemies":"Jaw Worm","floor":3,"turns":4},{"damage":25,"enemies":"3 Sentries","floor":7,"turns":6},{"damage":24,"enemies":"Lots of Slimes","floor":8,"turns":4},{"damage":49,"enemies":"Gremlin Nob","floor":11,"turns":5},{"damage":2,"enemies":"3 Louse","floor":12,"turns":1}],"seed_played":"5960509340102375143","potions_obtained":[{"floor":2,"key":"Block Potion"},{"floor":3,"key":"Regen Potion"},{"floor":8,"key":"SpeedPotion"}],"is_trial":false,"path_per_floor":["M","M","M","?","$","R","E","M","T","R","E","M"],"character_chosen":"DEFECT","items_purchased":["Sunder"],"campfire_rested":1,"item_purchase_floors":[5],"current_hp_per_floor":[63,62,53,56,56,56,48,26,26,50,1,0],"gold":119,"neow_bonus":"ONE_RARE_RELIC","is_prod":false,"is_daily":false,"chose_seed":false,"campfire_upgraded":1,"win_rate":0,"timestamp":1560142332,"path_taken":["M","M","?","?","?","R","E","M","T","R","E","?"],"build_version":"2019-01-23","purchased_purges":0,"victory":false,"max_hp_per_floor":[64,64,64,78,78,78,80,82,82,82,82,82],"card_choices":[{"not_picked":["Redo","Reinforced Body","Auto Shields"],"picked":"SKIP","floor":1},{"not_picked":["Barrage","Sweeping Beam"],"picked":"Consume","floor":2},{"not_picked":["Scrape","Rip and Tear"],"picked":"Cold Snap","floor":3},{"not_picked":["Streamline","Go for the Eyes","Aggregate"],"picked":"Singing Bowl","floor":7},{"not_picked":["Heatsinks","Compile Driver","Storm"],"picked":"Singing Bowl","floor":8},{"not_picked":["Double Energy","Coolheaded"],"picked":"Defragment","floor":11}],"player_experience":545110,"relics_obtained":[{"floor":7,"key":"Singing Bowl"},{"floor":9,"key":"The Courier"},{"floor":11,"key":"War Paint"}],"event_choices":[{"damage_healed":0,"gold_gain":0,"player_choice":"Success","damage_taken":11,"relics_obtained":["Mango"],"max_hp_gain":0,"max_hp_loss":0,"event_name":"Scrap Ooze","floor":4,"gold_loss":0}],"is_beta":false,"boss_relics":[],"items_purged_floors":[],"is_endless":false,"potions_floor_spawned":[2,3,8],"killed_by":"3 Louse","ascension_level":20}