{"gold_per_floor":[114,124,124,13,24,24,24,56,56,56,69,69,94,108,108,185,185,204,204,39,39],"floor_reached":21,"playtime":773,"items_purged":[],"score":424,"play_id":"632ea8a3-21b9-4976-b48c-f886a951281e","local_time":"20190722192903","is_ascension_mode":true,"campfire_choices":[{"data":"Deadly Poison","floor":6,"key":"SMITH"},{"data":"Footwork","floor":10,"key":"SMITH"},{"data":"Neutralize","floor":12,"key":"SMITH"},{"data":"Calculated Gamble","floor":15,"key":"SMITH"}],"neow_cost":"TEN_PERCENT_HP_LOSS","seed_source_timestamp":273432042061300,"circlet_count":0,"master_deck":["AscendersBane","Strike_G","Strike_G","Strike_G","Defend_G","Defend_G","Defend_G","Defend_G","Defend_G","Survivor","Neutralize+1","Burst","Eviscerate","Deadly Poison+1","Blur","Footwork+1","Dagger Spray+1","Calculated Gamble+1","After Image","Escape Plan","A Thousand Cuts","Corpse Explosion"],"relics":["Ring of the Snake","GremlinMask","Bottled Flame","Strawberry","Regal Pillow","Sozu"],"potions_floor_usage":[8,11,16],"damage_taken":[{"damage":9,"enemies":"Small Slimes","floor":1,"turns":7},{"damage":0,"enemies":"Cultist","floor":2,"turns":3},{"damage":0,"enemies":"2 Louse","floor":5,"turns":3},{"damage":10,"enemies":"3 Sentries","floor":8,"turns":9},{"damage":1,"enemies":"Gremlin Gang","floor":11,"turns":5},{"damage":0,"enemies":"Lagavulin","floor":13,"turns":7},{"damage":7,"enemies":"Large Slime","floor":14,"turns":7},{"damage":13,"enemies":"Hexaghost","floor":16,"turns":11},{"damage":21,"enemies":"Shell Parasite","floor":18,"turns":7},{"damage":6,"enemies":"Chosen","floor":21,"turns":7}],"seed_played":"8994225490678563177","potions_obtained":[{"floor":2,"key":"SkillPotion"},{"floor":8,"key":"SkillPotion"},{"floor":11,"key":"Dexterity Potion"}],"is_trial":false,"path_per_floor":["M","M","?","$","M","R","?","E","T","R","M","R","E","M","R","B",null,"M","?","$","M"],"character_chosen":"THE_SILENT","items_purchased":["Footwork","Dagger Spray","Corpse Explosion"],"campfire_rested":0,"item_purchase_floors":[4,4,20],"current_hp_per_floor":[50,50,50,50,50,50,50,40,47,47,46,46,46,39,39,26,57,36,18,18,12],"gold":39,"neow_bonus":"TRANSFORM_TWO_CARDS","is_prod":false,"is_daily":false,"chose_seed":false,"campfire_upgraded":4,"win_rate":0,"timestamp":1563791343,"path_taken":["M","M","?","$","?","R","?","E","T","R","?","R","E","M","R","BOSS","M","?","$","M"],"build_version":"2019-07-17","purchased_purges":0,"victory":false,"max_hp_per_floor":[60,60,60,60,60,60,60,60,67,67,67,67,67,67,67,67,67,67,72,72,72],"card_choices":[{"not_picked":["PiercingWail","Cloak And Dagger"],"picked":"Deadly Poison","floor":1},{"not_picked":["Acrobatics","Quick Slash"],"picked":"Blur","floor":2},{"not_picked":["Deadly Poison","Flying Knee","Dodge and Roll"],"picked":"SKIP","floor":5},{"not_picked":["Skewer","Backflip"],"picked":"Calculated Gamble","floor":8},{"not_picked":["PiercingWail","Acrobatics"],"picked":"After Image","floor":11},{"not_picked":["Grand Finale","Concentrate","Dagger Throw"],"picked":"SKIP","floor":13},{"not_picked":["Flying Knee","Eviscerate"],"picked":"Escape Plan","floor":14},{"not_picked":["Wraith Form v2","Tools of the Trade"],"picked":"A Thousand Cuts","floor":16},{"not_picked":["Dagger Throw","Dagger Spray","Blade Dance"],"picked":"SKIP","floor":18}],"player_experience":1137672,"relics_obtained":[{"floor":8,"key":"Bottled Flame"},{"floor":9,"key":"Strawberry"},{"floor":13,"key":"Regal Pillow"}],"event_choices":[{"damage_healed":0,"gold_gain":0,"player_choice":"Trade","damage_taken":0,"relics_obtained":["GremlinMask"],"max_hp_gain":0,"max_hp_loss":0,"event_name":"FaceTrader","floor":3,"gold_loss":0},{"damage_healed":0,"gold_gain":0,"player_choice":"Upgraded","damage_taken":0,"max_hp_gain":0,"max_hp_loss":0,"event_name":"Upgrade Shrine","floor":7,"gold_loss":0,"cards_upgraded":["Dagger Spray"]},{"damage_healed":0,"gold_gain":0,"player_choice":"Shed Blood","damage_taken":23,"max_hp_gain":5,"max_hp_loss":0,"event_name":"Forgotten Altar","floor":19,"gold_loss":0}],"is_beta":false,"boss_relics":[{"not_picked":["Busted Crown","Velvet Choker"],"picked":"Sozu"}],"items_purged_floors":[],"is_endless":false,"potions_floor_spawned":[2,8,11],"killed_by":"Chosen","ascension_level":20}