{"gold_per_floor":[115,115,135,60,60,87,12,12,36,55,113,113,144,144,144,220,220,240,240,30,47,407,407,407,432,432,450,450,450,479,238,238,315,315,330,330,330,347,367,367],"floor_reached":40,"playtime":1159,"items_purged":["Regret","Writhe"],"score":891,"play_id":"27d32ea3-756a-4139-84ee-d56b8c48f2fa","local_time":"20190620200638","is_ascension_mode":true,"campfire_choices":[{"data":"Whirlwind","floor":8.0,"key":"SMITH"},{"data":"Armaments","floor":12.0,"key":"SMITH"},{"floor":15.0,"key":"REST"},{"floor":23.0,"key":"REST"},{"data":"Barricade","floor":24.0,"key":"SMITH"},{"floor":28.0,"key":"REST"},{"data":"Shrug It Off","floor":32.0,"key":"SMITH"}],"neow_cost":"NONE","seed_source_timestamp":81087675040500,"circlet_count":0,"master_deck":["AscendersBane","Strike_R","Strike_R","Defend_R","Defend_R","Defend_R","Defend_R","Bash+1","Evolve","Whirlwind+1","Shrug It Off+1","Armaments+1","Spot Weakness","Barricade+1","Disarm","Shrug It Off","Inflame+1","Feed","Metallicize+1","Infernal Blade+1"],"special_seed":0,"relics":["Burning Blood","NeowsBlessing","Boot","Oddly Smooth Stone","Centennial Puzzle","WingedGreaves","Pantograph","Velvet Choker","ClockworkSouvenir","Art of War","Bottled Tornado","Frozen Egg 2","Red Mask","Empty Cage"],"potions_floor_usage":[39],"damage_taken":[{"damage":0.0,"enemies":"Cultist","floor":1.0,"turns":1.0},{"damage":0.0,"enemies":"Small Slimes","floor":3.0,"turns":1.0},{"damage":0.0,"enemies":"Gremlin Nob","floor":6.0,"turns":1.0},{"damage":3.0,"enemies":"2 Louse","floor":10.0,"turns":2.0},{"damage":46.0,"enemies":"Lagavulin Event","floor":11.0,"turns":4.0},{"damage":32.0,"enemies":"Lagavulin","floor":13.0,"turns":8.0},{"damage":36.0,"enemies":"The Guardian","floor":16.0,"turns":13.0},{"damage":0.0,"enemies":"3 Byrds","floor":18.0,"turns":4.0},{"damage":15.0,"enemies":"Shell Parasite","floor":21.0,"turns":6.0},{"damage":7.0,"enemies":"Slavers","floor":25.0,"turns":2.0},{"damage":27.0,"enemies":"3 Cultists","floor":27.0,"turns":5.0},{"damage":15.0,"enemies":"Masked Bandits","floor":30.0,"turns":3.0},{"damage":34.0,"enemies":"Collector","floor":33.0,"turns":9.0},{"damage":2.0,"enemies":"3 Darklings","floor":35.0,"turns":5.0},{"damage":43.0,"enemies":"Orb Walker","floor":38.0,"turns":7.0},{"damage":20,"enemies":"Jaw Worm Horde","floor":39,"turns":7},{"damage":8,"enemies":"Reptomancer","floor":40,"turns":3}],"seed_played":"-2433862639418296446","potions_obtained":[{"floor":1.0,"key":"GamblersBrew"},{"floor":10.0,"key":"Strength Potion"},{"floor":11.0,"key":"GamblersBrew"},{"floor":25.0,"key":"PowerPotion"},{"floor":33.0,"key":"SteroidPotion"},{"floor":35.0,"key":"SpeedPotion"}],"is_trial":false,"path_per_floor":["M","?","M","?","?","E","$","R","T","M","?","R","E","?","R","B",null,"M","?","$","M","?","R","R","E","T","M","R","?","?","$","R","B",null,"M","?","?","M","M","E"],"character_chosen":"IRONCLAD","items_purchased":["ClockworkSouvenir","Inflame+1","Weak Potion"],"campfire_rested":3,"item_purchase_floors":[20,31,31],"current_hp_per_floor":[74,74,75,75,75,75,75,75,75,75,35,35,9,9,31,26,63,69,69,69,60,18,40,40,39,39,18,40,40,31,31,31,28,63,70,70,70,33,23,15],"gold":367,"neow_bonus":"THREE_ENEMY_KILL","is_prod":false,"is_daily":false,"chose_seed":false,"campfire_upgraded":4,"win_rate":0,"timestamp":1561028798,"path_taken":["M","?","M","?","?","E","?","R","T","?","?","R","E","?","R","BOSS","M","?","$","M","?","R","R","E","T","?","R","?","?","$","R","BOSS","M","?","?","M","?","E"],"build_version":"2019-01-23","purchased_purges":2,"victory":false,"max_hp_per_floor":[75,75,75,75,75,75,75,75,75,75,75,75,75,75,75,75,75,75,75,75,75,75,75,75,75,75,75,75,75,75,75,75,75,75,78,74,74,74,78,78],"card_choices":[{"not_picked":["Entrench","Cleave"],"picked":"Hemokinesis","floor":1.0},{"not_picked":["Sever Soul","Twin Strike"],"picked":"Evolve","floor":3.0},{"not_picked":["Corruption","Brutality"],"picked":"Whirlwind","floor":6.0},{"not_picked":["Anger","Wild Strike"],"picked":"Shrug It Off","floor":10.0},{"not_picked":["Heavy Blade","Anger"],"picked":"Armaments","floor":11.0},{"not_picked":["Hemokinesis","Armaments"],"picked":"Spot Weakness","floor":13.0},{"not_picked":["Feed","Brutality"],"picked":"Barricade","floor":16.0},{"not_picked":["Thunderclap","Pummel"],"picked":"Disarm","floor":18.0},{"not_picked":["Clash+1","Clothesline","Blood for Blood"],"picked":"SKIP","floor":21.0},{"not_picked":["Anger","Sword Boomerang"],"picked":"Shrug It Off","floor":25.0},{"not_picked":["Thunderclap","Pummel","Pommel Strike"],"picked":"SKIP","floor":27.0},{"not_picked":["Immolate","Bludgeon"],"picked":"Feed","floor":33.0},{"not_picked":["Pommel Strike","Shrug It Off","Cleave"],"picked":"SKIP","floor":35.0},{"not_picked":["Perfected Strike","Warcry"],"picked":"Metallicize+1","floor":38.0},{"not_picked":["Heavy Blade","Havoc"],"picked":"Infernal Blade+1","floor":39}],"player_experience":718769,"relics_obtained":[{"floor":6.0,"key":"Oddly Smooth Stone"},{"floor":9.0,"key":"Centennial Puzzle"},{"floor":11.0,"key":"WingedGreaves"},{"floor":13.0,"key":"Pantograph"},{"floor":25.0,"key":"Art of War"},{"floor":26.0,"key":"Bottled Tornado"},{"floor":30.0,"key":"Red Mask"}],"event_choices":[{"damage_healed":0.0,"max_hp_gain":0.0,"max_hp_loss":0.0,"gold_gain":0.0,"cards_transformed":["Strike_R"],"event_name":"Living Wall","player_choice":"Change","floor":2.0,"gold_loss":0.0,"damage_taken":0.0,"cards_obtained":["Heavy Blade"]},{"cards_removed":["Heavy Blade"],"damage_healed":0.0,"max_hp_gain":0.0,"max_hp_loss":0.0,"gold_gain":0.0,"event_name":"The Cleric","player_choice":"Card Removal","floor":4.0,"gold_loss":75.0,"damage_taken":0.0},{"damage_healed":0.0,"max_hp_gain":0.0,"max_hp_loss":0.0,"gold_gain":0.0,"event_name":"Big Fish","player_choice":"Box","floor":5.0,"gold_loss":0.0,"damage_taken":0.0,"relics_obtained":["Boot"],"cards_obtained":["Regret"]},{"damage_healed":0.0,"max_hp_gain":0.0,"max_hp_loss":0.0,"gold_gain":0.0,"event_name":"Dead Adventurer","player_choice":"Searched \u00272\u0027 times","floor":11.0,"gold_loss":0.0,"damage_taken":0.0},{"damage_healed":0.0,"max_hp_gain":0.0,"max_hp_loss":0.0,"gold_gain":0.0,"event_name":"Accursed Blacksmith","player_choice":"Forge","floor":14.0,"gold_loss":0.0,"damage_taken":0.0,"cards_upgraded":["Bash"]},{"damage_healed":0.0,"max_hp_gain":0.0,"max_hp_loss":0.0,"gold_gain":0.0,"event_name":"Vampires","player_choice":"Ignored","floor":19.0,"gold_loss":0.0,"damage_taken":0.0},{"damage_healed":0.0,"max_hp_gain":0.0,"max_hp_loss":0.0,"gold_gain":360.0,"event_name":"Knowing Skull","player_choice":"GOLD GOLD GOLD GOLD POTION ","floor":22.0,"potions_obtained":["SteroidPotion"],"gold_loss":0.0,"damage_taken":42.0,"cards_obtained":[]},{"damage_healed":0.0,"max_hp_gain":0.0,"max_hp_loss":0.0,"gold_gain":0.0,"event_name":"The Mausoleum","player_choice":"Opened","floor":29.0,"gold_loss":0.0,"damage_taken":0.0,"relics_obtained":["Frozen Egg 2"],"cards_obtained":["Writhe"]},{"damage_healed":0.0,"max_hp_gain":0.0,"max_hp_loss":0.0,"gold_gain":0.0,"event_name":"Masked Bandits","player_choice":"Fought Bandits","floor":30.0,"gold_loss":0.0,"damage_taken":0.0},{"damage_healed":0.0,"max_hp_gain":0.0,"max_hp_loss":4.0,"gold_gain":0.0,"event_name":"Winding Halls","player_choice":"Max HP","floor":36.0,"gold_loss":0.0,"damage_taken":0.0},{"cards_removed":["Strike_R"],"damage_healed":0.0,"max_hp_gain":0.0,"max_hp_loss":0.0,"gold_gain":0.0,"event_name":"Falling","player_choice":"Removed Attack","floor":37.0,"gold_loss":0.0,"damage_taken":0.0}],"is_beta":false,"boss_relics":[{"not_picked":["Busted Crown","Fusion Hammer"],"picked":"Velvet Choker"},{"not_picked":["Orrery","Tiny House"],"picked":"Empty Cage"}],"items_purged_floors":[7,31],"is_endless":false,"potions_floor_spawned":[1,10,11,25,33,35],"killed_by":"Reptomancer","ascension_level":20}