{"gold_per_floor":[118,32,32,32,51,79,79,95,146,146,156,156,176,210,210,315,315,334,25,36,54,54,87,87,87,87,101,115,115,149,16,16,120,120,130,230,250,263,275,275,290,290,317,143,143,243,1,35,35,35],"floor_reached":50,"playtime":3686,"items_purged":[],"score":828,"play_id":"232f9b2b-c180-4a55-ab15-8c4c5f5f188a","local_time":"20190608111745","is_ascension_mode":true,"campfire_choices":[{"data":"Discovery","floor":7.0,"key":"SMITH"},{"floor":12.0,"key":"REST"},{"floor":15.0,"key":"REST"},{"floor":24.0,"key":"REST"},{"floor":29.0,"key":"REST"},{"floor":32.0,"key":"REST"},{"floor":40.0,"key":"REST"},{"data":"After Image","floor":45,"key":"SMITH"},{"floor":49,"key":"REST"}],"neow_cost":"NONE","seed_source_timestamp":0,"circlet_count":0,"master_deck":["Defend_G","Defend_G","Defend_G","Defend_G","Defend_G","Strike_G","Strike_G","Strike_G","Strike_G","Strike_G","Survivor","Neutralize","Discovery+1","Escape Plan","Cloak And Dagger","Slice","Noxious Fumes","Noxious Fumes","Corpse Explosion","Die Die Die","Cloak And Dagger","Predator","Slice","Burst","Apotheosis","Jack Of All Trades","Deadly Poison","Leg Sweep","Flying Knee+1","Crippling Poison","After Image+1","Bane","Dramatic Entrance","Night Terror","Predator+1","Crippling Poison","Deflect","Calculated Gamble+1","Panache","Catalyst+1","Swift Strike","Poisoned Stab+1"],"special_seed":0,"relics":["Ring of the Snake","NeowsBlessing","Strawberry","Boot","Mercury Hourglass","Orrery","Gambling Chip","Gremlin Horn","Vajra","WristBlade","Snake Skull","Incense Burner","Ancient Tea Set","Anchor"],"potions_floor_usage":[48,48,50],"damage_taken":[{"damage":0.0,"enemies":"Jaw Worm","floor":1.0,"turns":1.0},{"damage":0.0,"enemies":"Cultist","floor":5.0,"turns":1.0},{"damage":0.0,"enemies":"Gremlin Nob","floor":6.0,"turns":1.0},{"damage":4.0,"enemies":"2 Louse","floor":8.0,"turns":4.0},{"damage":9.0,"enemies":"Exordium Wildlife","floor":11.0,"turns":6.0},{"damage":0.0,"enemies":"Looter","floor":13.0,"turns":3.0},{"damage":22.0,"enemies":"3 Sentries","floor":14.0,"turns":6.0},{"damage":19.0,"enemies":"Hexaghost","floor":16.0,"turns":8.0},{"damage":23.0,"enemies":"Spheric Guardian","floor":18.0,"turns":4.0},{"damage":0.0,"enemies":"Chosen","floor":20.0,"turns":5.0},{"damage":12.0,"enemies":"Snecko","floor":21.0,"turns":5.0},{"damage":22.0,"enemies":"Book of Stabbing","floor":23.0,"turns":5.0},{"damage":22.0,"enemies":"Snake Plant","floor":27.0,"turns":5.0},{"damage":5.0,"enemies":"Sentry and Sphere","floor":28.0,"turns":3.0},{"damage":0.0,"enemies":"Gremlin Leader","floor":30.0,"turns":5.0},{"damage":44.0,"enemies":"Champ","floor":33.0,"turns":11.0},{"damage":11.0,"enemies":"3 Shapes","floor":35.0,"turns":5.0},{"damage":0.0,"enemies":"Orb Walker","floor":37.0,"turns":4.0},{"damage":28.0,"enemies":"Sphere and 2 Shapes","floor":38.0,"turns":6.0},{"damage":8.0,"enemies":"Jaw Worm Horde","floor":39.0,"turns":4.0},{"damage":44,"enemies":"Writhing Mass","floor":41,"turns":7},{"damage":0,"enemies":"Mind Bloom Boss Battle","floor":46,"turns":8},{"damage":16,"enemies":"Giant Head","floor":48,"turns":7},{"damage":72,"enemies":"Awakened One","floor":50,"turns":14}],"seed_played":"5625459400291011241","potions_obtained":[{"floor":5.0,"key":"Weak Potion"},{"floor":11.0,"key":"Weak Potion"},{"floor":13.0,"key":"Energy Potion"},{"floor":16.0,"key":"Swift Potion"},{"floor":18.0,"key":"LiquidBronze"},{"floor":21.0,"key":"Fruit Juice"},{"floor":27.0,"key":"GhostInAJar"},{"floor":28.0,"key":"GamblersBrew"},{"floor":30.0,"key":"Regen Potion"},{"floor":35.0,"key":"FearPotion"},{"floor":41,"key":"Block Potion"},{"floor":46,"key":"Fire Potion"},{"floor":48,"key":"GhostInAJar"}],"is_trial":false,"path_per_floor":["M","$","?","$","M","E","R","M","T","?","M","R","M","E","R","B",null,"M","$","M","M","?","E","R","?","T","M","M","R","E","$","R","B",null,"M","?","M","M","M","R","M","?","T","$","R","?","$","E","R","B"],"character_chosen":"THE_SILENT","items_purchased":["Discovery","Apotheosis","PowerPotion","Jack Of All Trades","Bane","Dramatic Entrance","Panache","Ancient Tea Set","Swift Strike"],"campfire_rested":7,"item_purchase_floors":[2,19,19,19,31,31,44,47,47],"current_hp_per_floor":[63,63,63,63,63,70,70,66,66,66,57,77,77,55,77,58,72,49,49,49,42,42,20,44,71,71,49,44,68,68,68,82,38,71,60,60,60,47,39,63,19,72,72,72,72,72,72,56,72,0],"gold":35,"neow_bonus":"THREE_ENEMY_KILL","is_prod":false,"is_daily":false,"chose_seed":false,"campfire_upgraded":2,"win_rate":0,"timestamp":1559981865,"path_taken":["M","$","?","?","M","E","R","M","T","?","M","R","M","E","R","BOSS","M","$","M","M","?","E","R","?","T","M","?","R","E","$","R","BOSS","M","?","M","?","M","R","M","?","T","$","R","?","$","E","R","BOSS"],"build_version":"2019-01-23","purchased_purges":0,"victory":false,"max_hp_per_floor":[70,70,70,70,70,77,77,77,77,77,77,77,77,77,77,77,77,77,77,77,82,82,82,82,82,82,82,82,82,82,82,82,82,82,82,82,82,82,82,82,82,72,72,72,72,72,72,72,72,72],"card_choices":[{"not_picked":["Outmaneuver","Acrobatics","Deflect"],"picked":"SKIP","floor":1.0},{"not_picked":["Cloak And Dagger","Well Laid Plans"],"picked":"Escape Plan","floor":5.0},{"not_picked":["Acrobatics","Backflip"],"picked":"Cloak And Dagger","floor":6.0},{"not_picked":["Prepared","Dash"],"picked":"Slice","floor":8.0},{"not_picked":["Deflect","Dash"],"picked":"Noxious Fumes","floor":11.0},{"not_picked":["Bane","Prepared"],"picked":"Noxious Fumes","floor":13.0},{"not_picked":["Deflect","Underhanded Strike"],"picked":"Corpse Explosion","floor":14.0},{"not_picked":["Wraith Form v2","Malaise"],"picked":"Die Die Die","floor":16.0},{"not_picked":["Dagger Throw","Dagger Spray"],"picked":"Cloak And Dagger","floor":17.0},{"not_picked":["Flying Knee","Concentrate"],"picked":"Predator","floor":17.0},{"not_picked":["Footwork","PiercingWail"],"picked":"Slice","floor":17.0},{"not_picked":["Quick Slash","Dagger Spray+1"],"picked":"Burst","floor":18.0},{"not_picked":["Backflip","Underhanded Strike"],"picked":"Deadly Poison","floor":20.0},{"not_picked":["Dodge and Roll","Blade Dance+1","Distraction"],"picked":"SKIP","floor":21.0},{"not_picked":["Dodge and Roll","Caltrops"],"picked":"Leg Sweep","floor":23.0},{"not_picked":["Sucker Punch","Outmaneuver"],"picked":"Flying Knee+1","floor":27.0},{"not_picked":["Prepared","Riddle With Holes+1"],"picked":"Crippling Poison","floor":28.0},{"not_picked":["Finisher","Backstab"],"picked":"After Image","floor":30.0},{"not_picked":["Wraith Form v2","Die Die Die"],"picked":"Night Terror","floor":33.0},{"not_picked":["Finisher","Prepared"],"picked":"Predator+1","floor":35.0},{"not_picked":["Dodge and Roll+1","Reflex"],"picked":"Crippling Poison","floor":37.0},{"not_picked":["Prepared+1","Choke"],"picked":"Deflect","floor":38.0},{"not_picked":["Concentrate","Flechettes+1"],"picked":"Calculated Gamble+1","floor":39.0},{"not_picked":["Dodge and Roll","Backflip","Acrobatics+1"],"picked":"SKIP","floor":41},{"not_picked":["Dodge and Roll+1","Adrenaline"],"picked":"Catalyst+1","floor":46},{"not_picked":["Flechettes+1","Deflect+1"],"picked":"Poisoned Stab+1","floor":48}],"player_experience":1479992,"relics_obtained":[{"floor":6.0,"key":"Strawberry"},{"floor":9.0,"key":"Boot"},{"floor":14.0,"key":"Mercury Hourglass"},{"floor":23.0,"key":"Gambling Chip"},{"floor":26.0,"key":"Gremlin Horn"},{"floor":30.0,"key":"Vajra"},{"floor":43,"key":"Snake Skull"},{"floor":46,"key":"Incense Burner"},{"floor":48,"key":"Anchor"}],"event_choices":[{"damage_healed":0.0,"max_hp_gain":0.0,"max_hp_loss":0.0,"gold_gain":0.0,"event_name":"Purifier","player_choice":"Ignored","floor":3.0,"gold_loss":0.0,"damage_taken":0.0},{"damage_healed":0.0,"max_hp_gain":0.0,"max_hp_loss":0.0,"gold_gain":0.0,"event_name":"The Cleric","player_choice":"Leave","floor":10.0,"gold_loss":0.0,"damage_taken":0.0},{"damage_healed":0.0,"max_hp_gain":0.0,"max_hp_loss":0.0,"gold_gain":0.0,"event_name":"Cursed Tome","player_choice":"Ignored","floor":22.0,"gold_loss":0.0,"damage_taken":0.0},{"damage_healed":27.0,"max_hp_gain":0.0,"max_hp_loss":0.0,"gold_gain":0.0,"event_name":"The Library","player_choice":"Heal","floor":25.0,"gold_loss":0.0,"damage_taken":0.0},{"damage_healed":0.0,"max_hp_gain":0.0,"max_hp_loss":0.0,"gold_gain":100.0,"event_name":"Golden Shrine","player_choice":"Pray","floor":36.0,"gold_loss":0.0,"damage_taken":0.0},{"damage_healed":72,"gold_gain":0,"player_choice":"Heal","damage_taken":0,"max_hp_gain":0,"max_hp_loss":10,"event_name":"The Moai Head","floor":42,"gold_loss":0},{"damage_healed":0,"gold_gain":0,"player_choice":"Fight","damage_taken":0,"max_hp_gain":0,"max_hp_loss":0,"event_name":"MindBloom","floor":46,"gold_loss":0}],"is_beta":false,"boss_relics":[{"not_picked":["Busted Crown","Eternal Feather"],"picked":"Orrery"},{"not_picked":["Snecko Eye","Black Star"],"picked":"WristBlade"}],"items_purged_floors":[],"is_endless":false,"potions_floor_spawned":[5,11,13,16,18,21,27,28,30,35,41,46,48],"killed_by":"Awakened One","ascension_level":7}